2642 4175
280 357 347 414 444
597 366 763 414 nummu
781 367 805 411 1.

233 478 314 551 tam,
335 486 399 535 neo
413 466 568 535 absolute
586 464 675 554 ungit
690 475 818 555 purtem
835 463 876 532 ml
894 458 1174 546 contrabendum,

233 560 291 629 aad
312 557 423 641 ficit,
446 571 495 641 ut,
517 557 620 635 inrito
637 559 761 640 animo,
782 556 980 640 mosenum,
1005 566 1038 626 et
1059 567 1175 625 centua

235 652 375 741 proinde
392 653 467 720 eiua
487 651 650 720 libertatis
670 652 793 740 gradus
820 649 1057 738 periniurium
1077 650 1176 717 tolla·

234 756 301 813 tur.
324 744 405 814 Cum
425 764 503 814 uero
523 745 631 814 Codex
649 756 714 813 art.
736 740 829 811 1108
847 755 972 813 atatunt
991 745 1027 811 in
1045 758 1173 830 quaele,

232 856 433 907 uenenorum
450 847 540 907 metu
561 836 652 925 gravi
672 849 707 906 et
724 836 847 905 iniusto
868 847 1031 904 extortum
1046 839 1081 903 in
1094 854 1175 903 oon-

234 930 400 999 troetibua·
414 930 557 999 validum
576 950 643 999 non
661 930 835 1019 reputari,
858 948 964 1018 prono
995 927 1061 996 iarn
1080 926 1175 996 alveo

231 1023 405 1093 imoendit
423 1022 629 1092 matrimonii
647 1023 749 1092 etiam
769 1033 977 1091 oontmutum
1000 1020 1175 1088 huiuamo-

232 1112 268 1184 rli
283 1129 374 1186 rnetu
392 1116 512 1186 initum
533 1136 601 1185 non
620 1115 814 1199 oonaiatere,
830 1135 876 1185 uo.
885 1114 1025 1204 proinde
1039 1113 1173 1181 nullum

234 1209 414 1293 effectum,
435 1210 630 1299 nullamque
657 1208 893 1298 obligationem
916 1227 1045 1296 parere.
1067 1207 1175 1274 lletna

235 1302 345 1390 gratis
376 1314 457 1371 tune
485 1302 627 1370 babetur
645 1314 709 1370 ort.
729 1300 834 1369 llll:
859 1300 998 1382 Quando
1025 1302 1043 1367 ὲ
1069 1299 1107 1365 di
1125 1300 1178 1368 tul

233 1403 358 1465 notura
376 1396 421 1463 do
439 1396 511 1483 sore
530 1395 740 1484 imparatione
758 1412 855 1483 supro
870 1412 1090 1482 oenomaum
1106 1410 1179 1459 sera·

232 1497 332 1570 ratu,
352 1509 369 1556 e
386 1490 430 1555 du
451 1488 574 1576 poton
599 1489 745 1556 incutere
773 1487 979 1575 roqiuneoole
1004 1486 1119 1554 timore
1136 1485 1178 1552 di

233 1598 364 1669 erpoino
381 1583 415 1648 ab
433 1600 449 1647 e
469 1581 499 1648 le
517 1600 574 1648 oue
601 1589 750 1649 aramme
774 1581 820 1648 od
836 1602 883 1647 un
900 1579 990 1646 mole
1015 1577 1174 1646 notabile.

151 1680 157 1691 '
235 1673 278 1742 Si
299 1673 343 1740 lan
360 1673 518 1761 riqrmrdo
536 1673 572 1740 in
591 1682 707 1762 queem
725 1674 866 1741 materia
885 1671 1177 1755 attentatarum,

233 1766 276 1834 od
293 1766 364 1843 olle
382 1765 570 1835 condiziooe
599 1767 683 1835 delle
712 1784 860 1856 persone.
884 1788 899 1831 a
922 1764 1091 1846 Quaenam
1117 1764 1178 1831 de·

237 1860 339 1928 boum
367 1862 594 1941 oenomaum,
617 1870 654 1927 ut
671 1872 779 1928 metus
798 1859 906 1948 gravit
935 1859 1002 1941 alt,
1024 1870 1062 1926 en
1081 1856 1177 1925 bisce

239 1950 350 2021 vorbis
367 1963 482 2041 auerte
495 1952 614 2041 liquet,
629 1971 669 2020 en
686 1952 809 2042 quibus
824 1952 952 2042 puriter
964 1950 1179 2018 manifestum

238 2056 301 2130 ert,
327 2045 501 2135 prudentie
530 2044 649 2114 iudicia
668 2045 807 2115 urbitrlo
826 2044 996 2135 relinqui,
1014 2041 1105 2112 utin
1121 2062 1181 2111 oo·

240 2139 333 2209 sibus
356 2139 581 2228 peculioribuo
601 2139 781 2228 diligenter
799 2138 963 2229 inspiciat,
985 2155 1024 2206 ao
1038 2155 1181 2225 perpen-
1264 2159 1267 2165 ¹

124 2247 129 2256 ·
184 2270 187 2276 =
239 2233 295 2302 rlet
313 2251 533 2321 personarum
555 2251 689 2315 aerum,
709 2233 946 2315 conditionem,
969 2239 1125 2312 aetutem,
1141 2249 1179 2296 a·

239 2324 322 2393 nimi
342 2325 468 2407 robur,
489 2326 641 2414 aliaeque
659 2324 949 2407 circumstantiae,
973 2336 1007 2392 et
1024 2343 1064 2391 ex
1083 2322 1125 2391 iis
1141 2341 1180 2389 o-

240 2415 373 2500 mnibus
389 2417 537 2501 deliniat,
553 2437 634 2487 num
648 2429 759 2488 metuo
775 2417 884 2507 grauis
895 2416 1008 2499 buerit,
1022 2415 1074 2484 vel
1085 2414 1179 2483 levis.

239 2509 274 2578 Si
287 2510 379 2578 enim
395 2510 475 2579 levia
491 2522 600 2579 metus
617 2511 731 2595 luerit,
749 2512 921 2581 autetiam
941 2508 1180 2586 reverentiam,
1251 2509 1258 2512 “

241 2615 278 2671 ut
297 2602 413 2685 aiunt,
437 2623 504 2691 quo
527 2604 664 2672 nomine
696 2603 895 2691 intelligitur
924 2601 1125 2672 existimatio
1144 2613 1181 2669 et

240 2695 383 2762 lormldo
400 2695 491 2777 mali,
517 2698 607 2785 qood
625 2697 781 2767 timemus
801 2698 842 2766 ab
858 2697 911 2779 iis,
929 2713 1073 2785 quorum
1094 2692 1181 2782 legi·

243 2786 344 2856 timae
365 2789 519 2876 potestati
538 2789 670 2859 obnoxii
689 2809 817 2874 aurona,
839 2790 903 2862 nisi
927 2803 1044 2859 eorum
1062 2787 1181 2855 vulun-

238 2880 301 2951 tati
317 2881 608 2970 obtemperemus,
630 2885 777 2972 prolueto
798 2883 975 2952 uiuendum
995 2891 1046 2950 eat
1062 2879 1182 2948 matri-

243 2974 391 3043 monium
411 2975 504 3043 nullo
521 2986 618 3065 paeto
637 2977 777 3060 dirimi,
799 2976 980 3045 dummodo
1004 2969 1107 3043 timor
1126 2989 1181 3040 re-

241 3067 431 3137 uerentialio
447 3089 465 3136 a
481 3069 574 3157 gnari
595 3070 854 3139 uomminatione
871 3071 1021 3138 neetnsus
1038 3083 1181 3155 prorsus

242 3153 310 3243 slt·,
331 3161 421 3250 quod
439 3162 574 3230 eruitur
593 3161 693 3231 etiarn
714 3181 752 3231 en
772 3176 835 3231 nrt.
857 3159 961 3245 llll,
984 3159 1041 3229 obi
1062 3157 1182 3226 statui-

242 3264 312 3336 tnr3
327 3251 363 3321 vll
381 3249 449 3322 selo
468 3256 583 3324 ttoaone
600 3257 835 3340 rtoerotriote,
855 3271 951 3325 reozo
979 3252 1035 3322 abe
1061 3253 1113 3320 oio
1130 3252 1183 3318 'in

243 3347 586 3433 teromaotooioleuza,
602 3363 669 3418 noo
690 3350 783 3418 bauto
798 3369 860 3440 per
876 3346 1055 3417 annullare
1067 3343 1097 3430 il
1110 3354 1183 3413 obta-

290 3530 401 3599 lltera
417 3551 542 3618 oaueu,
567 3553 654 3624 quae
673 3533 832 3607 ualidituti
855 3493 1061 3603 matrimonii
1083 3548 1183 3621 prae·
