2642 4175
404 320 448 364 nn
466 319 701 367 manomunrts
720 320 920 367 utraruonn
1018 310 1082 367 211

185 418 297 490 fanias
319 428 356 486 ut
376 415 506 486 uxori.»
527 415 700 503 Similiter,
716 416 749 489 in
769 439 840 508 cap.
857 416 1075 492 Stortrtctvtr
1089 421 1137 492 De

185 536 236 583 eo
256 511 314 602 qui
329 512 407 580 dux.
430 510 463 580 in
483 510 646 595 matrim„
660 533 755 583 casus
770 525 820 582 est
836 513 877 586 de
896 514 978 598 viro,
999 511 1056 605 qui
1074 516 1136 585 du·
1165 511 1171 516 ’

187 609 272 697 plen
303 604 551 674 matrimonium
569 604 748 689 ¹iniverat;
770 606 919 696 primum
943 609 1134 698 compulsus

188 714 311 782 metu,
335 699 477 767 alterum
498 700 585 767 ultro
607 711 638 768 et
670 711 786 789 sponte
814 722 899 784 sua,
929 716 1134 793 rogatusque

189 792 371 874 Pontifex,
397 803 510 861 utrum
543 792 688 862 validum
711 805 821 876 esset,
843 795 1036 886 rescripsit:
1061 821 1076 862 ‹
1100 794 1158 865 Si·

189 885 395 969 eonstiterit,
412 887 499 975 quod
521 893 609 955 tauta
623 885 670 957 vis
685 887 793 955 eidem
811 886 901 957 illata
918 888 1031 971 luerit,
1045 892 1133 979 quod

188 1002 263 1049 nou
277 992 392 1070 sponte
407 981 440 1049 in
458 979 599 1069 primam
613 980 829 1064 consenserit,
845 993 981 1070 propter
992 982 1055 1050 hoo
1067 1003 1134 1054 non

186 1073 354 1158 dimittas,
387 1074 468 1163 quin
496 1074 535 1141 ad
554 1073 665 1152 aliam,
683 1094 783 1162 quam
804 1085 916 1162 postea
944 1073 1134 1159 innuerem

188 1167 347 1255 aceepit,
378 1166 564 1236 revertendi
585 1166 726 1237 liberam
746 1166 873 1237 tribuas
892 1169 1096 1238 facultatem.
1116 1193 1130 1233 t

83 1285 89 1289 ⁴
185 1259 283 1329 Nihil
305 1272 415 1329 autem
430 1259 543 1341 refert,
560 1281 602 1332 an
617 1271 724 1334 metus
743 1260 851 1357 gravis
866 1260 907 1329 ab
921 1283 960 1331 eo
974 1261 1059 1351 ipso,
1075 1263 1133 1351 qui

189 1353 445 1424 matrimonium
479 1365 633 1441 exoptat,
653 1375 695 1422 an
722 1353 847 1444 absque
866 1354 938 1424 eius
961 1355 1056 1444 eulpa
1076 1368 1135 1428 aut

185 1447 332 1518 scientia
352 1468 392 1516 en
412 1446 658 1535 consanguineo
673 1447 723 1516 vel
740 1447 866 1532 amieo,
889 1461 947 1518 aut
965 1448 1029 1518 alio
1050 1469 1133 1538 quo·

125 1619 128 1624 ,
186 1561 340 1629 numque
361 1539 534 1609 inferatur.
555 1539 684 1608 Etenim
704 1539 794 1610 Sacri
811 1540 960 1611 Cauones
979 1562 1047 1614 non
1065 1555 1130 1614 tarn

186 1635 229 1703 in
249 1634 362 1704 odium
383 1633 484 1717 illius,
507 1633 565 1723 qui
585 1633 706 1702 iniuste
727 1644 850 1704 metum
870 1633 1010 1717 incutit,
1031 1657 1132 1725 quarn

190 1729 232 1796 in
251 1728 395 1796 favorem
424 1726 587 1797 libertatis
608 1725 812 1796 matrimonii
833 1728 1019 1816 nullitatem
1035 1728 1130 1799 istam

185 1833 393 1891 statuerunt.
411 1820 559 1892 Libertas
579 1831 693 1889 autem
713 1821 915 1892 matrimonii
934 1842 1001 1890 non
1021 1822 1132 1894 minus

187 1912 350 1995 laeditur,
368 1914 434 1982 sive
454 1913 554 1983 timor
572 1914 613 1982 ab
633 1934 673 1982 eo
687 1913 745 2002 qui
762 1913 1011 1984 matrimonium
1027 1927 1129 2004 optat,
1150 1990 1153 1998 ,
1229 1987 1232 1992 ,
1254 1965 1259 1984 i

187 2007 262 2076 sive
281 2006 320 2075 ab
338 2007 402 2075 alio
424 2028 625 2098 quoeunque
646 2006 829 2076 iniioiatur.
850 2005 904 2076 Sio
922 2006 955 2074 in
976 2007 1032 2077 rit.
1057 2028 1130 2096 oap.

191 2101 340 2170 Vnntnns
357 2101 489 2170 irritum
509 2100 746 2191 pronuntiatur
759 2098 1021 2182 matrimonium,
1042 2104 1130 2190 qnod

191 2218 238 2265 ex
258 2206 346 2263 metu
368 2195 487 2265 initum
509 2196 629 2276 luerat,
649 2193 727 2262 lieet
745 2205 864 2261 neuter
883 2214 921 2262 en
937 2193 1133 2265 contrahen-

191 2288 296 2371 tibus,
319 2290 377 2357 sed
392 2288 491 2377 ‘pater
512 2289 642 2378 puellae
664 2301 790 2359 metum
810 2285 989 2357 intulisset.

256 2385 296 2451 nt
323 2402 400 2451 vero
420 2403 487 2450 non
507 2383 605 2469 longe
634 2381 793 2453 absumus
813 2381 854 2450 ab
875 2402 914 2451 ea
939 2379 1128 2464 sententia,

189 2495 281 2566 quae
302 2475 398 2544 docet
416 2473 666 2544 matrimonium
684 2495 723 2543 ex
743 2473 800 2545 tali
819 2486 909 2545 metu
923 2474 1042 2545 initum
1057 2474 1132 2545 iure

190 2572 353 2645 duntaxat
369 2568 603 2651 ecclesiastico,
621 2588 688 2637 non
705 2568 779 2637 iure
792 2568 936 2641 naturali
950 2568 1131 2641 invalidum

190 2673 229 2731 et
247 2662 382 2739 irritum
396 2683 482 2731 esse.
502 2662 596 2743 Nam,
616 2672 762 2751 spectato
784 2661 858 2732 inre
874 2675 1025 2747 naturae,
1047 2661 1132 2735 nibil

193 2756 383 2844 postulatur
421 2754 510 2825 aliud
554 2755 595 2824 ad
630 2754 833 2829 validitatem
869 2756 1129 2843 contraotuum',

190 2869 295 2938 quam
327 2848 433 2917 iustus
455 2849 573 2918 titulus
597 2860 631 2918 et
649 2869 829 2918 consensus
848 2849 1129 2922 contrahentium.

193 2940 290 3012 Prior
319 2940 462 3013 habetur
481 2962 541 3030 per
572 2954 722 3010 mutuam
743 2942 954 3011 traditionem
985 2942 1067 3015 iuris
1097 2942 1133 3011 in

106 3040 111 3045 “
191 3055 346 3126 corpora,
370 3036 535 3124 posterior
551 3047 663 3107 autern
682 3055 751 3104 non
769 3035 897 3109 tollitur
916 3055 976 3124 per
995 3046 1133 3113 metum,

192 3128 270 3199 lieet
289 3129 523 3198 imminuatur.
546 3128 628 3198 Nam
649 3140 760 3199 coacta
787 3129 937 3199 voluntas
954 3180 963 3210 ,
983 3128 1136 3197 voluntas
1196 3188 1200 3195 .

191 3234 261 3295 est:
283 3223 389 3313 idque
410 3243 449 3291 eo
470 3221 706 3304 confirmatur,
729 3222 819 3311 quod
840 3233 947 3294 metus
968 3219 1076 3308 gravis
1095 3241 1135 3288 ex

193 3337 289 3395 eausa
310 3317 515 3399 necessaria,
535 3336 587 3384 ex.
608 3336 660 3403 gr.
684 3316 812 3398 morbo,
834 3326 938 3405 peste,
960 3313 1135 3402 naufragio

192 3408 348 3481 incussus
369 3429 438 3478 non
452 3406 836 3492 irritatrbatrimonium,
854 3407 1135 3497 quemadmodum

188 3525 290 3597 supra
312 3504 443 3574 dictum
470 3515 543 3589 est,
565 3503 737 3593 idemque
766 3502 914 3592 sentiunt
940 3499 1138 3574 Canonistae
