2642 4175
540 412 701 459 mannaan
718 416 740 459 1.
996 404 1061 461 475

175 522 257 592 tata,
270 530 356 602 quae
370 511 403 580 in
417 509 541 589 Galliis,
556 509 612 579 ubi
631 511 682 580 lex
696 511 820 601 pariter
832 513 873 583 de
887 514 1003 585 ordine
1019 516 1107 598 silet,

177 626 239 695 pro
270 605 506 696 impedimento
531 602 689 673 iudicium
714 608 936 695 protulerunt.
962 609 1043 678 ‹Lo
1061 612 1109 677 π’-

175 708 288 788 sposlo
301 700 466 788 nequtioo,
487 696 534 766 ait
551 697 600 766 Cl.
620 698 769 782 dudisio,
790 701 821 768 si
839 702 998 771 dimostro
1015 706 1109 771 olori-

177 802 334 875 eamean,
355 792 910 881 qinridieomenleemorolmenle.a
931 795 1009 864 Vide
1024 818 1108 885 quae

176 886 253 974 ipse.
266 886 367 955 habet
382 886 421 954 ad
443 905 536 953 suem
556 885 676 954 thesim
692 886 980 956 demonstrandam
1000 888 1107 971 1111-

177 980 285 1049 condo
307 978 613 1049 dell'llcoleoiootico
631 979 712 1048 iaso.
731 979 799 1064 16,
818 981 883 1050 vol.
905 978 926 1049 5
946 982 1107 1051 Februar.

178 1070 284 1142 1866.
307 1073 392 1143 lleus
412 1072 501 1155 laxit,
524 1078 562 1140 ut'
581 1072 782 1142 Gubernium
818 1074 917 1143 etiam
952 1074 985 1144 in
1019 1075 1109 1144 hisee

177 1166 292 1236 ltaliae
312 1166 505 1254 regionibus
519 1165 704 1254 probibent,
722 1188 873 1257 expressa
887 1168 959 1256 lege
979 1180 1037 1236 aut
1052 1169 1110 1237 de·

176 1274 269 1331 orelo
289 1261 405 1331 saltem
425 1260 710 1344 administrativa,
738 1272 776 1328 ut
794 1261 911 1344 aiunt,
932 1260 1111 1351 quominus

179 1354 323 1424 ministri
343 1354 467 1443 publici
485 1351 675 1429 huiusmodi
694 1353 905 1424 matrimonia
937 1355 972 1423 in
1003 1367 1108 1443 poste·

178 1469 254 1516 rum
275 1449 467 1530 celebrent,
487 1458 545 1516 aut
564 1460 618 1526 ut,
641 1446 692 1515 sin
719 1447 828 1516 minos
859 1447 1110 1527 iurisoonsulti,

177 1562 217 1609 ao
233 1542 370 1622 iudices,
389 1540 415 1610 si
437 1561 492 1609 res
509 1541 548 1608 nd
577 1561 634 1610 eos
664 1541 786 1611 deferri
816 1541 995 1631 contingat,
1021 1545 1108 1632 quod

178 1647 289 1704 umen
307 1654 488 1725 numquam
507 1634 578 1704 fore
597 1634 793 1705 exstiturum
814 1635 891 1706 lieet
905 1635 1059 1718 ominari,
1075 1657 1110 1704 e·

167 1729 344 1817 nemplum
367 1726 609 1812 tribunalium,
636 1737 684 1797 ac'
707 1728 977 1818 iurisperitorum
1011 1729 1112 1817 gallo-

178 1843 254 1891 rum
275 1833 483 1911 sequantur,
505 1832 685 1910 aperteque
705 1822 874 1893 declarent
901 1823 1032 1891 irritum
1054 1844 1111 1890 eo·

177 1936 254 1984 rum
276 1913 537 1997 matrimonium,
568 1913 626 2003 qui
661 1935 772 1983 sacros
790 1915 923 1984 ordines
956 1936 1109 2003 suscepe-

177 2019 269 2092 runt,
292 2019 471 2099 votumque
490 2007 649 2077 castitatis
679 2009 827 2076 solemne
859 2017 1107 2097 nuncuparunt.

178 2102 256 2171 Vide
276 2102 314 2171 1).
333 2103 454 2172 Meniot
472 2101 513 2171 de
533 2101 737 2170 Bemmartin
760 2125 774 2167 ‹
798 2100 955 2169 liemoire
975 2114 1008 2169 et
1033 2122 1111 2169 con·

176 2197 335 2266 sultation
357 2217 442 2284 pour
471 2195 501 2264 le
521 2194 612 2264 sieur
638 2206 671 2262 et
692 2195 723 2263 la
744 2194 839 2264 dame
873 2193 1109 2276 Dumonleil,›

178 2311 262 2379 opus
279 2288 473 2379 inscriptum
499 2288 576 2357 ‹lle
595 2288 625 2356 la
634 2287 893 2377 jurisprudenoe
911 2308 969 2356 sur
989 2287 1020 2354 le
1039 2307 1109 2356 ma-

178 2384 271 2470 riage
293 2384 351 2452 des
364 2385 503 2471 premes,
525 2378 693 2451 denoaode
711 2382 729 2450 1
750 2382 780 2451 la
800 2380 964 2451 Chambre
977 2380 1035 2449 des
1049 2380 1112 2449 116-

179 2478 287 2565 pute'a,
308 2490 343 2547 et
360 2477 418 2545 d'es
437 2475 547 2565 regies
562 2476 605 2544 du
625 2475 714 2548 Code
729 2474 802 2544 oiuil
817 2496 876 2544 sor
888 2475 918 2544 le
933 2473 1107 2562 mariage»

179 2567 284 2653 1861,
305 2569 399 2660 Sirey
421 2569 586 2639 ‹Reaueil
607 2570 665 2639 des
685 2569 747 2638 lois
774 2580 808 2640 et
837 2571 943 2639 arrdts
967 2592 981 2635 a
1005 2579 1028 2638 t.
1051 2566 1108 2652 19,

179 2686 215 2753 p.
238 2661 272 2741 1,
290 2684 365 2753 pag.
383 2661 463 2747 181,
491 2662 588 2731 l'droi
609 2663 649 2733 de
671 2664 701 2732 la
721 2662 873 2752 Religion
910 2675 943 2732 al
972 2663 1015 2731 du
1049 2662 1109 2731 lloi

179 2768 205 2825 t.
225 2755 282 2839 16,
301 2778 334 2847 p.
354 2754 414 2825 51.
440 2756 549 2826 Andre
570 2781 585 2824 r
608 2756 713 2825 Cours
733 2758 773 2826 de
793 2757 879 2826 droil
903 2756 977 2824 civil
1004 2756 1109 2825 ecole'·

179 2849 339 2940 siastique
357 2873 371 2916 a
387 2861 420 2919 et
442 2847 578 2936 ‹Cours
591 2845 826 2942 alphabetique
843 2844 1109 2937 etmdthodique

178 2943 221 3012 de
238 2943 327 3014 droit
345 2942 492 3012 Canon.)
515 2941 683 3011 ‹Hearion
703 2941 791 3011 Cede
810 2941 898 3009 Eeol.
916 2941 1104 3024 araneas.»

81 3087 85 3094 -
178 3036 334 3105 Chardon
356 3036 498 3107 «aratro
527 3034 659 3117 dailai,
679 3059 693 3100 a
712 3046 737 3103 t.
759 3033 794 3117 l,
815 3055 849 3102 n.
870 3030 926 3116 11,
959 3035 1106 3102 necnon

179 3130 227 3199 Lo
243 3128 392 3200 doemon
403 3131 452 3199 de’
475 3129 659 3213 llilonoli,
685 3127 813 3197 Genooo
829 3124 983 3215 1791116.
1000 3124 1103 3211 1866,

179 3245 215 3292 n.
237 3222 273 3291 1.
293 3225 441 3296 atterum
461 3233 575 3296 notatu
595 3222 733 3311 dignum
751 3221 833 3290 illud
854 3231 914 3304 est,
937 3220 1024 3309 quod
1044 3222 1106 3288 im·

180 3316 382 3405 pentuma,
398 3317 574 3408 dequibus
588 3316 695 3386 Codex
715 3314 819 3385 ciuilis
832 3314 918 3398 silet,
933 3313 998 3381 vim
1011 3334 1105 3384 auam

178 3431 291 3480 coram
311 3411 457 3482 Ecclesia
474 3411 602 3500 integre
623 3419 789 3490 exserunt,
806 3429 846 3477 eo
860 3408 948 3498 quod
961 3408 1106 3478 auetori-

179 3514 228 3573 las
247 3504 351 3575 oirilis
368 3504 643 3595 impedimentum
664 3504 706 3573 ab
725 3500 869 3572 Ecclesia
890 3503 1103 3572 constitutum

175 3597 341 3687 obrogare
349 3613 417 3668 ¹neo
436 3609 555 3689 potest,
577 3618 639 3668 nee
656 3599 735 3666 vult.
755 3596 826 3665 Non
844 3607 951 3685 potest
970 3597 1105 3685 quidam
