2642 4175
281 332 349 393 aad
613 343 716 401 aanor
733 344 782 391 ιιι.

277 442 349 515 Duo
361 441 470 512 adhue
484 439 602 532 quaeri
618 443 738 512 solent.
756 442 905 512 dierum
919 452 982 525 est,
1000 463 1044 512 an
1060 441 1096 512 8.
1113 443 1172 515 Sa·

231 535 291 607 des
305 535 513 607 sanationem
531 533 567 605 in
583 534 697 606 radios
706 535 891 605 concedere
906 546 1008 625 queat
1018 535 1053 605 in
1070 556 1168 623 oasa,

229 649 298 719 quo
314 629 400 700 alter
419 627 649 718 impedimenti
663 627 799 712 inscius,
816 626 994 697 divortium
1014 648 1053 699 ex
1070 650 1170 720 prae·
1296 608 1297 641 ³

230 733 366 813 sumpto
379 721 523 812 quodam
537 720 776 811 impedimento
785 732 980 884 gnosianos,
996 722 1047 792 vel
1061 742 1102 793 ea
1118 744 1172 794 es·

231 827 283 885 set
300 835 400 906 praua
419 813 616 896 intentione,
631 824 670 884 ut
682 812 710 883 si
723 813 784 883 iitu

826 814 983 896 novisset,
1001 834 1042 884 eo
1062 827 1172 888 utere
1296 886 1297 901 ³

232 918 299 991 tur,
314 918 352 977 ut
364 908 495 978 nullum
511 907 669 978 redderet
684 906 953 977 matrimonium?
966 907 1053 979 Huic
1068 929 1171 999 quae·
1296 930 1297 997 p

231 999 333 1071 stioui
352 986 546 1071 affirmative
565 1010 614 1071 est
635 999 904 1089 respondendum
933 1020 975 1070 ex
993 1000 1061 1083 iis,
1082 1023 1171 1092 quae

233 1091 1167 1185 ὴιὺοιΒιιιά.1111.ΒιιιὲΕιιιιιιιιιιιιοιιιιιιι1918111.
1296 1158 1297 1175 ,

229 1183 336 1256 1755.
355 1187 474 1277 Agitur
492 1206 639 1277 namque
670 1187 712 1256 de
736 1186 976 1259 retractatione
992 1187 1168 1260 matrimo-
1296 1198 1297 1273 1

229 1277 278 1348 nii
294 1279 555 1368 interpretativa,
575 1300 616 1348 ao
633 1278 862 1362 coniecturali,
885 1299 972 1371 quae
987 1280 1100 1351 sanam
1114 1302 1171 1370 po·
1296 1352 1297 1357 ,

230 1381 308 1442 test.
340 1373 490 1443 Alterum
521 1382 595 1452 est,
624 1392 667 1443 an
697 1370 731 1441 S.
751 1371 903 1443 Pontifex
920 1373 1027 1468 possit
1047 1394 1171 1445 souare

230 1464 480 1535 matrimonium
498 1466 533 1536 in
553 1465 677 1549 radios,
701 1467 835 1558 quando
856 1477 1021 1555 uterque,
1051 1467 1105 1536 vel
1121 1469 1171 1539 al·
1251 1552 1256 1557 ,

230 1568 371 1637 menter,
390 1559 524 1646 cognito
550 1558 807 1648 impedimento,
827 1559 1035 1630 sanationem
1055 1559 1171 1631 obtre-

188 1650 198 1659 “
229 1659 307 1733 etat,
327 1671 494 1740 suamque
509 1651 654 1721 vindieat
675 1651 889 1722 libertarent
907 1652 1064 1733 Quaestio
1085 1653 1170 1723 haec

229 1761 271 1811 eo
291 1742 475 1828 reduoitur,
498 1757 536 1816 ut
553 1744 724 1828 uideatur,
745 1763 788 1813 an
810 1764 991 1815 consensus
1011 1744 1105 1835 prior
1124 1745 1171 1817 vi·

230 1833 324 1905 nibus
340 1835 517 1927 destitutus
537 1858 635 1908 snum
655 1836 761 1908 robur
780 1837 931 1927 accipere
947 1838 1051 1928 possit
1069 1859 1110 1909 ex
1135 1837 1167 1910 8.

235 1925 406 2001 Pontiduis
425 1930 671 2020 dispensatione
699 1941 770 1999 tum
797 1931 920 2014 etiam,
948 1951 1025 2001 eum
1044 1931 1170 2002 aderu-

231 2030 297 2104 ter,
319 2022 369 2094 uei
389 2035 533 2114 duaque
553 2045 593 2094 er
610 2023 742 2114 sponsis
761 2023 899 2114 positive
918 2035 1077 2096 museus
1094 2042 1170 2096 oon·

232 2134 379 2200 sensum,
401 2129 435 2188 et
453 2117 516 2207 ipsi
538 2118 701 2189 sanationi
721 2137 876 2208 expresse
894 2117 1065 2188 obnitatur
1079 2140 1120 2187 ao
1134 2139 1170 2189 se

229 2221 386 2297 opponat.
402 2209 549 2281 Pomone
560 2210 791 2282 affirmativam
806 2221 899 2282 tenet
908 2211 1169 2289 sententiam‚de

229 2298 307 2369 Mat.
320 2301 443 2373 Christ.
460 2305 484 2373 1.
504 2302 539 2389 d,
554 2316 636 2375 sent.
658 2303 676 2372 1
698 2304 740 2373 de
758 2302 882 2373 Potest.
900 2304 988 2373 Eool.
1003 2324 1039 2374 n.
1053 2303 1089 2373 1.
1103 2304 1167 2374 atii

231 2412 251 2462 e
266 2405 381 2464 eontra
395 2396 582 2485 uegadvam
596 2407 746 2481 tuentur,
769 2395 822 2466 oui
841 2397 951 2467 fauere
967 2396 1097 2468 uidetur
1110 2418 1170 2468 au·

232 2485 367 2557 ctoritaa
386 2485 421 2557 8.
438 2489 475 2559 C.
496 2489 534 2559 C.
554 2489 664 2561 Deum.
684 2487 707 2558 5
726 2491 798 2559 deo.
816 2486 922 2561 1865.
940 2489 1106 2580 Quidquid
1124 2490 1168 2560 sit
1290 2463 1297 2554 'J

229 2577 272 2647 de
291 2577 354 2648 hae
370 2580 577 2670 quaestione,
593 2594 721 2653 eertum
739 2593 790 2653 est
802 2581 837 2651 S.
855 2581 892 2652 S.
911 2581 1118 2654 sanationem
1133 2584 1167 2652 in

231 2669 342 2741 radies
370 2693 438 2743 non
472 2676 682 2759 consedere,
706 2674 736 2745 si
755 2676 934 2761 attemter,
954 2675 1006 2745 uel
1025 2685 1168 2765 uterque

230 2762 376 2849 oouiux,
396 2766 548 2838 sonamus
566 2769 606 2838 de
626 2768 891 2859 impedimento,
917 2788 1071 2859 expresse
1090 2789 1166 2839 oon·

232 2856 383 2928 tradicat.

266 2983 303 3038 Ex
320 2986 397 3041 dietis
414 2997 486 3058 patet
498 2987 697 3043 fundamentum
715 2990 855 3043 sanationis
873 2989 900 3043 in
918 2988 1006 3042 radiae
1016 2988 1098 3043 adnm
1115 3005 1168 3043 ease

231 3054 260 3107 in
270 3069 396 3110 uonoenau
409 3057 592 3112 matrimoniali
602 3066 719 3126 tempore
729 3058 853 3114 salebrati
864 3058 1127 3126 eosoubiipraestiti.
1141 3058 1167 3110 81

231 3123 320 3193 itaque
330 3133 451 3195 umrque,
469 3127 512 3179 vei
523 3127 649 3179 alteruter
663 3126 766 3180 uultum
778 3127 909 3195 praestitit
920 3142 1084 3190 maurosum,
1096 3142 1169 3178 saua-

231 3190 268 3243 tio
285 3189 341 3243 dari
359 3194 461 3262 nequit,
496 3194 539 3246 nia
551 3194 635 3246 sanari
647 3194 740 3263 nequit
758 3192 841 3257 radix,
853 3211 920 3263 quae
932 3210 984 3246 non
997 3194 1106 3246 exstitit.
1125 3193 1168 3246 to

231 3259 259 3338 in
271 3258 306 3311 im
360 3259 456 3315 inuento
474 3211 736 3327 aandsstinitatiuet
752 3262 780 3313 in
799 3262 964 3315 matrimonio
981 3262 1053 3314 uirili
1068 3261 1168 3340 nuntio

231 3342 259 3377 ιιι
271 3343 300 3378 ra
318 3328 359 3381 ioe
369 3328 483 3382 obtineri
494 3330 652 3398 quandoque
688 3330 761 3393 ussit,
778 3329 926 3398 quaesitum
943 3329 1004 3392 tuit,
1016 3337 1044 3381 et
1053 3344 1086 3382 ex
1097 3344 1168 3397 praui
1276 3355 1281 3361 ·

232 3395 259 3444 S.
274 3392 347 3447 Sedis
357 3397 508 3450 affirmative
517 3404 556 3450 est
565 3414 606 3449 res
625 3414 656 3451 on
677 3395 784 3461 endum,
796 3397 906 3450 serratis
918 3394 1062 3449 servandis.
1075 3391 1168 3447 Confer

231 3458 265 3511 de
275 3462 348 3513 Suint
359 3459 480 3533 Exupdry
497 3481 541 3533 op.
562 3487 573 3511 ι
586 3414 627 3519 Οἱ

230 3541 337 3595 spenser
351 3530 386 3581 de
404 3533 528 3601 mariage,
542 3555 554 3581 ι
570 3534 644 3585 Paris
656 3536 735 3596 sset,
753 3549 781 3600 p.
801 3537 861 3585 tta.

628 3465 771 3527 servatione
785 3481 831 3517 sur
849 3464 875 3517 la
893 3463 1060 3518 fulmineum
1071 3461 1118 3516 des
1129 3462 1167 3514 di·
