2642 4175
496 318 658 410 aurnum
677 365 699 409 1.
947 352 1014 413 465

130 463 261 554 danim.
278 484 312 532 o.
329 463 438 546 nam,
460 460 653 553 quaestione
673 461 777 533 fusius
793 464 963 550 discussa,
985 488 1063 537 con·

134 558 256 640 chum,
279 558 527 627 matrimonium
548 556 681 626 irritum
712 558 889 655 declarari,
909 559 936 629 si
956 563 1064 632 omnis

132 651 262 744 publica
285 664 377 720 uetus
408 652 523 720 notitia
557 650 710 728 deluerit,
744 672 809 721 non
830 672 928 738 vero,
947 654 974 724 si
994 657 1062 726 sola

99 780 104 795 =
132 746 355 837 promulgatio
374 745 496 814 omissa
517 745 629 814 luerit.
661 745 752 815 Idem
774 757 863 816 tenet
880 747 1062 832 Durranton,
1096 750 1098 753 ’

133 862 167 929 p.
186 837 270 909 238.
292 839 384 908 Hunc
403 838 600 909 sententiam
621 860 660 908 eo
680 839 849 921 libentius,
872 842 981 930 quoad
1000 843 1065 910 lta·

131 934 221 1015 liam,
238 953 299 1003 noe
319 932 562 1023 amplectimur,
585 933 675 1022 quod
696 944 759 1003 art.
782 931 851 1003 ttttt
878 933 1007 1005 Codicis
1020 935 1065 1004 ita

131 1028 287 1097 redactus
308 1048 379 1097 esse
399 1027 494 1095 nobis
513 1028 653 1109 videtur,
678 1039 713 1098 ut
725 1047 823 1096 omne
838 1027 975 1096 dubium
996 1028 1066 1099 edi·

30 1156 33 1217 ἕ
133 1133 214 1191 mat.
237 1121 274 1190 ln
294 1120 415 1191 Codice
434 1140 580 1210 namque
601 1118 723 1189 Gallico
737 1120 992 1217 matrimonium
1013 1142 1069 1191 ex·

31 1218 33 1291 Ϊ
134 1227 185 1283 tra
207 1215 347 1303 patriam
366 1213 566 1283 celebratum
588 1212 711 1282 dieitur
728 1214 884 1296 validum,
909 1236 1068 1305 ‹pooruu

132 1309 215 1398 po‘tt
234 1310 285 1376 oil
296 1313 345 1376 e'td
358 1308 493 1398 pre‘odde'
509 1309 564 1375 des
575 1307 807 1397 publicatione.
830 1329 845 1373 n
863 1307 942 1376 Inde
961 1310 1070 1376 oritur

135 1403 335 1485 difficultas,
358 1402 434 1491 quia
456 1400 731 1490 proclamationes
750 1400 970 1471 conditionem
998 1403 1070 1472 sine

134 1517 198 1585 pua
218 1516 285 1563 noo
305 1496 486 1583 importare
505 1494 670 1564 videntur.
705 1494 766 1564 Sed
793 1496 902 1565 Codex
923 1496 1070 1586 subalpi-

134 1609 199 1659 nue
216 1589 366 1677 loquitur
389 1589 430 1657 de
451 1589 646 1657 necessitate
675 1589 959 1677 publicationum,
981 1603 1071 1679 post·

137 1704 235 1773 quam
257 1683 463 1751 conditiones
484 1682 667 1769 implendas
687 1704 746 1771 pro
767 1683 968 1752 matrimonii
990 1685 1070 1753 vali-

131 1777 238 1857 ditate
266 1777 425 1866 posueril,
449 1777 537 1844 unde
557 1776 708 1843 concludi
739 1788 861 1862 potest,
881 1779 1071 1866 promulga-

137 1870 244 1938 tiones
258 1871 395 1938 minime
407 1868 607 1938 constituere
621 1868 855 1949 conditionem,
869 1870 963 1938 cuius
977 1870 1073 1938 omis·

137 1963 243 2046 sione,
260 1963 509 2032 matrimonium
526 1962 705 2031 irritationi
725 1961 932 2030 subiiciatur.
947 1962 981 2029 ld
999 1984 1074 2031 cou-

138 2056 264 2126 firmari
286 2077 381 2146 ponae
401 2057 531 2127 videtur
551 2077 588 2124 en
603 2066 665 2123 art.
685 2056 848 2144 sequenti,
864 2053 920 2122 ubi
937 2054 1070 2125 dicitur:

31 2173 33 2184 ²
142 2175 156 2217 r
176 2150 209 2219 tt
228 2153 387 2220 uittudioo
405 2151 515 2219 odedu
534 2156 694 2217 coutrotto
709 2148 967 2217 matrimonium
979 2170 1075 2237 paese

139 2253 249 2327 eutero,
265 2247 352 2324 deae,
366 2246 420 2313 oei
438 2252 486 2312 tre
504 2245 585 2311 mesi
600 2242 657 2309 dol
673 2264 730 2310 etto
748 2244 873 2309 ritoroo
890 2242 946 2309 oei
961 2264 1071 2330 repon,

139 2340 225 2426 [arlo
244 2340 395 2407 ieoriaere
414 2339 464 2405 oe'
477 2337 610 2426 reptant
627 2337 712 2404 dello
728 2343 813 2404 stota
833 2336 928 2403 ciuile
952 2336 1005 2403 del
1023 2359 1075 2404 eo·

141 2454 248 2512 mune,
264 2434 342 2500 dove
361 2434 443 2500 nord
455 2433 566 2519 fistulo
580 2431 613 2498 lu
632 2452 692 2497 sun
705 2430 881 2513 residente,
899 2437 980 2498 sotto
988 2452 1076 2520 penu

141 2528 176 2594 di
195 2548 263 2594 utto
280 2526 386 2593 multu
398 2525 577 2593 eateouidile
596 2546 617 2592 o
634 2524 695 2591 lire
710 2521 789 2592 tou.
810 2547 825 2589 r
843 2523 966 2592 Eadem
983 2545 1075 2592 uam-

31 2645 33 2702 ξ
143 2641 207 2709 que
227 2632 278 2688 est
296 2618 453 2707 loquendi
474 2619 570 2702 ratio,
594 2629 664 2686 tum
685 2618 718 2685 in
741 2618 804 2686 hou
823 2618 982 2687 articulo:
1000 2619 1076 2688 dene

31 2719 32 2726 ’
142 2716 213 2801 scre
227 2712 636 2781 ireriuereilmntrimooio
649 2733 664 2792 ;
686 2722 753 2779 tum
774 2712 807 2779 in
823 2713 939 2781 altero:
956 2712 985 2779 le
994 2715 1077 2801 pob-

143 2807 316 2875 ottramni
334 2806 472 2874 deddooo
491 2806 591 2874 anche
608 2805 704 2891 [orsi.
720 2804 813 2872 Unde
827 2806 905 2874 satis
925 2818 1073 2892 apparet,

31 2935 33 2990 g
145 2900 394 2969 matrimonium
416 2911 504 2968 extra
527 2899 666 2986 patriam
694 2909 898 2968 contractum
920 2917 997 2965 suos
1017 2898 1075 2966 lra-

31 3023 32 3062 1
145 2993 225 3062 bere
245 3015 284 3062 ec
303 2995 487 3084 producere
506 2993 640 3060 allectus
661 2989 796 3072 elmlea,
818 2991 885 3059 sive
905 2989 1076 3078 inscriptio

146 3085 231 3156 intra
249 3099 317 3157 tres
337 3107 467 3155 meuses
487 3085 669 3168 omittatur,
703 3083 881 3152 dummodo
901 3087 1078 3153 constate-

31 3251 32 3256 ,
147 3180 297 3250 videnter
316 3181 356 3249 de
376 3180 505 3270 publica
528 3176 730 3247 matrimonii
751 3176 890 3256 notitia,
914 3176 981 3244 sire
999 3199 1077 3265 pro·

31 3317 33 3322 ·
148 3275 360 3343 clamationes
391 3274 531 3342 omissae
550 3271 698 3353 luerint,
722 3272 749 3338 si
775 3269 1023 3339 matrimonium
1043 3292 1078 3339 a·

31 3373 43 3390 ²
147 3368 260 3437 liunde
281 3366 446 3437 notorium
464 3367 519 3435 sit.

183 3462 303 3532 ,Unum
320 3462 361 3529 de
381 3458 591 3530 matrimonio
611 3469 699 3526 extra
715 3457 853 3545 patriam
874 3456 956 3525 inito
971 3456 1079 3526 adhuc

149 3557 308 3626 adnotare
329 3565 483 3644 praestat.
499 3553 589 3636 Quae
609 3550 843 3641 impedimenta
864 3551 988 3620 incolas
1003 3573 1079 3639 per·

252 3690 288 3740 De
310 3685 470 3739 detrimento
979 3685 1013 3733 ³0
