2642 4175
367 328 411 372 nu
427 326 664 374 mrunrunnrm
680 327 878 399 utrumnum
979 316 1044 376 ten

95 430 99 433 ’
147 439 284 519 pudeat,
300 445 374 496 esee
393 423 635 514 coniugatum,
657 412 862 496 adulterium
898 427 1093 499 huiusmodi

149 543 218 591 non
236 520 304 591 erit
316 518 592 628 impedimentum
612 518 786 603 dirimens,
808 533 847 591 ut
865 541 1019 611 expresse
1036 523 1096 593 ha

150 617 253 685 betur
269 634 343 704 unp
359 612 393 681 1.
409 613 455 682 De
473 633 513 682 ee
527 634 591 721 ‘qur
582 612 720 682 dux.
710 634 747 682 ιιι
762 613 910 685 matrim
941 615 1095 708 Itemque

152 710 182 779 si
202 708 302 777 ambo
322 705 493 795 coniugati
507 706 585 785 rint,
597 719 720 777 neuter
735 717 847 778 autem
861 709 1000 780 alterius
1018 730 1096 780 rnn-

155 802 289 892 iuginm
304 799 521 879 noveritnnn
535 800 644 870 uritur
657 800 947 891 impedimentum,
957 805 1096 912 eoquod

154 919 197 968 en
212 907 360 984 nunqua
373 905 468 984 perte
481 915 541 964 uur
531 893 733 985 eidemque
744 895 979 965 matrimonio
970 898 1095 967 iniuria

154 1011 227 1068 nou
246 989 425 1064 inferatur
446 986 482 1060 4⁰
501 986 545 1057 Ut
562 987 790 1060 adulterium
781 1008 892 1080 rpeum
909 991 1096 1079 perlectum

53 1087 54 1090 ’
154 1085 214 1169 eit,
235 1092 588 1171 consummatumque.

205 1176 369 1259 Quartum
389 1176 523 1250 taudem
543 1173 697 1248 oriminis
713 1195 821 1264 penne
840 1187 902 1259 ert,
922 1196 999 1248 eum
1018 1175 1099 1268 quie

156 1270 314 1361 legitime
333 1270 461 1340 vivente
479 1268 621 1358 aeniuge
641 1268 893 1340 matrimonium
915 1289 975 1362 per
993 1270 1096 1341 terbn

156 1366 202 1441 de
221 1362 393 1454 praetenti
416 1363 615 1436 conuehere
637 1373 779 1434 attentet
812 1383 890 1433 anm
920 1384 1096 1455 perenna,

157 1479 237 1534 unm
258 1475 325 1548 qun
342 1456 545 1544 adulterium
558 1455 774 1546 perpetravit
788 1468 869 1528 tune
882 1458 974 1532 euim
993 1457 1097 1530 etiarn

158 1553 319 1628 defuneto
339 1550 511 1626 adulterae
529 1549 602 1620 vire
620 1561 679 1620 eut
695 1550 838 1622 adulteri
859 1573 974 1635 unere,
989 1552 1099 1624 nube·

158 1666 199 1717 re
218 1646 360 1720 inuicem
379 1654 571 1733 nequeunt,
591 1643 795 1735 irritumque
813 1657 901 1716 esset
919 1646 1095 1716 matrime-

157 1739 269 1821 nium,
290 1737 604 1814 strumentum
623 1749 734 1809 autern
754 1758 955 1810 tencnrrere
972 1740 1100 1811 dehent

159 1846 201 1904 ut
218 1833 346 1908 eumen
367 1831 432 1902 hee
447 1830 583 1921 nuptiae
599 1829 757 1904 dirimat:
788 1830 818 1900 l.
850 1833 894 1903 Ut
926 1834 1100 1903 matrimo-

158 1927 256 2004 nium
276 1945 360 1995 enm
386 1925 495 2015 prime
522 1924 666 2013 contege
694 1924 838 1994 unlidnm
865 1926 978 2008 luerim
999 1926 1040 1994 ll.
1063 1939 1102 1996 nt

161 2019 308 2112 primum
330 2019 394 2089 hoa
411 2016 687 2100 matrimonium,
709 2016 805 2087 elteri
833 2020 919 2107 perti
945 2018 1101 2090 innutue·

160 2118 217 2186 rit.
248 2114 333 2188 uum
353 2110 628 2203 impedimentum
652 2111 846 2181 huiusmodi
875 2132 943 2181 nen
961 2123 1104 2182 naturae

161 2211 261 2298 lege,
296 2228 359 2281 nec
378 2206 454 2277 iure
486 2205 597 2277 divino
624 2204 765 2295 positive
788 2204 1015 2275 -nnnetitntum
1033 2205 1100 2287 sit,

161 2305 218 2373 ned
240 2303 311 2375 aula
330 2299 551 2384 ecelesiastica
572 2299 763 2382 voluntate,
780 2299 936 2390 seqnitur
951 2298 1106 2369 inundes
1154 2332 1161 2341 ··

163 2417 202 2471 ee
233 2416 303 2473 nen
322 2394 483 2474 detineri,
510 2392 589 2463 lieet
607 2403 722 2482 postea
747 2404 983 2464 convertantur
1002 2393 1044 2463 nd
1063 2393 1105 2462 li·

162 2491 251 2569 dem,
269 2501 304 2561 et
316 2499 391 2579 pent
401 2487 565 2577 baptisma
579 2486 691 2559 meum
706 2487 861 2557 habuerit
873 2508 979 2557 unum
993 2508 1034 2558 ex
1050 2486 1106 2567 iis,

163 2604 251 2675 qune
272 2583 314 2655 ad
339 2580 617 2672 impedimentum
642 2580 877 2672 requiruntur
910 2580 943 2651 Si
965 2601 1041 2652 tero
1064 2602 1105 2651 er

164 2676 384 2767 eomplicibus
413 2676 498 2747 alter
517 2675 560 2743 sit
591 2673 700 2746 tidelis
718 2685 753 2745 et
770 2676 855 2746 alter
873 2675 1041 2760 infidelis,
1069 2688 1103 2746 et

163 2771 221 2843 illa
238 2771 347 2861 penita
365 2769 446 2852 sint,
462 2789 550 2858 quae
569 2766 809 2858 impedimenta
825 2768 1008 2853 inducunt,
1026 2768 1106 2838 nul

164 2866 235 2937 lum
255 2864 422 2946 dubium,
451 2861 534 2952 quin
554 2861 830 2968 impedimentum
852 2864 993 2945 existet,
1017 2862 1105 2931 sifi-

164 2959 248 3033 delis
265 2956 428 3048 peruenit,
447 2956 533 3027 ebrit
551 2974 645 3037 vero,
662 2955 691 3026 ei
710 2955 858 3026 infidelis
858 2957 1101 3064 prneutanerit.

210 3052 257 3122 lin
276 3051 375 3123 euntis
398 3061 490 3140 patet
517 3004 793 3139 impedimentum
819 3048 969 3118 criminis
992 3048 1107 3118 multi·

165 3146 239 3236 plen
264 3165 363 3226 eene,
384 3144 535 3234 meoque
558 3141 780 3214 emesenus
798 3143 914 3212 sedulo
933 3151 1104 3210 naeumte·

143 3252 232 3330 'que
249 3238 465 3313 munidernre
486 3234 596 3317 debet,
617 3238 832 3325 pnmdunam
850 3222 1105 3324 multiplicatur,

167 3336 209 3405 de
228 3355 310 3423 que
323 3352 362 3403 re
391 3340 501 3421 puteat
519 3330 673 3401 conterre
688 3328 756 3402 lan
775 3331 817 3401 de
847 3328 953 3419 Burgt
967 3326 1009 3398 de
1027 3328 1107 3399 ilat.

165 3447 200 3496 n.
223 3423 688 3513 131,150,ιι(1ιι1ιιριι.
712 3421 775 3495 dd
