2642 4175
257 412 260 417 ·
296 383 361 440 ote
609 395 771 441 aarum
786 394 834 438 111.

246 495 347 563 aliam
366 494 408 563 ab
429 493 623 562 infirmitate
651 513 783 561 cansam
819 493 915 561 morti
948 491 1083 581 proximi
1113 512 1169 559 nn·

245 588 345 676 gendi
364 607 430 656 non
450 599 541 655 sunt.
563 580 738 659 Praeterea
765 608 801 655 ex
823 588 939 654 eodem
960 585 1067 655 iacobi
1083 597 1165 656 textu

247 694 375 751 constat
394 681 566 749 Extremae
586 679 756 749 Unctionis
777 680 948 750 materiam
965 701 1037 748 esse
1054 680 1165 760 oleum3

247 774 310 843 olei
339 787 451 844 autem
477 775 612 843 nomine
642 774 732 843 venit
760 774 870 842 oleum
902 775 1036 863 proprie
1054 773 1166 841 dictum

246 869 335 958 quod
356 888 395 936 cx
412 868 506 937 olivis
523 869 735 958 exprimitur:
755 869 842 957 quod
866 881 976 936 tamen
992 866 1125 936 solemni
1140 878 1169 934 et

247 961 409 1050 peculiari
429 962 658 1031 benedictione
681 960 940 1029 consecrandum
962 974 1024 1030 est.
1057 962 1103 1027 dn
1121 981 1169 1027 au·

248 1067 313 1124 tarn
335 1055 396 1124 ista
421 1056 485 1124 olei
506 1055 693 1124 benedictio
724 1056 763 1122 ad
793 1053 995 1125 Sacramenti
1028 1066 1167 1122 naturam

248 1149 429 1238 pertineat,
452 1148 651 1218 dissentiunt
680 1148 852 1237 Tbeolngi.
886 1149 922 1217 ln
945 1171 983 1217 ea
1007 1146 1170 1216 seutentia-

248 1263 322 1310 rum
359 1243 547 1311 diversitate
585 1242 768 1317 Concilium
807 1242 1051 1311 Mediolanense
1093 1261 1169 1308 anno

249 1334 341 1405 tore
362 1336 605 1425 sapientissime
624 1336 721 1405 iussit
743 1360 757 1401 r
776 1348 811 1404 nt
827 1337 853 1404 si
875 1335 1044 1417 Parocbus
1055 1355 1113 1424 per
1126 1354 1170 1401 er·

247 1450 358 1497 rorem
379 1430 468 1499 alind
496 1431 627 1511 olonna,
648 1451 749 1518 quam
770 1431 857 1517 quod
879 1430 1091 1498 intirmorum
1117 1438 1169 1507 est,

250 1544 395 1612 unquam
412 1523 613 1602 adhibuerit,
627 1523 756 1592 etiarnsi
771 1523 958 1592 chrismatis
978 1536 1012 1593 et
1029 1522 1173 1591 cathecu-

248 1637 421 1685 menorum
442 1616 496 1696 sit,
513 1629 659 1685 erratum
676 1618 841 1700 emendet;
861 1628 897 1685 el
910 1617 1022 1684 olenrn
1036 1635 1169 1695 sacrum,

246 1712 334 1798 quod
356 1709 489 1798 proprie
513 1706 723 1780 infirmorum
746 1723 812 1792 est,
835 1710 993 1778 adhibeat
1017 1723 1050 1778 et
1068 1708 1172 1776 Sacra·

247 1802 349 1871 menti
379 1803 518 1871 formam
540 1803 649 1871 iteret.
671 1828 685 1868 x
707 1804 860 1872 Formam
879 1825 995 1872 sacrae
1013 1801 1172 1871 Unctionis

246 1896 281 1963 in
302 1897 456 1986 precibus
476 1897 515 1964 ad
536 1890 640 1966 Denrb
661 1897 743 1965 fusis
763 1899 860 1993 sitam
885 1919 956 1967 esse
976 1898 1114 1967 lacobus
1131 1897 1172 1962 lo·

247 2010 284 2058 co
304 1991 402 2058 citato
423 1991 594 2073 indicavit,
618 1992 696 2058 dum
717 2012 819 2079 snper
839 1991 990 2060 infirmos
1018 1991 1170 2060 orandum

246 2083 361 2152 edixit.
377 2084 466 2153 Haec
485 2098 595 2154 antem
616 2085 735 2169 forma,
755 2107 819 2175 qua
834 2084 979 2154 Ecclesia
999 2085 1098 2153 latina
1116 2081 1172 2151 uti·

247 2188 315 2260 tur‚
335 2178 565 2247 a'iridentinis
581 2176 738 2247 Patribus
754 2180 889 2248 recitata
908 2191 958 2258 est
976 2177 1171 2248 sess.Xlllde

248 2270 400 2340 Extrema
415 2271 577 2341 Unctione
594 2293 666 2360 cap.
690 2271 723 2339 l.
746 2272 884 2341 Demum
906 2296 944 2341 ex
964 2274 1113 2361 praefato
1129 2271 1171 2337 la·

247 2364 320 2432 cobi
346 2375 435 2434 textu
457 2377 665 2455 compertum
692 2377 742 2434 est
767 2367 854 2435 solos
872 2365 1091 2457 Presbyteros
1110 2384 1172 2432 esse

248 2458 421 2527 Extremae
442 2458 612 2528 Unctionis
633 2459 813 2528 ministros.
849 2459 913 2528 Sed
944 2482 1011 2528 non
1044 2457 1173 2550 quilibet

249 2551 408 2620 Sacerdos
424 2551 596 2622 Extremae
616 2553 788 2622 Unctionis
823 2553 1010 2622 ordinarius
1032 2553 1172 2620 minister

248 2657 317 2727 cst,
339 2645 395 2712 sed
418 2655 544 2713 tantum
566 2645 745 2728 Parocbns,
766 2658 798 2715 et
813 2649 947 2727 caeteri,
967 2647 1172 2735 quibuscum

250 2736 437 2806 animarum
459 2737 533 2808 iure
558 2740 693 2827 proprio
713 2741 888 2830 competit3
910 2753 944 2810 et
960 2740 1039 2809 binc
1059 2741 1091 2807 in
1109 2739 1173 2807 Ele·

250 2843 354 2901 ment.
371 2831 405 2915 i,
423 2832 464 2900 de
479 2831 681 2921 Privilegiis‚
703 2834 856 2923 superius
870 2835 992 2918 relata,
1013 2847 1171 2921 tamquam

250 2925 363 3013 magni
393 2925 543 2996 criminis
562 2928 636 3010 rei,
660 2927 987 2997 excommunicantur
1006 2924 1169 3016 religiosi,

252 3018 309 3108 qui
330 3018 465 3087 Clericis
484 3032 541 3089 ant
560 3020 651 3090 laicis
681 3022 753 3090 sine
772 3021 906 3111 speciali
925 3021 1065 3089 Parocbi
1085 3020 1173 3087 licen·

251 3113 296 3181 tia
323 3112 508 3182 Extremam
541 3114 735 3184 Unctionem
766 3114 1034 3183 ministraverint.
1075 3112 1171 3180 Pauca

252 3206 293 3275 de
310 3204 443 3286 Ordine,
466 3219 540 3296 post
564 3228 601 3277 ea
625 3230 712 3297 quac
736 3207 794 3275 lib.
816 3206 837 3274 E
857 3208 937 3276 Inst.
957 3209 1036 3277 Can.
1059 3228 1129 3293 cap.
1147 3200 1169 3282 Ι,

254 3299 270 3387 §
289 3297 313 3366 lx
331 3312 364 3369 et
382 3299 512 3389 integro
530 3321 602 3391 cap.
626 3302 669 3370 tx
688 3300 840 3380 diximus,
859 3302 1049 3391 exponenda
1063 3314 1173 3387 super·

146 3421 149 3430 ’
253 3404 343 3460 Sllssl.

301 3484 478 3555 Definitum
498 3499 548 3556 est
576 3509 594 3555 a
621 3487 814 3558 Tridentino
849 3509 929 3558 sess.
952 3486 1072 3567 xxm,
1106 3502 1170 3568 cap.

254 3570 289 3641 3:
314 3600 328 3641 r
351 3576 644 3669 Cum’Scriptnrae
665 3581 867 3666 testimonio,
888 3582 1062 3672 apostolica
1079 3573 1173 3647 tradi·
