2642 4175
292 419 359 477 294
629 431 795 477 cerurrrr.

245 527 508 599 clandestinitate
522 527 675 611 intendit,
685 539 742 597 aut
755 548 821 597 uon
836 526 978 617 amplius
992 521 1110 601 existit,
1123 530 1178 588 eut

248 623 310 692 alia
331 621 459 691 ratione
477 641 613 710 prorsus
631 621 824 712 impeditur,
841 634 874 689 et
893 629 1064 709 praeterea
1082 633 1177 682 omne

249 738 287 785 ex
300 727 456 785 renovato
473 735 636 784 consensu
649 726 682 785 et
695 715 849 783 simulata
863 710 1076 782 conversione
1092 706 1172 795 peri·

250 811 363 893 culum
381 808 449 878 lere
463 809 627 877 evanescit
634 830 644 891 ;
664 820 732 876 tum
752 809 885 877 demum
905 827 944 874 ex
962 825 1012 887 eo,
1028 803 1105 892 quia
1119 799 1176 867 im·
1281 823 1282 836 ¹

252 901 408 992 possibile
422 922 511 970 nunc
526 913 587 983 est,
597 913 635 970 ut
647 902 783 991 nuptiae
798 902 880 970 clam
896 899 988 982 liant,
999 909 1033 966 et
1044 907 1082 965 ut
1092 913 1172 983 pars,

248 996 361 1064 relicte
381 994 492 1084 priore
511 1016 623 1077 uxore,
646 1015 720 1063 cum
735 995 798 1064 elia
815 995 923 1084 palam
941 991 1123 1070 contrahat,
1143 996 1173 1054 et
1281 1039 1282 1072 ,

252 1090 287 1157 in
318 1099 479 1178 perpetuo
510 1089 558 1156 sic
586 1088 670 1157 vivat
702 1088 876 1157 adulterio.
909 1082 1176 1172 Arolriepiseopus
1281 1087 1282 1156 1

249 1181 483 1268 Friburgensis
501 1203 565 1250 una
587 1202 661 1249 cum
681 1181 897 1270 suffraganeis
914 1176 1018 1248 snisl
1042 1170 1176 1264 Augusti

249 1273 353 1357 l8til‚
376 1275 408 1342 id
426 1296 444 1343 a
462 1273 495 1343 S.
519 1273 552 1342 S.
576 1275 729 1364 expetivit
749 1275 789 1343 ad
810 1273 991 1343 tollendum
1009 1266 1177 1339 omnedu·

250 1368 355 1451 bium,
379 1367 419 1435 ad
440 1368 587 1437 evitanda
608 1389 841 1458 quaecumque
868 1368 979 1447 mala,
1014 1373 1046 1433 et
1068 1362 1107 1430 ad
1124 1379 1176 1428 en·

248 1460 385 1530 rietates
415 1461 636 1530 conscientiae
656 1462 864 1530 amovendas.
902 1459 1021 1527 Verum
1057 1456 1110 1524 die
1136 1449 1178 1518 tt

248 1552 357 1622 Martii
378 1549 470 1621 1865
489 1554 687 1642 rescriptum
709 1566 776 1624 est:
811 1578 826 1621 r
849 1554 922 1622 Non
957 1549 1127 1640 expedire,
1146 1555 1178 1613 ut

249 1647 284 1714 in
305 1667 342 1714 re
362 1645 403 1715 de
424 1668 488 1735 qua
506 1647 628 1736 agitur,
648 1648 683 1717 in
703 1646 881 1738 praedictis
901 1643 1109 1716 dioecesibus
1127 1638 1177 1707 ali·

251 1737 331 1829 qnid
363 1738 549 1821 innovetur,
573 1761 635 1809 nec
664 1754 700 1810 nt
719 1742 759 1810 ad
780 1759 837 1810 eos
857 1738 1077 1830 applicentur,
1099 1753 1177 1823 quae

250 1853 310 1922 pro
325 1832 398 1902 aliis
411 1832 617 1903 dioecesibus
630 1854 782 1904 concessa
800 1845 858 1903 aut
870 1832 1032 1902 declarata
1053 1830 1179 1897 fuere.»

251 1928 301 1994 An
322 1925 409 1995 idem
431 1947 627 2017 responsum
646 1927 720 1996 aliis
734 1928 832 1997 etiam
853 1926 933 1995 locis
955 1921 1178 2014 applicandum

249 2020 304 2104 sit,
328 2017 360 2087 S.
385 2018 477 2090 Sedis
498 2021 562 2092 erit
581 2021 772 2091 decernere.
793 2020 886 2102 Quod
904 2021 945 2089 ed
972 2038 1031 2086 nos
1054 2014 1178 2095 attinet,

251 2135 367 2183 eorum
390 2127 460 2183 vota
480 2114 669 2204 exposuisse
688 2115 841 2184 sufficiat.
877 2114 1005 2183 interea
1025 2110 1107 2178 illud
1136 2127 1180 2176 ac·

252 2219 368 2278 curete
388 2209 571 2277 notandum
593 2220 653 2292 est,
676 2210 764 2298 quod
785 2228 891 2298 usque
925 2208 1002 2275 dum
1040 2203 1136 2273 aliter
1162 2221 1180 2268 a

252 2299 286 2368 S.
322 2299 405 2370 Sede
438 2322 505 2370 non
540 2302 582 2370 sit
607 2302 805 2386 definitum,
844 2319 1024 2391 sequamur
1056 2304 1179 2386 oportet

251 2393 452 2482 propositam
482 2394 698 2479 sententiam,
721 2418 785 2486 qua
806 2394 1015 2474 decernitur,
1038 2391 1073 2457 in
1093 2409 1179 2469 casu,
1283 2438 1284 2441 ,

252 2484 464 2554 matrimonia
495 2487 761 2571 haereticorum,
787 2508 825 2557 ac
853 2487 953 2556 mixta
982 2483 1179 2553 clandestina

249 2579 342 2647 nullo
363 2591 456 2666 pacto
475 2599 545 2649 esse
566 2581 669 2651 valida
702 2582 735 2651 in
754 2580 866 2670 regnis
885 2577 1080 2660 catholicis,
1109 2576 1178 2642 licet

250 2671 424 2742 societates
445 2673 645 2744 acatholicae
666 2696 725 2765 per
750 2697 786 2746 se
806 2686 905 2743 stent.
927 2673 1019 2742 Unde
1043 2669 1182 2739 monitos
1283 2714 1284 2719 ,

251 2766 401 2835 volumus
420 2767 601 2854 parochos,
621 2780 669 2852 ut,
691 2769 718 2838 si
739 2769 779 2837 de
802 2765 1012 2837 matrimonio
1046 2760 1179 2832 convali·
1283 2786 1284 2791 ¹

252 2858 359 2928 dando
381 2871 494 2948 aperte
511 2873 642 2950 agatur,
666 2861 701 2930 in
721 2883 760 2932 eo
779 2861 837 2931 toti
858 2861 934 2944 sint,
952 2870 987 2928 ut
1005 2873 1182 2926 consensus

250 2971 362 3022 eorem
390 2953 535 3042 parocho
560 2965 593 3023 et
613 2955 751 3024 testibus
780 2966 973 3035 renovetur,
995 2950 1047 3019 sin
1075 2949 1181 3024 minus

253 3057 348 3114 caute
365 3060 415 3114 est
432 3048 690 3135 procedendum,
705 3047 858 3137 nihilque
877 3045 1053 3136 agendum,
1070 3043 1178 3112 lucon-

250 3139 335 3208 sulta
356 3137 472 3209 Sancta
492 3139 587 3224 Sede,
610 3162 699 3230 quae
718 3141 871 3211 omnibus
892 3149 1015 3215 attente
1034 3135 1182 3205 conside·

250 3232 344 3315 rotis,
372 3232 517 3317 videbit,
541 3255 582 3303 en
604 3235 756 3324 expediat
775 3235 959 3304 nullitatem
981 3225 1179 3298 matrimonii

252 3326 434 3409 declarare,
472 3327 522 3396 vel
542 3326 651 3416 potius
683 3328 787 3404 setius
817 3327 860 3396 sit
887 3323 1119 3396 contrahentes
1147 3320 1181 3387 in

255 3417 341 3485 bona
362 3418 426 3488 fide
446 3419 650 3510 relinquere.
1151 3460 1153 3464 Α

297 3509 410 3580 Restat
427 3532 528 3596 nunc,
551 3527 588 3582 ut
607 3512 752 3583 breviter
771 3511 985 3602 indigitemus
1015 3523 1086 3581 tum
1111 3506 1181 3573 loca

253 3602 375 3692 quihus
396 3605 574 3676 declaratio
594 3606 672 3677 Ben.
691 3605 758 3674 xlv
776 3619 907 3677 extensa
929 3617 990 3688 est;
1013 3615 1082 3673 tum
1095 3601 1181 3681 loca,
