2642 4175
263 361 304 420 56
611 372 711 418 uacua
727 372 748 415 1.

213 496 249 545 se
279 493 351 543 eam
373 472 406 542 in
433 471 680 541 matrimonium
711 471 921 539 dricturam?
957 470 1028 562 Non
1048 474 1149 562 pauci

214 567 378 658 sponsalia
412 566 495 635 ltaec
526 566 632 635 iurata
669 562 799 633 dissolvi
831 574 948 633 mutuo
980 586 1145 638 consensu

215 681 310 750 poste
343 660 559 741 inficiantur,
581 672 614 727 et
649 656 812 728 citantS.
839 657 1072 743 thomna,
1102 661 1142 746 9,

215 766 342 845 quaest.
365 752 454 822 saa
462 752 570 822 sao
591 751 654 835 19
678 752 734 821 ubr
755 751 886 840 inquit
919 752 1058 822 ‹llcmo
1086 777 1145 843 po·

213 860 277 918 test
297 847 391 917 alteri
409 846 602 937 promittere
633 846 759 936 aliquid
786 845 848 913 snb
881 845 1067 917 iuramento
1086 849 1146 918 dn·

213 940 355 1030 pliciter.
377 940 448 1009 Uno
468 941 566 1010 modo
585 940 717 1031 quaudo
738 938 901 1029 promittit
919 938 1044 1028 aliquid
1068 963 1143 1030 per-

214 1034 322 1104 tinens
342 1034 383 1104 ad
404 1033 579 1104 utilitatem
599 1034 714 1123 ipsius,
735 1043 812 1122 puta
832 1033 858 1099 si
876 1032 938 1101 sub
957 1033 1143 1105 iuramento

214 1128 386 1217 promittat
419 1147 454 1198 sc
482 1128 681 1198 serviturum
712 1126 754 1208 ei,
789 1127 839 1196 vel
861 1126 1034 1215 pecuniam
1053 1128 1147 1198 datu·

214 1242 302 1305 rum,
325 1234 357 1291 et
381 1222 474 1292 atali
495 1220 716 1309 promissione
739 1232 847 1309 potest
877 1219 1046 1289 absolvere
1072 1222 1140 1306 ille,

213 1316 266 1384 cui
287 1314 463 1405 promissio
483 1314 567 1382 lacta
584 1326 657 1382 est:
680 1313 880 1402 intelligitur
907 1313 995 1382 enim
1019 1314 1083 1382 iana
1112 1317 1142 1384 ei

83 1477 87 1482 ,
212 1409 347 1478 solvisse
361 1407 572 1497 promissum,
597 1408 729 1497 qnando
747 1407 825 1477 lacit
843 1408 888 1475 de
904 1428 944 1476 eo
960 1408 1142 1477 secundum

212 1501 284 1570 cius
296 1502 513 1571 voluntatem.
530 1500 602 1570 atio
618 1502 715 1570 modo
732 1501 894 1589 promittit
907 1500 1145 1590 aliquisalteri‚

210 1595 300 1684 quod
319 1594 463 1685 pertinet
478 1595 518 1663 ad
533 1595 694 1664 honorem
715 1594 785 1677 Dei,
801 1596 852 1663 rel
868 1593 1043 1664 utilitatem
1061 1595 1144 1665 alic·

211 1708 299 1770 rum,
320 1699 397 1778 puta
418 1686 444 1755 si
466 1687 587 1777 aliquis
607 1688 669 1758 sub
690 1688 877 1758 iuramento
897 1687 1070 1777 promittat
1082 1688 1144 1758 ali·

211 1782 277 1865 cui,
300 1803 335 1851 se
353 1781 555 1871 intraturum
576 1782 785 1871 religionem,
808 1781 857 1851 vel
891 1781 1025 1871 aliquod
1059 1803 1144 1872 opus

211 1874 345 1963 pietatis
364 1875 543 1946 fauturum.
565 1875 606 1946 Et
625 1888 705 1945 tunc
729 1875 807 1958 ille,
830 1875 882 1944 cui
916 1875 1141 1964 promittitur,

211 1987 278 2040 non
298 1980 405 2059 potest
421 1969 591 2040 absolvere
607 1969 869 2058 promittentem,
892 1968 971 2057 quia
1003 1969 1145 2059 promis·

211 2061 260 2132 sio
276 2083 343 2133 non
363 2074 413 2133 est
432 2063 515 2133 lacta
529 2063 559 2133 ci
577 2062 816 2154 principaliter,
834 2063 891 2134 sed
906 2062 984 2141 Deo,
997 2062 1060 2133 uisi
1074 2063 1144 2133 lor-

165 2191 176 2206 *
210 2166 243 2226 te
262 2155 307 2228 sit
327 2156 522 2246 interposita
556 2157 726 2240 conditio,
751 2157 879 2227 ratione
910 2157 1006 2227 cuius
1025 2158 1140 2247 possit,

210 2250 338 2320 scilicet
356 2251 383 2319 si
404 2251 453 2319 illi
473 2251 649 2333 videbitur,
672 2251 725 2320 cni
746 2250 977 2339 promittitur,
1004 2252 1055 2320 vel
1082 2250 1144 2321 ali·

208 2345 288 2433 quid
303 2344 393 2413 aliud
409 2345 511 2413 tale.»
528 2348 568 2412 lt
582 2343 703 2433 potiori
718 2345 802 2428 iure,
820 2345 854 2412 ni
872 2344 1031 2428 fallimur,
1048 2366 1144 2434 spon·

209 2437 328 2507 salium
349 2436 524 2509 dissolutio
544 2437 660 2505 eodem
679 2437 713 2507 iu
733 2459 812 2507 casu
828 2438 869 2507 ab
897 2436 971 2506 aliis
990 2438 1144 2509 admitti·

205 2541 281 2599 tur.
303 2528 501 2599 Huiusmodi
518 2528 642 2637 qnippe
658 2530 884 2602 iuramentum
904 2531 991 2602 Deus
1008 2552 1075 2601 nnn
1100 2531 1146 2600 vi-

211 2623 309 2691 detur
329 2632 513 2714 acceptare,
537 2622 600 2692 nisi
620 2623 654 2693 in
675 2625 851 2696 utilitatem
873 2625 1027 2716 puellae,
1057 2647 1144 2715 quae

209 2715 349 2804 proinde
364 2727 471 2804 potest
485 2716 738 2805 promissionem
752 2719 870 2789 tactam
884 2717 946 2789 sibi
956 2719 1141 2789 remittere

149 2858 155 2867 .
208 2807 272 2888 Oui
292 2808 385 2879 hanc
396 2821 583 2899 sequuntur
599 2813 797 2889 sententiam
814 2824 958 2883 mentem
973 2812 1008 2882 S
1026 2813 1144 2883 Docto·

210 2900 314 2973 riser
333 2903 573 2991 posterioribus
592 2903 701 2975 citatis
721 2905 829 2976 verbis
846 2908 890 2975 ita
912 2906 1086 2996 explicant,
1107 2918 1145 2976 ut

210 3014 264 3064 res
290 2994 477 3067 iuramento
495 2998 655 3088 promissa
677 2999 806 3069 remitti
834 3011 868 3069 et
892 3000 1071 3069 condonari
1101 3001 1144 3069 ab

209 3086 346 3159 homine
365 3103 522 3180 nequeat,
544 3093 705 3182 quando
697 3113 731 3162 rn
761 3094 833 3163 eius
864 3093 1041 3163 utilitatem
1074 3104 1144 3165 tota
1208 3108 1223 3116 ·

209 3201 278 3251 uon
296 3184 403 3267 cedat,
425 3185 472 3254 uti
492 3185 521 3257 si
541 3186 616 3276 quis
635 3186 759 3256 altori
751 3199 879 3256 iuraret
891 3207 927 3255 se
944 3186 1142 3287 religionem

210 3275 452 3364 ingressurum,
472 3280 522 3347 vel
550 3279 730 3349 Ecclesiam
755 3276 1027 3363 aedificaturum,
1057 3301 1145 3370 quae

209 3369 345 3457 proprie
364 3370 550 3441 iuramenta
570 3384 660 3455 sunt,
683 3373 750 3443 sive
773 3387 859 3443 vota.
889 3372 1011 3443 Contra
1031 3384 1144 3443 antem
1250 3396 1254 3409 ·

140 3472 144 3479 ’
210 3460 237 3528 si
258 3463 446 3550 promissio,
470 3465 569 3536 etiam
588 3466 712 3537 intuitu
732 3467 901 3549 Detracta,
921 3466 1144 3539 omninoror-

209 3565 266 3642 gat
285 3554 316 3624 in
326 3557 566 3628 utilitatem
537 3580 620 3643 etus,
645 3561 699 3631 cni
719 3560 866 3631 iuratum
881 3574 942 3642 est,
964 3560 1144 3650 poteritab
