2642 4175
346 365 391 410 on
409 362 646 425 nmnomnxuxs
664 364 863 410 uxrnmoxn
958 355 1024 415 383

134 463 244 535 sistat.
263 459 300 532 st
317 459 490 549 delegatus
507 458 791 550 dispensationem
809 463 985 546 concedat,
1002 485 1071 535 non

134 554 230 627 laetis
251 553 374 625 debitis
410 551 733 642 perquisitionlbua,
765 554 910 643 graviter
937 557 1073 647 quidem

134 658 301 739 peccaret,
322 644 387 717 nisi
405 644 585 715 necessitas
608 645 641 714 id
673 648 914 736 expostularet,
940 651 1000 720 sed
1018 670 1075 721 ve-

135 742 213 821 lide,
234 742 325 810 iuxta
354 738 467 829 plures
494 737 673 822 dectores,
708 740 938 829 dispensaret,
959 744 1073 814 modo

137 853 257 904 causae
277 830 445 921 expositae
462 848 561 901 verae
579 850 697 919 reapse
715 831 803 916 sint,
825 854 866 903 eo
884 835 974 924 qued
993 834 1076 906 Pon·

136 926 213 997 tilcx
224 945 295 996 uon
309 922 459 1014 praecise
468 922 750 1005 informationem,
764 925 822 994 sed
836 926 886 996 rei
902 926 1074 998 veritatem

137 1020 198 1089 sub
218 1037 328 1110 poena
347 1015 713 1105 nullitatIspraecipere
728 1017 873 1087 ridetur.
885 1018 950 1087 Alii
962 1029 1074 1090 autem

137 1110 340 1182 contrariam
354 1119 473 1179 tenent
490 1121 524 1177 et
543 1108 735 1178 innituntur
754 1111 951 1181 auctoritate
970 1111 1076 1182 Bene·

136 1204 215 1275 dieti
233 1202 495 1273 illucescere
514 1219 728 1271 nrosrcnrcr.
748 1203 809 1272 llic
825 1205 1008 1273 notandum
1025 1218 1076 1275 est

137 1298 171 1365 1⁰
187 1298 216 1367 si
230 1295 402 1367 exsecutio
414 1292 671 1383 dispensationis
684 1295 725 1364 ad
742 1294 951 1366 ordinarium
963 1297 1078 1366 remit·

139 1401 241 1474 tatur,
263 1389 412 1479 proiecto
432 1385 582 1456 Vicarlus
601 1387 791 1474 generalis,
818 1399 852 1457 et
870 1388 1021 1459 officialis
1040 1388 1076 1459 in

139 1480 454 1563 matrimonialibus,
470 1479 598 1549 litteras
618 1481 755 1575 exsequi
769 1481 903 1570 poterit,
924 1482 1008 1572 quin
1023 1481 1077 1551 in·

136 1576 248 1665 digest
265 1573 402 1663 speciali
422 1572 595 1656 mendato3
617 1570 655 1640 t⁰
676 1573 704 1643 si
732 1575 773 1643 ad
792 1573 993 1667 Episcopum
1017 1594 1073 1645 ra·

138 1668 302 1750 mittatur,
322 1684 385 1736 nec
404 1665 551 1735 Vicarius
570 1666 739 1755 generalis
756 1665 904 1758 exsequi,
922 1688 985 1740 nec
1004 1669 1077 1760 ipse

137 1760 320 1850 Episcopus
349 1769 457 1848 potest
485 1759 566 1826 dare
597 1759 742 1848 speciale
771 1762 989 1845 mandatum,
1010 1762 1076 1832 nisi

137 1853 170 1921 in
190 1851 354 1941 rescripto
375 1851 405 1921 ei
432 1852 531 1920 detur
569 1850 707 1920 facultas
741 1852 1006 1942 subtemporali,
1038 1866 1081 1925 nt

137 1956 227 2035 patet
247 1964 288 2014 ex
306 1963 467 2032 responso
486 1963 516 2012 s.
534 1940 815 2013 Poenitentiariae
836 1943 858 2012 5
877 1957 962 2035 sapt.
981 1944 1075 2016 1859

138 2039 177 2108 ad
211 2037 412 2128 Episcopum
446 2034 718 2117 (landavensem,
754 2035 812 2104 ubi
832 2038 873 2105 ad
892 2037 1032 2107 dubium
1052 2038 1077 2107 d

141 2131 309 2221 «qnando
328 2127 593 2219 dispensationes
617 2128 659 2196 ad
686 2127 910 2216 Episcopum,
942 2128 1077 2199 ordina·

138 2224 239 2306 mum,
259 2223 434 2292 officialem
455 2221 660 2308 diriguntur,
683 2219 860 2309 quaeritur
877 2240 920 2289 an
940 2221 1077 2311 Episco
1193 2261 1196 2266 ·

140 2338 220 2405 pus,
242 2316 450 2396 ordinarius,
470 2312 641 2397 officialis,
663 2313 844 2403 respective
864 2314 968 2384 alium
986 2315 1077 2383 dele·

138 2430 216 2498 gare
236 2429 297 2498 pro
317 2407 449 2497 singula
469 2426 568 2476 eausa
590 2418 788 2476 oecurrente
808 2406 964 2496 possint?
984 2430 999 2474 s
1021 2427 1077 2478 re·

138 2511 393 2590 sponsumest:
418 2522 434 2566 r
455 2498 636 2588 Negotiis,
658 2498 723 2568 nisi
744 2499 779 2569 in
799 2500 961 2590 rescripto
979 2520 1077 2591 repe·

138 2595 244 2664 riatur
263 2593 402 2663 facultas
421 2591 673 2681 subdelegandi.
693 2615 708 2658 s

183 2686 267 2756 Eum
288 2685 483 2772 contingere
501 2683 680 2774 aliquando
700 2684 814 2774 possit,
830 2698 868 2756 ut
884 2685 951 2755 duo
966 2685 1076 2756 adsint

142 2777 394 2869 impedimenta,
408 2796 551 2866 quorum
564 2796 668 2846 unum
684 2778 853 2865 publicum
865 2778 920 2856 sit,
933 2779 1076 2848 alterum

138 2871 329 2954 occultum,
351 2888 419 2938 uon
439 2868 504 2937 erit
522 2869 580 2938 abs
601 2890 639 2937 re
662 2870 825 2956 quaedam
841 2921 850 2952 ,
869 2882 1002 2958 praeter
1020 2890 1072 2954 ea,

138 2959 1074 3053 qnnesuperiusdiximus,adhnchicexponere.lamvero

140 3068 197 3125 aut
215 3054 453 3144 impedimenta
466 3065 545 3123 snut
558 3053 737 3142 disparata,
756 3064 815 3122 aut
829 3053 1019 3124 coniuncta.
1037 3053 1072 3123 Si

160 3150 298 3230 nimum,
314 3147 444 3215 nullum
462 3146 600 3215 dubium
620 3144 702 3235 quin
718 3147 959 3215 recurrendum
972 3146 1016 3214 sit
1033 3146 1074 3215 ad
1188 3147 1193 3162 ⁸

138 3170 306 3310 Balesium
315 3259 375 3327 pro
389 3238 534 3328 publico,
545 3250 579 3308 et
588 3240 634 3308 ad·
643 3237 936 3307 Paenitentiariam
950 3256 1010 3326 pro
1019 3257 1075 3306 cc·

139 3335 239 3417 culto,
255 3351 318 3402 nec
333 3332 558 3401 necessarium
574 3343 624 3401 est
643 3331 849 3400 mentionem
862 3330 951 3418 apud
968 3349 1073 3401 unum

138 3425 287 3495 tribunal
300 3424 375 3494 fieri
386 3425 427 3493 de
441 3422 688 3514 dispensatione
701 3425 742 3492 ab
757 3426 862 3493 altero
876 3424 1024 3493 obtenta.
1039 3422 1075 3494 Si

138 3519 294 3602 alterurn,
315 3516 516 3608 dispensatio
536 3516 659 3608 publici
686 3516 917 3607 impedimenti
937 3537 955 3587 a
975 3516 1073 3587 llata-
