2642 4175
307 426 374 484 150
647 438 749 483 cnrur
767 438 813 482 m.

260 539 384 608 «Licet
407 550 518 609 votum
538 536 808 620 solemnizatum,
844 537 891 606 ait
919 535 1059 607 loannes
1093 537 1193 607 llllll.

257 633 429 722 Extrarag.
449 635 620 709 Aristonus
640 631 682 700 de
709 631 813 714 voro,
836 652 897 721 per
931 629 1023 699 Sacri
1059 628 1196 703 Ordinis
1249 708 1256 738 Ι

257 727 502 816 susceptionem
538 735 700 813 quantum
729 724 770 794 ad
804 724 1052 813 impediendum
1075 726 1194 794 matri·

258 819 405 890 monium
427 818 704 902 contrabendum,
726 831 826 908 atque
846 819 886 887 ad
906 817 1131 888 dirimendum
1163 819 1192 889 si
1308 822 1309 907 l

256 925 332 1004 post
350 925 555 983 contractum
575 911 694 996 luerit,
715 912 897 982 secundum
931 923 1053 982 statuta
1083 913 1191 982 Cano·

255 1027 337 1077 norn
357 1007 400 1076 sit
418 1007 531 1077 efficax
545 1006 781 1096 reputandum;
802 1006 843 1075 ad
864 1006 1056 1075 solvendum
1076 1016 1190 1076 tamen
1308 1022 1309 1075 t

254 1102 348 1189 prins
368 1112 585 1179 contractum,
603 1098 732 1169 etiamsi
752 1120 813 1190 per
825 1100 934 1169 caruis
953 1100 1105 1189 copulam
1120 1121 1190 1170 non

253 1195 357 1265 fuerit
375 1204 654 1277 consummatum,
676 1213 751 1262 cum
769 1214 831 1264 nec
856 1193 929 1262 iure
963 1193 1091 1277 divino,
1126 1214 1191 1264 uec

253 1309 315 1377 per
332 1309 444 1359 saeros
458 1289 608 1358 Canonos
627 1287 816 1376 reperiatur
835 1286 898 1356 boc
931 1296 1109 1367 statutum,
1136 1288 1189 1356 in·
1227 1368 1229 1372 μ

252 1382 397 1451 validum
413 1393 463 1450 est
482 1380 721 1451 censendum.»
738 1380 858 1451 Contra
875 1401 953 1453 roro
969 1381 1118 1450 solemne
1134 1403 1190 1451 re·

252 1475 391 1563 ligiosae
410 1474 624 1564 prolessionis
646 1484 758 1544 votum
788 1475 916 1544 dirimit
935 1474 1189 1544 matrimonium
1308 1550 1309 1555 ,

254 1568 353 1638 etiam
373 1579 591 1652 contractum,
614 1568 712 1637 modo
732 1580 841 1638 ratum
862 1569 1030 1638 dumtaxat
1045 1568 1100 1650 sit,
1120 1589 1188 1639 non
1308 1582 1309 1593 ¹

254 1674 531 1744 consummatum,
551 1663 834 1751 quemadmodum
854 1663 969 1732 eadem
991 1661 1070 1753 Syn.
1092 1662 1184 1732 Trid.

188 1793 194 1798 ·
254 1755 405 1825 delinivit
422 1777 502 1826 sess.
521 1756 628 1840 XXIV,
651 1776 725 1824 can.
748 1753 770 1823 6
787 1758 828 1825 de
849 1756 1005 1825 llatrim.:
1025 1780 1040 1822 r
1058 1754 1091 1824 Si
1111 1757 1186 1846 quis

254 1848 374 1919 dixerit
403 1850 654 1920 matrimonium
685 1861 811 1933 ratum,
833 1871 900 1919 uon
920 1861 1186 1919 consummatum

252 1963 316 2033 per
334 1945 515 2015 solemnem
553 1943 744 2032 religiosam
776 1943 1015 2032 professionem
1048 1943 1189 2013 alterius

255 2036 435 2128 coniugum
456 2059 524 2109 non
544 2037 670 2122 dirimi,
692 2038 868 2108 anathema
888 2038 977 2108 sit.»

300 2131 485 2224 inquiritur
505 2133 568 2203 boo
588 2133 659 2202 loco
675 2152 693 2201 a
712 2132 907 2202 Doctoribus
924 2133 966 2200 de
985 2130 1114 2202 ratione
1127 2131 1186 2200 dit·

255 2227 427 2310 terentiae,
451 2237 484 2296 et
503 2226 668 2296 efficaciae
687 2226 754 2295 voti
781 2224 941 2316 simplicis
961 2236 994 2294 et
1013 2225 1182 2308 solemnis,

252 2331 367 2390 utrum
385 2341 424 2389 en
456 2320 530 2390 iure
555 2320 699 2389 naturali
721 2330 755 2388 et
780 2320 891 2389 ditiuo
920 2330 1029 2388 ortum
1051 2318 1182 2400 habeat,

251 2433 293 2482 an
314 2432 352 2481 ex
378 2412 453 2481 iure
484 2412 653 2483 dumtaxat
679 2413 926 2483 ecclesiastico?
957 2411 1040 2481 Sunt
1073 2423 1182 2481 autem

248 2505 398 2578 rationes
420 2505 544 2593 plures,
566 2519 800 2595 conputamus
831 2506 863 2576 id
900 2517 1007 2576 toturn
1037 2526 1074 2575 ex
1109 2506 1183 2576 iure

251 2597 476 2668 ecclesiastico
496 2599 680 2689 proficisci:
706 2600 743 2667 t⁰
761 2600 840 2691 quia
861 2613 1043 2689 utrumque
1071 2610 1181 2669 votum

251 2690 471 2761 essentialiter
486 2714 554 2763 non
568 2694 690 2776 differt;
706 2715 811 2783 quare
823 2694 1030 2765 Goelestinus
1048 2691 1092 2761 lll
1107 2714 1178 2784 cap.

250 2780 353 2866 nom
371 2785 506 2856 Curatur
526 2787 607 2857 haee
627 2787 746 2857 habet:
772 2813 787 2855 r
810 2788 947 2877 simplex
962 2800 1074 2857 votum
1094 2789 1180 2876 apud

249 2876 353 2952 Deum
375 2899 441 2948 nou
462 2880 573 2950 minus
592 2882 717 2971 obligat
736 2903 834 2971 quam
850 2883 1033 2951 solemne.»
1050 2878 1085 2947 2⁰
1097 2880 1178 2962 Quia

248 2970 436 3050 Bonifatius
455 2973 524 3043 Vlll
544 2995 617 3064 cap.
654 2974 743 3043 unio.
776 2976 817 3045 de
836 2974 917 3046 voto
948 2975 982 3044 iu
1011 2973 1050 3058 6,
1073 2986 1124 3053 et,
1144 2988 1180 3046 ut

248 3065 331 3135 alios
352 3078 570 3156 praeteream,
592 3067 772 3158 Gregorius
787 3069 859 3137 Xlll
873 3070 984 3139 Const.
1004 3092 1019 3134 r
1037 3066 1181 3138 ascult-
1303 3129 1304 3154 ,

246 3158 382 3230 DENTE
402 3160 554 3231 DOlllNO
571 3187 601 3246 s,
617 3160 663 3232 25
681 3163 756 3232 llaii
776 3160 869 3232 1584
886 3182 1040 3252 expresse
1060 3172 1178 3231 testari·
1217 3235 1220 3240 ,

247 3264 323 3336 tur,
350 3279 364 3321 r
384 3255 474 3345 quod
494 3257 559 3326 voti
577 3257 771 3326 solemnitas
790 3277 827 3325 er
847 3258 916 3326 sola
943 3255 1178 3325 constitutione
1302 3345 1303 3348 Ἴ

246 3345 414 3418 Ecclesiae
433 3361 483 3419 est
502 3349 646 3421 inventa.
662 3375 676 3416 r
693 3348 730 3419 3⁰
750 3352 829 3442 quia
849 3352 997 3420 solemne
1018 3346 1175 3418 castitatis
1302 3353 1303 3362 ’

245 3448 356 3508 votum
384 3462 422 3511 ex
450 3443 524 3513 iure
540 3444 686 3514 naturali
706 3456 739 3514 et
758 3445 868 3514 divino
888 3454 957 3513 tum
978 3442 1097 3532 primis
1115 3442 1175 3510 lic·

247 3532 367 3603 clesiae
385 3536 537 3622 saeculis,
567 3548 637 3607 tum
666 3538 842 3628 posteriori
865 3548 972 3608 aetate
992 3536 1107 3607 debuit
1127 3556 1190 3604 ea·

246 3625 321 3694 dem
346 3626 468 3699 virtute
494 3641 528 3700 et
550 3632 694 3702 efficacia
727 3633 914 3723 praeditum
944 3650 1042 3715 esse;
1065 3641 1100 3700 at
1117 3628 1176 3698 riri
