2642 4175
264 320 328 379 158
600 330 701 376 carun
717 331 765 374 1n.

216 433 323 503 valide
345 429 594 500 matrimonium
614 429 836 512 contrahere,
855 427 934 497 licet
949 428 1095 497 secundo
1114 429 1162 497 li·

221 546 304 596 neae
321 525 475 614 obliquae
493 524 596 612 gradu
618 521 880 611 coniungantur,
903 520 1053 612 illudque
1074 521 1160 591 vali·

216 621 297 688 dum
325 638 523 697 remanere,
543 616 670 685 etiamsi
698 617 738 685 ad
771 615 870 684 fidem
906 626 1151 685 convertantur.

173 749 175 755 π
216 712 296 781 Vide
326 732 399 802 cap.
431 710 616 780 Gaudemus
638 707 684 793 8,
719 710 760 778 de
792 708 952 779 divortiis.
981 711 1030 777 ttn
1062 709 1152 779 idem

217 806 282 876 dici
303 805 422 875 debeat
450 806 491 874 de
512 801 732 873 matrimoniis
753 803 795 872 ab
815 802 1005 872 infidelibus
1034 802 1151 887 initis,

217 899 285 970 sive
316 899 349 967 in
382 899 487 987 gradu
513 897 658 968 secundo
688 917 726 966 ac
762 896 933 966 remotiori
965 896 1073 966 lineae
1098 916 1156 966 rc-

177 1072 181 1075 ,
217 1004 301 1077 ctae,
321 993 387 1061 sive
402 994 436 1060 iu
451 991 558 1082 primo
576 991 680 1079 gradu
694 990 802 1060 lineae
816 990 982 1079 obliquae,
1002 990 1155 1080 quaestio

220 1098 293 1169 est,
315 1086 409 1156 onius
429 1085 549 1155 solutio
568 1083 749 1154 theoretica
772 1084 903 1174 'pendet
922 1105 940 1152 a
957 1084 1154 1174 quaestione

183 1232 190 1245 .
220 1180 285 1249 iam
307 1180 442 1270 agitata3
460 1199 502 1247 an
523 1179 604 1247 haec
624 1177 834 1247 matrimonia
852 1176 925 1246 iure
939 1189 1090 1262 naturae,
1110 1198 1154 1247 an

221 1274 332 1363 potins
353 1274 426 1342 iure
454 1268 597 1361 positivo
622 1272 757 1356 divino,
779 1273 829 1339 vel
859 1271 1018 1340 canonico
1039 1271 1154 1362 probi·
1217 1314 1220 1315 ν

218 1367 372 1437 beantur.
392 1366 512 1434 Verum
534 1364 695 1455 quidquid
716 1366 760 1435 sit
779 1365 819 1434 de
839 1365 1035 1456 quaestione
1053 1365 1150 1450 iuris,

217 1459 299 1528 illud
322 1460 408 1550 apud
425 1479 541 1527 omnes
561 1459 747 1528 admittitur
766 1459 800 1528 in
818 1459 909 1548 praxi
927 1460 1014 1531 baud
1032 1460 1155 1529 huben·

218 1553 258 1621 da
277 1574 348 1623 esse
369 1552 560 1621 huiusmodi
577 1552 740 1621 connubia
761 1563 931 1642 tamquam
945 1553 1037 1622 nulla
1057 1575 1095 1622 ac
1108 1553 1154 1622 ir·

216 1647 293 1730 rita,
311 1647 375 1716 nisi
391 1659 566 1736 postquam
587 1645 620 1714 S.
643 1646 828 1736 Apostolica
845 1645 1005 1716 iudicium
1026 1646 1148 1716 emisit.

219 1740 304 1808 Hinc
323 1741 350 1809 si
377 1740 527 1809 infideles
548 1751 782 1809 convertantur
812 1741 987 1830 separandi
1008 1752 1085 1810 sunt
1109 1741 1151 1811 ob

219 1833 364 1903 incestus
382 1834 579 1924 periculum,
602 1846 634 1902 et
653 1832 688 1902 S.
710 1833 810 1903 Sedes
830 1856 890 1923 pro
909 1834 1075 1904 solutione
1094 1837 1153 1904 du·

217 1926 263 2005 bii
284 1929 324 1996 de
348 1928 515 1997 validitate
535 1926 619 1996 adiri
641 1927 752 1997 debet.
773 1926 902 1997 Pariter
921 1949 1076 1998 recursus
1095 1929 1156 1998 fiat

91 2024 95 2029 ’
216 2019 300 2090 adS.
312 2019 441 2106 Sedem,
453 2022 479 2090 si
489 2033 607 2109 agatur
620 2021 661 2090 de
674 2020 885 2091 matrimonio
902 2021 943 2091 ab
963 2022 1155 2093 infidelibus

86 2185 90 2190 ,
218 2115 302 2185 inito
322 2116 408 2186 intra
428 2117 570 2205 gradus,
590 2137 650 2206 pro
670 2115 792 2205 quibus
811 2127 954 2205 potestas
974 2116 1077 2186 civilis
1102 2118 1154 2186 in·

216 2209 418 2280 validitatem
436 2210 599 2290 decrevit,
624 2210 701 2279 licet
720 2229 828 2278 sermo
848 2210 891 2278 sit
909 2210 950 2279 de
970 2210 1128 2298 gradibus
1143 2233 1162 2294 ,’
1259 2259 1262 2267 -

221 2302 307 2373 iutra
328 2324 412 2393 qnos
431 2302 617 2372 invaliditus
636 2302 709 2372 iure
725 2315 865 2372 naturae
883 2324 952 2372 uon
971 2304 1093 2389 existit;
1108 2305 1153 2374 si·

218 2397 353 2485 quidem
373 2396 534 2478 doctriua,
552 2416 638 2485 quae
657 2406 851 2486 potestatem
873 2395 989 2466 tribuit
1009 2397 1151 2489 principi

219 2488 306 2557 civili
343 2488 578 2577 impedimenta
613 2489 801 2558 dirimentia
840 2490 1060 2561 constituendi
1094 2512 1155 2581 pro

212 2581 444 2650 'matrimoniis
464 2581 648 2651 infidelium
669 2603 736 2651 uon
760 2583 867 2652 sotum
891 2584 1022 2669 libera,
1045 2586 1102 2655 sed
1123 2598 1157 2655 et

221 2674 430 2744 communior
454 2685 515 2744 est.
548 2675 653 2745 Porro
674 2696 759 2766 quae
789 2678 830 2745 de
850 2677 1041 2748 infidelibus
1069 2678 1155 2748 dicta

165 2823 167 2826 .
222 2768 396 2857 bucusque
413 2779 501 2851 sunt,
517 2791 532 2833 n
557 2769 740 2858 respiciunt
754 2771 906 2859 coniugia
921 2772 1004 2840 inita
1018 2771 1058 2840 ab
1074 2773 1154 2861 ipsis

221 2860 308 2930 inter
340 2880 386 2930 se.
407 2860 490 2931 Nam
511 2863 758 2933 matrimonium
787 2865 928 2934 infidelis
960 2886 1036 2934 cunr
1065 2865 1154 2935 fideli

221 2954 352 3023 irritum
373 2965 422 3023 est
442 2975 509 3024 non
528 2958 635 3025 solum
655 2958 697 3026 ob
717 2959 826 3028 cultus
845 2959 1083 3048 disparitatem,
1100 2979 1155 3028 ve·

183 3120 187 3126 ,
221 3067 297 3116 rum
318 3048 417 3118 etiarn
444 3050 486 3118 ob
506 3051 823 3139 consanguinitatem
855 3049 939 3122 intro
962 3050 1087 3142 'gradus
1114 3052 1156 3121 ab

221 3141 366 3211 Ecclesia
398 3143 604 3233 prohibitos,
628 3166 730 3233 quum
764 3146 798 3213 in
825 3145 876 3215 bis
909 3147 1001 3214 locus
1026 3146 1157 3216 nonsit

222 3236 512 3306 communicationi
533 3237 697 3327 privilegii
723 3239 963 3329 exemptionis,
987 3239 1065 3328 quia
1087 3255 1155 3309 non

212 3328 333 3416 *agitur
351 3330 392 3399 de
411 3330 516 3399 forma
535 3343 734 3415 contractus,
757 3332 896 3424 eiusque
911 3332 1154 3413 individuitate,

223 3420 265 3489 de
293 3444 358 3511 qua
379 3443 488 3492 sermo
508 3435 558 3493 est
584 3426 704 3509 solnm,
731 3425 788 3495 ubi
805 3428 846 3496 de
866 3426 1154 3511 clandestinitate,

223 3515 501 3603 quemadmodum
523 3538 584 3588 suo
602 3519 675 3589 loco
694 3519 888 3591 videbimus.
