2642 4175
278 336 342 394 138
612 349 713 394 onrur
731 350 778 393 111.
886 316 902 342 ⁶

229 447 357 517 tollitur
370 469 549 519 consensus
562 450 596 519 in
615 467 805 538 personam,
827 468 913 537 quae
933 447 1097 517 obiectum
1113 462 1163 517 est

230 542 446 612 matrimonii.
456 541 517 623 Qui
532 541 677 612 enimsic
688 541 900 622 contrahunt,
917 541 1072 610 reversio
1087 562 1160 612 eam

229 646 352 705 certam
365 645 399 704 et
409 635 660 704 determinatam
670 655 844 724 personam
859 634 1082 717 consentiunt,
1093 645 1162 703 tan·

229 739 300 796 tum
316 728 351 796 in
364 749 403 798 eo
419 729 589 813 falluntur,
601 729 690 818 quod
704 747 814 816 ex.gr.
826 728 998 818 pulchram
1011 739 1068 796 aut
1079 726 1160 795 divi·

230 832 295 890 tem
310 831 438 911 putent,
455 843 541 914 quae
554 821 712 892 delormis
725 832 783 890 aut
796 842 922 911 pauper
936 832 996 889 est:
1015 820 1160 910 ‹Utpote

229 913 255 983 si
267 915 468 1004 quisernerit
485 917 660 1005 agrumvel
669 915 810 998 vineam,
821 934 919 1003 quam
936 913 1072 1003 putabat
1089 932 1161 983 esse

230 1008 446 1092 uberrimam,
475 1009 623 1099 quamvis
643 1009 704 1101 iste
725 1019 853 1077 erraret
875 1006 908 1075 in
930 1006 1090 1096 qualitate
1109 1027 1160 1075 re·

228 1098 316 1186 rum,
339 1122 409 1171 rem
432 1103 542 1172 minus
559 1102 701 1171 lertilem
723 1101 880 1184 emendo,
903 1121 970 1169 non
988 1111 1094 1189 potest
1111 1110 1160 1168 ta-

229 1214 306 1265 men
321 1196 543 1266 venditionem
573 1194 772 1276 rescindere,
791 1217 805 1259 ι
829 1193 1108 1283 quemadmodum
1126 1193 1161 1260 in

227 1288 359 1377 saepius
381 1288 480 1358 citato
506 1288 639 1364 Ganone
671 1287 954 1357 animadvertitur.
977 1286 1018 1355 Et
1035 1306 1114 1355 sane
1133 1286 1161 1355 si

227 1399 324 1449 error
341 1382 509 1470 qualitatis
527 1393 559 1450 et
572 1381 724 1450 fortunae
741 1381 874 1470 nuptias
893 1380 1006 1448 irritas
1025 1379 1159 1463 laceret,

133 1560 140 1569 ι
227 1472 337 1542 omnia
359 1476 599 1563 propemodum
620 1473 845 1557 matrimonia,
869 1493 988 1562 magno
1008 1472 1111 1561 prolis
1130 1486 1163 1543 et

226 1565 440 1656 Reipublicae
460 1567 673 1651 detrimento,
695 1579 751 1636 aut
771 1566 863 1636 irrita
884 1577 1004 1646 essent,
1025 1578 1081 1635 aut
1100 1566 1161 1635 du·

226 1658 293 1740 bia,
315 1658 393 1728 ilum
415 1661 465 1728 vel
482 1662 573 1730 nulla
594 1662 644 1730 vel
662 1681 765 1750 pauca
783 1661 960 1730 admodum
981 1680 1018 1728 ea
1035 1659 1113 1738 sint,
1129 1659 1162 1728 in

226 1751 348 1840 quibus
367 1753 487 1843 aliquis
507 1775 602 1823 error
622 1754 709 1822 circa
730 1754 921 1843 qualitatem
943 1764 976 1823 et
995 1753 1162 1822 fortunam

224 1863 292 1913 non
312 1846 496 1935 contingat.
517 1847 606 1929 Quae
626 1848 761 1937 quidem
780 1858 830 1917 est
844 1844 1032 1916 eommunis
1045 1845 1162 1916 Docto·

224 1957 301 2006 rum
321 1941 497 2018 sententia,
518 1941 578 2010 etsi
599 1961 694 2010 error
719 1939 888 2029 qualitatis
921 1950 979 2009 aut
1009 1940 1162 2009 fortunae

225 2051 263 2100 ex
282 2032 419 2103 alterius
439 2033 514 2104 dolo
536 2055 668 2105 oausam
691 2034 819 2104 dederit
837 2034 1067 2117 matrimonio,
1091 2045 1161 2103 tum

176 2173 180 2180 »
225 2125 302 2214 quia
328 2127 424 2197 dolus
450 2149 511 2217 per
527 2150 562 2198 se
583 2150 648 2199 nun
680 2138 730 2198 est
751 2127 1026 2217 impedimentum
1047 2129 1163 2197 matri-

176 2263 181 2268 ·
224 2219 341 2304 monii,
365 2232 431 2289 tum
452 2222 530 2310 quia
551 2242 732 2292 consensus
756 2220 790 2288 in
811 2238 986 2310 personam
1006 2241 1083 2290 uere
1104 2223 1162 2290 ad-

224 2311 298 2393 luit,
321 2314 496 2382 nonenim
529 2315 562 2381 in
593 2335 733 2405 persona
756 2314 852 2404 ipsa,
888 2314 944 2382 sed
978 2325 1106 2383 tanturn
1127 2316 1160 2383 in

225 2405 441 2492 qualitatibus
458 2427 619 2495 personae
634 2419 784 2477 erratum
802 2420 862 2477 est.
881 2407 958 2475 Vide
973 2405 1006 2477 S.
1022 2407 1058 2479 C.
1074 2408 1113 2477 C„
1128 2407 1163 2476 in

226 2496 504 2568 Valachiendlat.
523 2498 568 2568 ill
582 2499 656 2570 Deo.
682 2498 788 2569 latu.
803 2500 893 2570 ldem
911 2500 1086 2570 dicendum
1101 2514 1163 2583 est,

224 2588 305 2658 licet
320 2610 418 2660 error
432 2592 602 2680 qualitatis
619 2593 781 2663 eiusmodi
799 2594 853 2673 sit,
867 2605 904 2663 ut
921 2593 1077 2662 affirmari
1090 2615 1164 2683 pos·

226 2680 269 2751 sit
287 2693 523 2774 partem,quae
541 2688 673 2770 erravit,
697 2687 890 2776 neutiquam
912 2687 1160 2757 matrimonium

227 2772 359 2845 inivisse
380 2778 406 2845 si
434 2779 626 2868 qualitatem
654 2780 808 2849 novisset.
831 2779 1001 2849 Contraria
1027 2780 1157 2870 itaque,

227 2888 326 2956 quam
343 2881 456 2938 tuetur
474 2874 671 2943 sententiam
690 2872 816 2943 Walter
833 2894 888 2962 op.
910 2872 1082 2942 Lehrbuch
1103 2875 1160 2944 des

226 2959 475 3033 kirchenrechts
490 2966 543 3033 ad.
557 2963 643 3034 l8dl
656 2965 774 3054 nequit
790 2965 931 3035 admitti.
947 2966 1053 3054 lgitur
1068 2978 1160 3037 uter·
1248 3009 1272 3032 ι,

228 3074 294 3142 que
313 3075 407 3126 error
421 3068 490 3126 turn
508 3060 615 3127 solum
636 3059 768 3148 nuptias
782 3058 920 3139 dirimit,
935 3080 1037 3148 quum
1056 3057 1160 3149 quali-

208 3158 289 3232 ter,
305 3148 415 3240 inqua
430 3165 572 3234 erratur,
580 3173 640 3241 per
653 3153 787 3221 modum
801 3151 1000 3222 conditionis
1010 3155 1158 3244 apposita

227 3251 288 3323 est,
311 3244 389 3331 quia
411 3244 585 3314 deficiente
604 3245 794 3314 conditione
812 3265 992 3315 consensus
1023 3247 1159 3327 delicit,

227 3342 264 3399 ut
282 3335 414 3423 saepius
429 3337 554 3406 dictum
575 3350 640 3419 est,
673 3351 732 3407 aut
754 3339 887 3428 quando
908 3339 1107 3409 contrahens
1127 3343 1158 3410 ei

226 3425 376 3512 qualitati
398 3429 442 3497 ita
461 3450 655 3500 consensum
675 3451 771 3501 suum
791 3431 953 3519 alligavit,
977 3443 1012 3501 ut
1031 3432 1058 3502 si
1076 3432 1160 3504 haee

226 3515 323 3597 absit,
342 3513 490 3591 animum
513 3525 730 3595 contrahendi
750 3523 816 3595 non
835 3524 972 3608 habeat,
988 3546 1040 3595 ex.
1055 3545 1113 3614 gr:
1129 3530 1158 3597 si
