2642 4175
361 373 405 416 un
422 371 657 419 turcorunrmrs
676 370 874 421 uarumcun
975 363 1038 419 149

148 469 229 537 dum
266 468 355 538 inter
374 471 523 539 solemne
543 480 577 538 ot
603 468 742 560 simplex
768 479 880 539 votum
902 472 1086 557 castitatis,

147 565 229 632 dnm
252 563 459 633 constituunt
478 575 591 634 uotum
610 562 749 654 simplex
769 565 928 636 castitatis
953 567 1088 657 nuptias

148 677 219 727 uon
241 657 452 741 rescindere,
474 659 532 727 sed
563 669 691 728 tautum
717 659 905 747 impedire;
940 662 1090 733 solemne

148 763 266 820 autern
289 762 323 821 ει
349 751 523 841 impedire,
543 761 577 821 et
596 753 726 822 nullum
756 753 897 823 reddere
921 755 1090 825 matrimo-

150 844 260 927 nium,
276 845 365 935 quod
384 845 615 915 contrahetur.
637 846 754 919 Votum
769 847 908 936 simplex
928 858 978 917 est
997 850 1086 918 unda

151 939 332 1026 promissio
362 940 446 1008 lacta
473 940 541 1009 lieo
573 940 640 1009 sive
673 941 824 1032 publice,
846 940 913 1009 sire
932 954 1085 1027 secreto;

34 1124 35 1127 Ἴ
149 1033 306 1103 solemne
322 1053 399 1102 uero
421 1044 470 1105 est
483 1033 672 1123 promissio,
693 1056 781 1127 quse
801 1044 834 1103 et
852 1034 1019 1104 Ecclesiae
1036 1036 1085 1120 su,

152 1127 280 1196 eteius
300 1127 496 1201 suctoritste
516 1126 678 1218 probatur
708 1143 742 1202 et
768 1127 944 1217 accipitur.
976 1127 1087 1209 Ouure

150 1220 235 1288 illud
257 1234 308 1291 est
329 1231 441 1290 uotum
460 1222 622 1301 solemne,
643 1226 731 1313 qnod
757 1223 807 1293 vel
824 1221 859 1291 in
879 1220 969 1291 Sacri
991 1220 1087 1291 Ordi-

151 1314 203 1383 nis
222 1315 458 1404 susceptione,
485 1316 536 1386 vel
556 1316 590 1385 in
617 1317 757 1389 solemni
789 1315 945 1406 religiosa
964 1315 1088 1405 proles·

148 1407 247 1478 sionc
266 1421 491 1498 nuncupatur.
512 1434 527 1476 r
543 1409 731 1483 Praesentis
751 1409 904 1482 duximus
918 1409 1088 1480 declaran-

149 1502 232 1570 dnm
253 1503 391 1588 oraculo
423 1503 625 1588 sanctionis,
648 1505 695 1574 ait
724 1504 912 1577 Bonilacius
932 1503 999 1572 Vlll
1030 1504 1085 1577 cit.

150 1616 241 1685 cup„
265 1597 347 1665 illud
372 1597 481 1666 solum
514 1609 624 1667 uotum
661 1600 784 1671 debere
816 1598 881 1667 dici
914 1598 1087 1682 solemne,

149 1702 316 1778 quantum
338 1690 377 1760 ad
394 1703 470 1780 post
499 1703 706 1763 contractum
738 1691 986 1764 matrimonium
1007 1691 1090 1760 diri·

153 1784 341 1867 mendum,
364 1787 452 1874 quod
472 1786 724 1856 solemnizatum
758 1787 859 1857 luerit
888 1806 947 1875 per
979 1804 1090 1856 susce·

151 1877 311 1966 ptionem
324 1877 415 1947 Sacri
435 1878 583 1965 Ordinis,
610 1893 669 1950 aut
687 1901 746 1971 per
773 1880 1011 1972 professionem
1038 1900 1092 1948 ex-

152 1992 317 2058 pressam,
348 1973 398 2041 rel
419 1974 550 2043 tacitam
581 1973 828 2044 lactamalicni
850 1973 892 2040 de
911 1970 1092 2061 Religioni·
1190 2020 1199 2031 ,

153 2064 216 2135 bus
236 2086 298 2156 per
320 2064 438 2136 Sedent
464 2068 684 2158 Apostolicam
707 2065 911 2158 approbatis.
933 2089 948 2131 u

199 2160 368 2230 Haeretici
411 2163 636 2251 posteriorum
673 2172 860 2250 temporum
907 2159 1094 2227 docueruut

149 2254 303 2323 solemne
334 2265 446 2324 votum
476 2256 636 2326 castitatis
674 2254 811 2344 nuptias
851 2249 1093 2322 contrahendas

151 2368 219 2417 non
241 2348 416 2437 impedire,
436 2370 546 2439 neque
567 2360 754 2420 contractus
773 2346 952 2427 dirimere,
976 2354 1091 2415 contra

149 2462 238 2531 quos
258 2440 337 2532 Syn.
361 2442 454 2510 Trid.
475 2464 558 2513 sess.
580 2443 687 2528 lllllV,
707 2464 781 2512 ceu.
809 2439 842 2521 O,
868 2440 909 2510 de
940 2439 1087 2508 Sacram.

152 2534 252 2606 llatr.
273 2535 433 2605 delinivit:
459 2561 474 2603 r
492 2536 525 2606 Si
542 2537 618 2628 quis
632 2536 752 2606 dixerit
768 2534 915 2612 Olericos
931 2533 965 2602 in
984 2530 1092 2602 Sacris

153 2627 334 2699 Ordinibus
353 2629 561 2715 constitutos,
578 2631 627 2700 vel
642 2630 825 2719 Regulures
844 2626 1029 2698 castitatem
1042 2648 1093 2697 so·

155 2723 313 2792 lemniter
331 2723 497 2813 professos
518 2745 613 2815 posse
642 2723 893 2794 matrimonium
914 2719 1093 2792 contrahe·

154 2836 201 2901 re,
225 2829 502 2908 contractumque
540 2818 685 2887 validum
718 2838 802 2900 esse,
835 2837 903 2885 non
938 2814 1091 2885 obstante

151 2910 228 2998 lege
247 2911 496 2995 ecelesiastica,
525 2912 575 2981 uel
594 2921 687 2996 voto,
710 2912 886 2982 anathemo
906 2908 961 2979 sit.
982 2930 997 2973 u
1031 2907 1092 2979 lle·

152 3024 228 3073 rum
258 3004 344 3074 llaec
378 3006 444 3074 dno
480 3013 552 3075 vota
583 3005 669 3075 socri
701 3003 858 3088 Ordinis,
890 3014 924 3072 ει
957 3000 1093 3091 religio-

153 3116 209 3167 sue
228 3098 447 3189 professionis
466 3119 535 3169 uon
555 3120 661 3191 aequa
682 3098 712 3167 vi
739 3098 922 3177 dirimunt;
943 3115 1020 3163 nam
1041 3115 1093 3164 vo·
1139 3183 1141 3188 Ι

154 3200 223 3260 tnm
243 3194 418 3276 solemne,
437 3213 497 3263 seu
529 3194 581 3262 lex
614 3192 819 3275 uuelibatus,
846 3187 960 3259 Ordini
992 3185 1092 3256 Sacro

152 3286 468 3370 adnexum,dirimit
480 3287 614 3376 quidem
631 3284 896 3366 matrimonium,
915 3280 1004 3371 quod
1021 3294 1094 3371 post.

154 3376 286 3450 Ordinis
306 3377 551 3469 susceptionem
573 3380 717 3463 ineatur,
736 3378 794 3448 sed
813 3396 880 3448 uon
895 3375 976 3445 illud
991 3375 1092 3447 etism

152 3475 241 3563 qnod
261 3485 341 3544 ante
366 3472 499 3544 Ordinis
515 3472 760 3563 susceptionem
786 3471 992 3543 contractum
1021 3480 1095 3550 est,

154 3565 229 3639 licet
259 3580 372 3638 ratum
407 3568 577 3638 dumtaxat
611 3566 678 3648 sit,
705 3587 773 3638 non
808 3573 1091 3634 consummatum.
