2642 4175
333 282 377 325 uu
392 278 628 325 manumissam
646 275 846 322 mamonis
946 262 1010 319 159

541 486 633 578 §50-

312 664 358 720 lle
377 660 561 730 pugnatione
574 659 673 730 atriu,
687 674 741 716 serr
759 659 868 728 legali.

183 841 343 931 Cognatio
366 841 494 923 civilis,
514 863 572 911 seu
604 840 721 929 legalis
751 852 801 910 est
831 841 1062 933 propinquitas

132 956 346 1024 personarum
365 957 404 1005 ex
416 937 603 1026 adoptione·
611 934 823 1024 proveniens.
842 936 989 1006 Describi
1003 957 1075 1006 au»

131 1041 193 1099 tem
208 1029 344 1119 adoptio
362 1043 472 1120 potest
490 1054 505 1097 r
522 1042 701 1100 extraneae
718 1049 881 1118 personae
903 1030 938 1098 in
958 1030 1064 1100 lilium

132 1124 177 1192 vel
194 1134 352 1213 nepotem
373 1125 424 1193 vel
440 1123 596 1214 deinceps
615 1122 767 1213 legitima
787 1124 1007 1213 assumptio.»
1023 1124 1065 1191 A·

131 1217 296 1308 doptionis
314 1217 350 1286 in
371 1239 494 1307 genere
512 1229 679 1308 sumptae,
702 1218 886 1287 duaesunt
909 1217 1063 1307 speeies,

130 1331 248 1402 nempe
268 1313 441 1401 arrogatis
463 1323 496 1381 et
517 1310 650 1401 adoptio
677 1311 711 1380 in
736 1314 858 1400 speeie.
893 1311 1069 1401 Arrogatio

132 1416 178 1475 est
212 1404 307 1475 aetus
344 1406 538 1496 legitimus,
573 1425 633 1496 per
665 1425 766 1495 quem
803 1406 1066 1497 paterfamilias,

132 1498 184 1568 ille
214 1498 364 1583 seilicet,
394 1500 452 1590 qui
483 1501 535 1571 sui
567 1498 651 1568 iuris
682 1511 753 1581 est,
780 1521 840 1589 per
869 1499 1070 1589 rescriptum

132 1593 312 1683 principis,
343 1615 441 1664 eausa
474 1593 629 1683 cognita,
658 1594 847 1683 adoptatur.
874 1593 1015 1683 Adoptio
1034 1594 1071 1662 in

132 1686 241 1775 speeie
266 1697 317 1756 est
339 1702 430 1760 aetus
453 1688 648 1777 legitimus,
675 1708 736 1777 per
766 1709 866 1776 quem
887 1688 1001 1770 filius,
1020 1688 1071 1757 nel

133 1780 366 1851 filiusfamilias
398 1804 416 1851 a
443 1792 581 1872 parente
602 1782 636 1851 in
657 1782 868 1871 adoptionem
890 1781 985 1852 alteri
1013 1781 1071 1851 da·

134 1884 186 1942 tur
218 1875 416 1946 auctoritate
447 1875 673 1965 magistratus.
714 1876 856 1965 Adoptio
888 1875 929 1944 in
961 1876 1072 1965 speeie

133 1968 211 2036 olim
249 1967 322 2038 sine
356 1971 424 2039 ullo
458 1968 652 2039 discrimine
687 1989 818 2059 semper
852 1969 1073 2038 transferebat

133 2061 325 2152 adoptatum
366 2062 401 2132 in
434 2063 538 2154 patris
571 2061 717 2152 adoptivi
754 2062 979 2151 potestatem,
1013 2062 1072 2131 sed

133 2156 318 2246 Imperator
333 2157 536 2227 lastinianus
548 2157 583 2227 id
605 2156 805 2237 immutarit,
828 2175 956 2243 suaque
974 2154 1072 2243 quip-

134 2272 172 2338 pe
191 2251 431 2321 eonstitutione
447 2251 555 2320 filium
575 2274 593 2322 a
613 2249 713 2321 Patre
730 2248 764 2317 in
782 2248 994 2338 adoptionem
1017 2267 1072 2315 ax-

136 2354 269 2413 transae
293 2365 453 2435 personae
471 2345 606 2428 datum,
630 2364 717 2437 qnae
743 2363 863 2433 nempe
883 2363 950 2412 non
970 2341 1015 2411 sit
1033 2361 1073 2411 ex

136 2438 394 2507 ascendentibus
413 2439 572 2529 adoptati,
589 2440 623 2508 in
643 2436 748 2529 patris
765 2435 909 2526 adoptivi
929 2447 1073 2527 potesta·

137 2540 197 2598 tem
220 2532 417 2622 neutiquam
439 2532 581 2603 transire
601 2532 759 2603 decrevit.
779 2530 873 2601 Unde
894 2530 949 2615 fit,
972 2541 1011 2599 ut
1026 2529 1075 2598 di-

136 2622 278 2693 scrimen
299 2625 388 2695 inter
406 2637 585 2716 utramque
603 2626 815 2717 adoptionem
830 2646 869 2693 ex
881 2623 1005 2716 triplici
1023 2645 1093 2696 ean

137 2715 201 2805 pite
221 2718 363 2802 oriatur;
386 2719 422 2786 l⁰
442 2740 563 2809 nempe
582 2721 770 2790 erratione
790 2718 1017 2800 auetoritatis;
1036 2715 1072 2783 2⁰

139 2830 183 2971 epf
201 2811 334 2882 ratione
354 2811 524 2901 qualitatis
556 2812 591 2882 in
623 2813 805 2905 adoptato,
826 2809 863 2880 3⁰
884 2833 921 2883 ex
945 2809 1073 2882 ratione

140 2915 285 2974 eeotus.

182 2997 335 3069 Resultat
350 3011 460 3069 autem
480 3000 634 3089 cognatio
653 3000 737 3069 haee
754 2998 877 3086 uirilis,
900 3019 958 3069 seu
980 3001 1073 3087 laga·

140 3089 189 3174 lis,
206 3089 242 3158 1⁰
263 3092 353 3162 inter
372 3094 583 3185 adoptantem
604 3105 637 3163 et
652 3093 856 3182 adoptatum,
873 3113 960 3182 quae
974 3104 1024 3162 est
1037 3092 1075 3160 li·

140 3204 198 3254 nea
220 3199 310 3263 reeta
333 3186 366 3255 in
386 3187 583 3275 cognatione
610 3186 735 3275 legali,
762 3199 795 3256 et
819 3184 943 3254 dieitur
962 3196 1073 3274 pater·
1096 3227 1102 3232 Ι

141 3277 287 3363 nitas,2⁰
305 3279 393 3352 inter
411 3281 602 3370 adoptatum
618 3292 652 3350 et
665 3280 750 3349 filios
765 3277 963 3369 adoptantis,
985 3299 1072 3369 quae

142 3383 189 3440 est
208 3373 295 3443 linea
327 3373 687 3466 quastuansvsrsalis‚
708 3395 768 3444 ssu
789 3373 937 3462 obliqua,
959 3371 995 3442 in
1016 3394 1072 3441 eo-

142 3466 426 3557 gnationelegali,
444 3478 478 3538 et
495 3480 632 3544 vocatur
647 3468 850 3555 fraternitam
873 3465 910 3536 3⁰
928 3486 989 3556 per
1007 3487 1075 3535 mo·
