2642 4175
272 380 339 437 414
612 388 715 435 CAPUT
732 387 777 433 IV.

225 488 301 558 tutti
321 487 420 558 unico
448 501 670 576 argumento,
703 488 792 577 quod
813 486 1064 557 matrimonium
1084 498 1169 558 coh·

225 593 427 651 summatum
444 593 674 671 repraesentat
693 581 851 650 unionem
865 579 987 651 Christi
1005 602 1081 651 cnm
1104 582 1169 652 Ec·

225 673 325 744 clesia
347 694 407 764 per
426 674 702 759 incarnationem,
724 687 825 763 atquc
841 673 919 743 inde
934 675 1166 745 omnimodam

227 766 552 838 indissolubilitatem
572 769 742 840 sortiatur.
765 767 828 837 Per
846 787 920 837 eam
936 767 1040 857 igitur
1058 770 1168 839 solnm

226 862 394 951 copulam,
415 860 575 951 inquiunt
598 862 685 951 ipsi,
720 880 834 951 revera
865 862 957 930 etad
976 863 1168 951 praedictos

227 953 365 1025 allectus
396 953 646 1024 matrimonium
678 955 777 1024 debet
806 956 1054 1038 consummi,
1079 976 1169 1045 quae

229 1046 315 1116 hanc
341 1047 499 1118 unionem
532 1060 635 1137 queat
670 1060 946 1138 repraesentarc;
979 1049 1049 1118 sola
1089 1068 1169 1118 reno
1295 1066 1296 1111 t

228 1141 347 1231 copula
368 1139 552 1211 uoluntaria
572 1143 612 1210 ad
632 1142 720 1210 hanc
738 1141 843 1231 ipsam
863 1141 1020 1210 unionem
1034 1163 1171 1231 reprae

228 1235 423 1304 tentandam
453 1246 504 1304 est
533 1233 679 1317 idonea,
707 1254 784 1304 cnm
810 1233 891 1304 nnio
907 1233 1030 1304 Christi
1049 1237 1171 1304 volun·

231 1328 315 1398 laria
335 1346 471 1418 prorsus
490 1328 603 1412 luerit,
625 1348 692 1398 non
711 1341 842 1412 coacta,
866 1338 924 1398 aut
947 1347 1007 1418 per
1027 1327 1092 1396 ritu
1115 1350 1172 1398 ex·

229 1432 331 1491 torta.
361 1421 411 1489 ab
431 1421 493 1490 hac
509 1421 675 1492 sententia
697 1433 808 1492 tamen
836 1421 1062 1490 recedendum
1083 1423 1173 1490 arhi-

230 1525 373 1583 tramur.
390 1512 520 1582 Etenim
539 1534 600 1604 per
614 1516 768 1605 copulam
783 1515 813 1585 vi
831 1525 991 1583 extortam
1008 1514 1172 1604 coniuges

230 1605 421 1676 cfficiuntur
440 1627 505 1676 una
526 1625 616 1691 caro,
635 1621 674 1677 nt
690 1620 819 1678 constat
840 1626 881 1677 er
896 1628 970 1698 cap.
992 1607 1173 1677 Discretio·

231 1720 306 1768 rtem
324 1700 364 1767 de
381 1719 417 1767 eo
435 1701 495 1790 qui
525 1703 826 1789 muronqoiueom,
860 1701 918 1771 uhi
950 1700 1114 1771 definitur
1133 1724 1172 1771 er

233 1791 424 1860 huiusmodi
455 1794 572 1882 copula
605 1794 798 1865 affinitatem
831 1793 931 1876 oriri:
965 1795 1059 1864 nullo
1090 1804 1171 1864 sane

232 1884 331 1954 modo
351 1884 383 1953 id
405 1887 624 1975 contingerat,
641 1888 711 1957 nisi
730 1909 795 1958 una
811 1908 891 1958 caro
911 1886 1113 1970 efficeretur,
1135 1900 1172 1957 ut

230 1990 417 2048 constater
437 1979 490 2063 iis,
525 1981 671 2069 quaeda
691 1982 851 2051 affinitate
875 1979 1032 2050 diximus.
1055 1981 1170 2069 lungi-

232 2083 288 2142 tur
307 2072 430 2157 etiam,
442 2074 530 2164 quod
549 2074 800 2145 matrimonium
820 2074 1000 2144 favorabile
1020 2074 1075 2159 sit,
1094 2095 1171 2165 cap.

231 2165 312 2235 Eira.
334 2168 375 2235 rie
389 2176 474 2237 seat.
491 2177 522 2236 ot
539 2189 575 2237 re
595 2169 687 2252 iud„
707 2182 809 2259 atque
833 2169 957 2237 idcireo
977 2170 1171 2238 constitutio

203 2267 205 2272 ’
231 2260 415 2348 quaelihet,
430 2282 517 2351 quae
530 2261 677 2351 inipsius
690 2261 941 2331 dissolutionem
954 2263 1173 2345 tenuatum·

232 2373 335 2441 quam
355 2354 469 2423 odiosa
482 2374 548 2423 non
563 2356 663 2425 dehet
677 2356 820 2438 extendi,
834 2355 892 2423 sod
907 2353 1018 2444 potins
1036 2355 1173 2425 rostris

144 2485 149 2494 ,
232 2445 279 2532 gi,
302 2457 339 2513 ut
358 2446 566 2536 intelligatur
580 2448 864 2531 demauimonio,
882 2449 972 2538 quod
990 2449 1087 2517 nullo
1101 2469 1172 2517 mo·

232 2539 276 2605 do
306 2537 375 2607 sive
393 2552 535 2628 sponte,
560 2540 627 2609 sire
646 2563 707 2631 per
740 2541 803 2610 vim
829 2541 932 2610 luerit
958 2555 1173 2610 consumma·

234 2642 319 2697 tum.
343 2630 429 2709 Quin
448 2633 577 2715 obstet,
599 2635 688 2722 quod
722 2655 783 2724 pro
812 2634 978 2704 contraria
1006 2635 1172 2705 sententia

233 2722 413 2792 deductum
430 2735 482 2794 est
497 2739 745 2815 argumentum.
778 2728 902 2818 Copula
924 2726 1014 2796 enim
1031 2727 1172 2818 pervim

234 2826 360 2886 extorta
393 2831 622 2908 repraesentat
653 2820 811 2890 unionem
840 2820 964 2894 Christi
994 2837 1074 2889 cum
1114 2821 1174 2890 Ec·

235 2909 335 2979 clesia
355 2912 464 2999 quoad
485 2913 716 2998 substantiam,
737 2914 904 3004 siquidem
921 2934 1068 3004 peream
1091 2914 1175 2982 fiunt

235 3002 396 3093 coniuges
416 3026 480 3075 una
500 3027 598 3089 caro,
619 3007 874 3077 sicutChristus
892 3027 952 3097 per
971 3027 1109 3076 carnem
1127 3018 1174 3076 est

238 3095 405 3166 Ecclesiae
426 3099 563 3183 unitus,
587 3100 665 3169 licet
680 3120 747 3169 non
769 3110 997 3190 repraesentet
1015 3100 1173 3169 unionem

236 3187 357 3258 Christi
379 3193 487 3280 quoad
509 3194 642 3262 modum
674 3214 748 3261 cum
767 3193 926 3263 Ecclesia:
949 3193 1029 3261 unio
1048 3193 1174 3282 quippe

237 3281 361 3352 Christi
381 3296 561 3374 spontanea
579 3285 652 3370 luit,
674 3287 730 3355 illa
750 3299 875 3371 autem,
894 3288 936 3356 de
948 3308 1012 3376 qua
1028 3287 1172 3375 agimus,

237 3373 393 3445 violenta.
414 3378 483 3446 Hac
502 3389 612 3449 autem
627 3392 756 3449 retenta
773 3380 950 3463 sententia,
970 3379 1011 3449 dc
1027 3400 1069 3449 eo
1088 3381 1175 3447 insu·

237 3485 299 3571 per
313 3467 514 3557 disputatur,
536 3492 578 3541 an
596 3493 690 3555 uror,
708 3494 794 3563 quae
807 3494 868 3563 per
881 3472 945 3541 vim
961 3473 1094 3561 cognita
1110 3481 1170 3553 est,

237 3560 492 3636 interhimestrc
505 3567 686 3654 tempusad
695 3567 948 3636 deliberandum
964 3584 1173 3647 concessum,
