2642 4175
500 350 544 394 uu
565 349 779 396 suessulanus
1015 338 1056 397 21
1171 413 1172 418 ἵ

169 465 255 553 sum,
272 447 453 537 meumque
473 447 528 517 bic
545 448 667 518 habeat
692 449 808 539 regula
829 447 915 519 luris
933 445 992 533 43,
1010 449 1046 519 in
1067 449 1102 535 o,

170 542 228 629 pati
243 548 328 609 locet
345 543 526 611 consentire
542 543 689 612 uidetur?
706 541 755 613 Sit
772 564 823 612 ιι
839 563 892 631 gr.
910 543 1033 651 puella,
1049 544 1105 613 cui
1178 589 1186 602 ·

172 656 189 701 a
207 654 277 704 ruo
296 633 388 724 paris
399 636 605 706 conditionis
631 637 813 707 offerantur
832 637 980 725 nuptiae,
1002 649 1105 727 atque

170 726 267 798 edam
289 728 553 816 promittentium
585 731 655 820 ipsa
675 751 770 815 vero,
792 731 942 822 quamvis
960 729 1102 802 interius

169 820 366 902 ιιιιιιιιιῐιι,
385 823 530 893 exterius
550 834 661 892 tamen
681 844 743 893 nec
761 822 892 908 verbis,
915 844 977 894 uec
994 824 1101 914 siguis

104 919 110 936 '
170 913 243 984 ulbs
264 916 414 984 animum
447 937 546 986 suum
580 916 731 1005 aperiat,
761 918 819 987 sed
843 928 972 987 ιιιιιιιι
992 918 1102 988 ι44ιιι.

168 1007 233 1076 lam
254 1029 335 1079 uero
354 1011 564 1079 communior
583 1010 746 1080 sententia
767 1022 828 1094 est,
842 1011 948 1080 solam
966 1010 1103 1081 tacitur-

170 1101 304 1174 nitatem
322 1103 532 1174 adminiculis
548 1104 621 1173 aliis
641 1104 834 1174 destitutam
854 1103 933 1173 satis
947 1123 1014 1173 nou
1030 1124 1103 1175 esse

169 1195 204 1263 ad
217 1196 441 1267 inducendam
453 1198 655 1288 sponsalium
669 1198 920 1288 obligationem
931 1196 1100 1267 silentium

166 1287 254 1358 euim
276 1311 337 1379 per
355 1312 391 1360 se
404 1292 440 1360 in
453 1292 677 1362 contractibus
697 1292 852 1362 ineundis
868 1290 953 1361 nihil
970 1290 1102 1362 efficere

168 1403 262 1469 posse
282 1383 437 1468 videtur,
460 1387 538 1454 duru
560 1386 826 1455 contrabentium
859 1384 1008 1455 animum
1039 1406 1102 1456 uec

169 1476 296 1563 probat,
312 1498 375 1547 nce
394 1480 592 1563 manifestat,
609 1481 667 1550 sed
681 1480 761 1570 quid
779 1479 925 1550 medium
944 1490 995 1548 est
1013 1480 1100 1549 inter

166 1572 409 1659 expressionem
439 1593 618 1643 consensus
637 1588 671 1644 et
685 1575 865 1656 dissensus,
886 1573 975 1642 iuxta
997 1592 1100 1661 regu·

169 1663 230 1731 lam
247 1664 336 1735 luris
356 1665 452 1750 44,
443 1688 476 1736 ιιι
497 1666 530 1751 6,
553 1669 612 1758 poi
632 1677 715 1737 tacet
733 1689 799 1737 ιιοιι
815 1668 950 1755 sotatur,
969 1666 1025 1734 ced
1042 1687 1101 1734 aaa·

166 1777 226 1845 pate
243 1779 364 1848 uapore
380 1719 525 1831 uidetur.
543 1761 658 1852 ltaque
687 1763 778 1851 prior
804 1762 919 1849 regula
939 1761 998 1849 qui
1017 1767 1100 1827 tacet

167 1854 344 1922 masaritias
360 1856 491 1923 videtur
508 1851 664 1943 armagis
679 1866 809 1942 recepta
826 1852 1100 1960 interpretatione

170 1944 277 2014 locutu
300 1946 429 2018 habet
419 1971 453 2018 ru
474 1948 602 2018 autibus
621 1948 868 2031 favorabilibus,
891 1969 948 2036 qur
940 1946 1099 2015 nullum

165 2058 251 2108 onus
270 2051 304 2109 ct
322 2062 499 2130 gravamen
520 2042 664 2113 aderunt
682 2041 829 2125 tacenti;
857 2061 934 2109 nam
957 2039 1100 2145 quisque

166 2136 391 2219 praesumitur
410 2137 505 2216 velle,
525 2137 614 2226 quod
631 2135 694 2205 sibl
712 2137 836 2204 bonum
851 2144 902 2201 est
916 2144 1015 2221 atque
1034 2133 1101 2201 uti·

165 2225 207 2310 le,
223 2247 291 2296 non
309 2240 418 2299 autem
433 2229 466 2298 in
481 2230 559 2314 illis,
580 2249 667 2319 quae
686 2250 771 2297 onus
786 2228 950 2297 adnexum
967 2225 1101 2305 habeat,

165 2332 222 2390 aut
241 2322 399 2391 damnum
417 2324 537 2392 afferre
556 2335 706 2413 possunt,
725 2333 762 2393 ut
782 2323 816 2390 in
836 2320 1046 2410 sponsalibus
1066 2339 1102 2387 a·

165 2412 286 2503 liisque
304 2417 527 2486 contractibus
548 2417 720 2500 onerosis,
742 2417 777 2483 L.
802 2413 835 2499 8,
858 2415 892 2482 44.
914 2415 955 2484 de
975 2413 1100 2483 Procu-

165 2519 226 2576 ιιι.
244 2533 260 2575 ι
279 2508 418 2578 inritum
439 2511 589 2600 accipere
608 2510 768 2580 debemus
787 2530 855 2578 non
875 2529 951 2578 eum
969 2509 1099 2577 lantum

164 2600 220 2689 qui
241 2604 452 2685 contradicit,
474 2625 586 2673 verum
609 2625 685 2674 euro
707 2625 855 2694 quoque,
878 2603 935 2693 qui
956 2621 1098 2670 consen·

164 2694 245 2765 sisse
276 2717 344 2766 nou
377 2698 549 2786 probatur.
576 2721 590 2764 ι
614 2697 697 2767 Sunt
716 2710 826 2767 autern
860 2698 927 2766 duo
947 2716 1043 2765 casus
1062 2695 1098 2762 iu

164 2789 285 2876 quibus
302 2803 413 2861 tacens
431 2790 572 2860 babetur
592 2814 651 2881 pro
671 2792 897 2862 consentiente
914 2801 948 2859 et
963 2801 1096 2858 coutra-

163 2880 274 2952 hente.
292 2884 317 2952 l
335 2883 367 2958 si
389 2897 500 2954 tacens
517 2886 629 2975 aliquo
646 2886 731 2955 facto
749 2884 908 2953 indicium
929 2882 1097 2972 praebeat,

163 2995 202 3043 ex
220 2998 287 3066 quo
307 2978 440 3047 animus
459 2979 676 3047 contrahendi
697 2979 868 3068 prodatur.
891 2976 932 3044 ll
956 2975 989 3045 si
1008 2974 1098 3043 filius

163 3079 279 3154 taceat,
296 3072 409 3140 dum'
400 3071 503 3161 ipsius
523 3073 659 3141 nomine
678 3071 843 3161 sponsalia
866 3092 883 3140 a
903 3068 1098 3175 parentibus

163 3165 418 3235 contrabuntur.
435 3165 476 3235 Et
490 3168 580 3255 quod
601 3166 745 3272 primum
766 3174 903 3254 spectat,
917 3163 980 3231 tria
997 3161 1100 3249 potis·

163 3255 283 3326 simum
304 3270 382 3328 suut
401 3259 522 3328 iudicia
543 3281 602 3329 seu
623 3258 743 3347 signa,
767 3258 888 3347 quibus
918 3274 1100 3325 cousensus

65 3390 66 3399 ι
163 3352 300 3422 tacentis
334 3351 369 3421 iu
400 3353 609 3440 sponsalibus
640 3352 835 3440 explicatur.
871 3347 1020 3416 Primum
1052 3362 1103 3417 est

163 3443 398 3529 subarrhatio,
420 3446 483 3514 boc
502 3459 551 3516 est
570 3445 733 3515 immissio
754 3442 870 3512 annuli
892 3443 1032 3528 eiusque
1053 3462 1104 3509 re·

164 3538 294 3628 ceptio,
319 3538 376 3609 ubi
396 3551 505 3608 tamen
526 3561 564 3608 ex
584 3549 678 3628 parte
698 3536 908 3606 immittentis
940 3533 1106 3601 annulum
