2642 4175
491 374 535 417 nn
555 374 767 419 sronsnnrnus
1007 366 1048 423 65

159 482 219 540 aut
234 480 325 539 certe
346 471 433 561 quod
452 470 479 538 si
494 469 668 554 adfuisset,
691 472 825 560 quando
840 473 1016 562 promissio
1042 477 1098 547 sre-

159 564 229 643 hat,
249 564 325 632 iure
340 563 459 636 merito
480 563 728 652 impedivisset,
751 566 929 656 quominus
958 570 1098 658 promit·

158 663 306 727 teretur.
328 657 413 726 Hinc
432 658 537 746 igitur
557 668 690 745 praeter
721 671 863 729 mortem
895 663 1095 748 naturalem,

160 772 250 840 quae
270 750 382 820 omnia
401 752 511 833 solvit,
528 751 681 819 doctores
699 754 860 842 colligunt
874 755 987 823 decern
1003 778 1098 845 prae·

160 846 278 934 cipuas
297 865 425 929 causas,
449 856 586 934 propter
615 866 698 933 quas
719 847 884 935 sponsalia
917 848 1097 918 dissolvun-

160 950 230 1007 tur.

207 1031 322 1104 Prima
343 1042 509 1100 causaest
531 1042 669 1100 mutuus
686 1051 884 1121 sponsorum
906 1053 1095 1119 consensus,

160 1125 239 1216 qnia
258 1125 389 1193 «omnis
404 1144 456 1194 res
471 1144 530 1213 per
549 1145 633 1213 quas
646 1146 763 1194 causas
781 1125 941 1208 nascitur,
954 1148 1014 1216 per
1027 1148 1098 1199 eas·

159 1221 235 1288 dem
259 1230 293 1288 et
312 1217 538 1287 dissolvitur.»
561 1239 635 1309 cap.
657 1218 674 1286 l
700 1220 740 1287 de
760 1219 799 1287 R.
822 1219 863 1286 l.:
886 1232 952 1289 ‹et
972 1221 1100 1310 obliga·

160 1313 269 1380 tiones
287 1331 374 1401 quae
391 1332 555 1379 consensu
576 1314 834 1394 contrahuntur,
854 1315 1020 1383 contraria
1042 1336 1100 1384 vo·

160 1407 288 1474 luntate
303 1406 540 1488 dissolvuntur3
560 1429 574 1470 a
593 1412 610 1489 ξ
625 1407 687 1473 ult.
702 1406 845 1475 Institut.
867 1408 994 1488 Quibus
1007 1410 1096 1477 mod.

161 1499 292 1568 tollant.
317 1499 384 1566 obl.
407 1499 566 1590 Idemque
584 1499 668 1567 iuris
688 1510 755 1583 est,
782 1501 911 1569 etiamsi
932 1501 1098 1592 sponsalia

161 1592 349 1660 iusiurandi
370 1590 532 1680 religione
550 1592 681 1662 firmata
702 1593 791 1677 sint,
814 1595 980 1683 siquidem
1008 1595 1099 1665 iura-

159 1695 311 1754 mentum
329 1705 396 1754 nou
414 1685 568 1753 immutat
581 1698 734 1755 naturam
755 1698 860 1772 actus,
887 1688 941 1756 cui
961 1689 1099 1768 accedit,

159 1790 193 1847 et
214 1777 340 1848 ideirco
361 1780 642 1867 quemadmodum
662 1780 801 1871 simplex
821 1782 999 1871 promissio
1028 1803 1098 1851 ma·

160 1871 325 1955 trimonii,
350 1872 395 1940 ita
415 1873 515 1941 etiam
530 1872 636 1942 iurata
653 1874 829 1963 promissio
845 1895 1006 1945 consensu
1025 1895 1099 1944 mu·

159 1978 216 2034 tuo
242 1966 324 2035 solvi
345 1977 465 2054 potest.
488 1966 773 2036 Controversiam
795 1968 851 2035 illo
886 1981 956 2051 est,
985 1980 1097 2037 utrum

158 2059 274 2130 iurata
284 2059 463 2149 sponsalia,
480 2079 643 2130 consensu
666 2072 794 2143 mutuo,
812 2060 944 2130 dissolvi
958 2062 1096 2151 possint,

160 2154 294 2242 quando
315 2154 540 2223 iuramentum
558 2174 624 2222 non
640 2155 739 2223 modo
758 2154 792 2222 iu
813 2153 1098 2224 confirmationem

159 2246 379 2336 sponsalium,
402 2247 458 2316 sed
480 2246 720 2337 principaliter,
742 2259 781 2316 ut
808 2246 914 2329 aiunt,
937 2247 969 2314 iu
995 2248 1097 2336 partis
1121 2246 1124 2253 “

159 2342 306 2410 favorem
327 2340 486 2409 amissum
506 2341 572 2410 est‘l
591 2341 658 2410 lam
681 2360 758 2410 vero
776 2352 903 2409 certum
926 2350 976 2409 est
993 2352 1029 2410 et
1045 2361 1099 2410 ex·

159 2434 350 2523 ploratum,
382 2435 503 2502 horum
524 2434 727 2523 sponsalium
759 2434 1009 2504 dissolutionem
1043 2455 1099 2505 vo·
1204 2498 1209 2511 ,

159 2529 289 2596 luntate
310 2526 579 2596 contrahentium
600 2528 675 2597 fieri
699 2540 788 2598 recte
823 2547 932 2618 posse.
963 2527 1096 2598 Etenim

162 2620 390 2690 iuramentum
406 2621 560 2711 sequitur
577 2633 730 2691 naturam
764 2632 797 2690 et
815 2621 1038 2707 conditionem
1067 2644 1099 2691 a·

161 2724 245 2797 ctus,
269 2713 322 2783 cui
341 2713 404 2787 luit
423 2714 601 2798 adiectum,
624 2726 772 2805 arguunt
798 2716 935 2804 regulae
955 2736 1098 2785 accesso·

80 2819 86 2824 ’
162 2827 235 2876 rum
256 2805 303 2875 dt
324 2807 359 2877 in
380 2805 414 2876 6.
433 2808 717 2888 Quemadmodum
738 2809 851 2899 itaque
867 2810 1005 2898 simplex
1021 2828 1098 2899 pro·
1144 2854 1147 2860 -

163 2901 289 2985 missio,
306 2900 351 2970 ita
368 2912 402 2970 et
419 2901 526 2970 iurata
549 2902 753 2971 matrimonii
773 2902 949 2991 promissio
980 2914 1097 2971 mutuo

161 2993 314 3064 dissensu
331 3005 441 3083 potest
459 2995 606 3064 dissolvi.
627 2996 673 3064 lla
701 2995 801 3065 etiam
828 2995 955 3065 accedit
985 2995 1094 3078 ratio,

163 3106 226 3177 qua
247 3089 341 3157 omni
365 3087 553 3161 iuramento
573 3090 671 3157 tacita
691 3088 837 3158 conditio
852 3089 949 3168 inest,
972 3113 987 3153 c
1007 3089 1033 3157 si
1055 3089 1094 3172 is,

162 3183 195 3250 in
213 3181 314 3251 cuius
333 3182 477 3250 favorem
510 3183 706 3271 praestitum
734 3192 807 3265 est,
843 3180 987 3250 voluerit
1015 3181 1095 3250 illud

159 3275 298 3344 servari.
320 3297 334 3340 a
358 3274 438 3344 Tota
464 3275 566 3364 igitur
595 3273 776 3365 disputatio
806 3275 846 3345 ad
876 3295 953 3343 eum
984 3294 1095 3343 casum

159 3368 338 3459 redigitur,
367 3389 435 3457 quo
461 3368 686 3438 iuramentum
722 3367 950 3458 principaliter
975 3366 1009 3436 in
1042 3369 1098 3438 ho-

158 3481 275 3533 norem
296 3460 355 3530 Dei
377 3461 534 3531 emissum
553 3461 791 3552 comperiatur,
813 3472 914 3553 prout
935 3471 1046 3546 esset,
1069 3464 1096 3531 si

157 3556 232 3645 quis
256 3556 393 3646 puellae
415 3556 564 3645 pauperi,
582 3555 704 3625 intuitu
726 3569 759 3627 et
778 3576 890 3627 amore
916 3555 991 3634 Ilei,
1010 3555 1099 3622 iuret
