2642 4175
479 380 641 427 cernuum
656 382 680 425 1.
934 369 999 426 463

113 482 282 553 Articulus
302 481 364 549 hoc
379 479 443 550 sibi
463 480 641 569 praecipue
660 479 837 568 proponit,
861 494 898 552 ut
911 493 1046 563 statuat,

20 594 22 717 p
116 574 365 647 matrimonium
383 574 425 643 oh
439 573 579 661 legalem
599 573 910 654 clandestinitatenn,
932 595 991 644 seu
1007 576 1051 643 ob

114 671 280 739 desectum
299 667 450 756 publicae
469 667 543 735 eius
562 666 718 749 notitiae,
741 668 868 737 aboleri
888 670 961 739 iure
981 689 1051 737 me·

117 764 180 833 rito
201 782 309 851 posse.
334 761 454 829 Verum
475 757 634 843 llercadd,
658 771 681 828 t.
703 760 735 841 l,
755 784 788 850 p.
811 760 903 844 579,
926 763 1052 851 aliique

119 855 507 944 auctores,dietinguunt
524 853 610 923 inter
623 854 775 923 notitiam
791 856 867 926 iacti
884 856 1060 945 (celebrato.

113 949 387 1038 pubblicumeata)
409 961 444 1016 et
461 948 548 1017 inter
568 948 719 1018 notitiem
744 948 825 1017 iuris
847 951 987 1038 (avanti
1002 950 1056 1017 cl·

20 1086 22 1149 p
116 1043 286 1132 l’usfiziulc
304 1041 545 1132 competente),
575 1055 681 1130 *atque
712 1044 795 1111 adeo
820 1044 885 1112 duo
905 1054 1054 1131 separata

20 1152 21 1233 ᾗ
117 1137 354 1226 impedimenta
387 1145 584 1224 agnoscunt.
615 1135 664 1205 Sit
694 1135 807 1226 itaque
833 1136 926 1225 prius
945 1134 1055 1204 sermo

117 1232 160 1299 dc
179 1229 297 1299 nautia
314 1228 406 1301 facti.

161 1324 312 1393 lamrero
330 1323 457 1391 formae
477 1333 511 1391 et
530 1320 747 1403 conditiones
768 1343 854 1412 quae
875 1321 1057 1413 requirun-

20 1452 21 1477 2
119 1428 187 1502 tur,
210 1429 247 1485 ut
267 1415 515 1485 matrimonium
536 1415 621 1483 iacto
641 1416 809 1484 notorium
829 1416 1060 1498 dicetensem

20 1502 22 1531 *
118 1510 154 1577 l⁰
177 1507 401 1600 promulgatio
421 1519 554 1599 peracta
574 1509 704 1578 duobus
738 1509 856 1579 diebus
884 1507 1060 1580 dominicis

118 1625 193 1674 sese
213 1603 404 1672 immediato
424 1601 665 1691 sequentibus,
700 1616 763 1673 art.
788 1601 852 1686 70;
873 1602 910 1671 2⁰
927 1602 1060 1671 libellus

120 1696 419 1786 proclamationum
440 1716 543 1784 prope
557 1698 676 1767 domus
692 1698 912 1767 communalis
924 1697 1060 1766 ianuam

20 1860 21 1869 ,
118 1791 252 1880 publice
273 1788 450 1878 expositus,
482 1810 541 1877 per
573 1800 679 1858 totum
701 1791 860 1881 temporis
888 1791 1058 1880 spatium,

20 1886 22 1965 i
119 1885 210 1973 quod
229 1883 317 1955 inter
330 1884 495 1971 duplicem
511 1884 804 1970 proclamationem
819 1884 975 1966 clabitur,
992 1895 1055 1951 art.

20 1970 22 2085 ξ
120 1976 178 2061 70,
202 1975 259 2058 ll,
279 1974 341 2059 79;
364 1974 400 2045 3⁰
421 1975 609 2065 praesentia
641 1977 784 2045 duorum
804 1977 964 2059 testium,
994 1987 1058 2043 art.

20 2101 22 2154 p
120 2071 186 2156 943
220 2069 423 2160 d⁰deuiquc
443 2068 623 2139 celebratio
654 2069 860 2138 matrimonii
890 2070 925 2138 in
959 2069 1059 2137 domo

20 2197 21 2244 3
121 2165 324 2234 communali
345 2164 431 2233 intra
451 2174 583 2251 tempus
602 2163 877 2244 determinatum,
909 2174 973 2231 art.
1000 2160 1057 2229 9⁶2.

20 2263 22 2350 l
121 2260 157 2330 Si
176 2256 245 2328 l80
264 2259 345 2338 dies,
365 2280 382 2326 a
403 2254 719 2346 proclamationibus
741 2256 906 2346 peractis,
929 2256 1064 2324 effluxe-

121 2353 202 2435 rint,
225 2362 401 2441 antequam
423 2349 670 2420 matrimonium
693 2350 767 2431 fiat,
787 2349 1065 2439 proclamationes

123 2448 234 2518 denuo
253 2445 422 2514 faciendae
441 2454 543 2526 sunt,
576 2455 639 2513 art.
664 2443 720 2512 77..
740 2444 810 2512 Hae
828 2464 928 2534 porro
949 2442 1064 2511 condi·

124 2540 245 2621 tiones,
268 2560 305 2607 nc
323 2538 473 2622 formae,
508 2558 594 2626 quae
622 2539 734 2626 alege
768 2537 1061 2627 praescribuntur,

20 2693 22 2732 ἱ
125 2653 192 2702 non
213 2633 293 2700 adeo
312 2631 454 2702 strictim
475 2651 512 2700 ac
529 2631 679 2701 absolute
697 2635 973 2722 expostulentur,
1004 2643 1065 2712 ut,

20 2753 21 2760 ¹
90 2782 98 2804 ,
125 2725 152 2794 si
173 2746 238 2794 una
257 2725 306 2796 rel
326 2726 427 2794 altera
446 2726 541 2807 desit,
565 2725 815 2796 matrimonium
833 2726 922 2795 illico
943 2736 1062 2808 nutet,

128 2829 161 2887 et
178 2819 257 2888 vitio
275 2818 421 2888 desectus
442 2816 579 2887 notitiae
599 2819 739 2888 laboret.
760 2819 847 2888 Sane
863 2818 1066 2906 legislatoris

128 2932 222 2982 mens
250 2911 328 2991 luit,
349 2922 386 2980 ut
405 2910 615 2982 matrimonia
636 2912 739 2980 semel
768 2912 849 2981 inita
876 2924 948 2981 tam
970 2909 1067 2979 facile

128 3026 195 3076 non
217 3004 467 3088 dirimerentur,
479 3005 629 3093 adeoque
643 3004 827 3093 iurisperiti
847 3003 963 3073 dicunt
978 3023 1068 3071 exrc-

129 3099 284 3187 ptiones,
308 3097 424 3167 iuliae
452 3118 512 3181 re,
538 3098 636 3168 facile
661 3118 734 3168 esse
762 3097 994 3167 admittendas.
1019 3095 1067 3165 lta

20 3207 22 3230 ²
130 3192 280 3280 sentiunt
296 3190 446 3281 plerique
464 3203 634 3274 auctores,
658 3192 716 3281 qui
732 3192 818 3261 hane
837 3190 1067 3281 quaestionem

130 3284 163 3351 in
184 3284 288 3354 Gallia
321 3296 578 3373 pertractarunt.
611 3284 696 3354 Hinc
715 3286 882 3369 Mourlon,
918 3280 981 3351 tl
1032 3306 1063 3372 p.

131 3375 212 3461 333,
234 3378 301 3448 ait:
324 3378 404 3448 «Lu
421 3381 569 3468 question
588 3379 627 3446 de
645 3380 765 3462 suocir,
786 3380 817 3447 ai
836 3379 865 3447 le
882 3377 1070 3465 muriupao

130 3493 235 3554 recu„
248 3493 291 3542 ou
309 3493 387 3555 coa,
408 3494 472 3542 uae
497 3472 653 3561 publicola
670 3474 837 3561 suffiaaate
863 3479 909 3542 ar
938 3472 1071 3541 eastime-

131 3574 218 3636 ment
238 3566 453 3638 ubuadouade.
466 3568 486 3635 ci
500 3566 744 3657 l'uppreciutiea
764 3568 818 3636 dea
829 3569 938 3658 jupes.
957 3587 972 3636 a
992 3564 1072 3633 Vide
