2642 4175
523 382 685 428 arrnnmx
705 381 726 425 1.
981 367 1045 424 487

157 483 294 571 iugibus
313 482 457 552 liberum
479 481 521 553 sit
539 482 578 550 ad
601 481 681 550 alias
702 480 843 550 transire
861 479 1004 569 nuptias,
1020 480 1094 570 lege

158 577 190 645 in
212 577 306 645 ltalia
328 597 366 644 ac
384 574 486 644 Gallia
506 596 573 644 non
595 573 794 657 admittitur,
817 575 1003 644 admittitur
1015 595 1094 643 vero

158 669 192 738 in
212 669 338 758 Belgio,
363 668 504 760 aliisque
521 669 613 752 locis,
633 668 700 738 siue
721 689 759 737 er
780 680 896 737 mutuo
913 667 1093 755 coniugum

157 783 323 832 consensu
340 763 402 831 suh
418 762 516 832 certis
536 762 783 833 conditionibus
802 784 818 832 a
839 763 912 851 lege
932 761 1095 852 praescri·

156 857 234 946 ptis,
255 856 323 925 sire
348 878 387 927 ex
407 855 606 946 quibusdam
626 856 855 925 determinatis
869 856 988 938 causis,
1004 876 1097 944 prae·

155 949 271 1018 sertim
300 972 339 1019 er
372 949 551 1018 adulterio.
574 950 700 1019 Causae
731 949 952 1038 separationis
984 949 1096 1036 alege

156 1043 315 1112 delinitae
334 1054 422 1112 sunt:
444 1043 480 1111 1ο
499 1042 707 1113 Adulterium
723 1043 836 1112 uxoris
860 1054 1012 1132 respectu
1030 1062 1098 1110 ma·

158 1135 215 1204 niti
237 1137 420 1224 generatim
444 1148 477 1205 et
495 1137 659 1219 absolute;
679 1137 881 1206 adulterium
903 1136 1026 1218 mariti,
1043 1154 1097 1204 re·

158 1241 273 1319 spectu
290 1229 580 1320 uxorisspeciatim
597 1242 737 1313 tantum,
755 1250 876 1318 nempe
888 1241 996 1298 exart.
1012 1226 1094 1296 t5t:

160 1326 331 1412 cquando
352 1325 416 1414 egli
434 1332 612 1412 monlcnpu
644 1325 677 1393 lu
708 1325 889 1392 concubino
915 1325 952 1391 in
983 1343 1098 1392 curuo

156 1419 395 1487 notoriumcalc
411 1419 447 1487 in
462 1419 549 1487 ultro
566 1417 672 1506 luogo,
689 1439 811 1507 oppane
828 1437 1023 1486 concmruao
1033 1416 1098 1484 cir·

156 1517 302 1580 cottanae
321 1512 385 1579 loli
402 1510 457 1580 cite
488 1512 516 1579 il
546 1511 630 1598 fullo
660 1513 845 1580 restituisse
877 1511 935 1578 un'
948 1510 1098 1598 inpia-riu

156 1624 256 1690 praue
274 1606 345 1673 olla
358 1606 476 1694 meglio
491 1604 541 1695 (l)
555 1627 586 1688 »3
605 1605 642 1673 2⁰
665 1607 721 1674 «il
732 1605 916 1673 salutatorio
933 1603 1098 1673 abbando-

157 1717 200 1764 no
220 1719 252 1779 »3
272 1695 309 1765 3⁰
332 1723 346 1764 a
369 1700 418 1786 pli
435 1700 548 1767 accessi
567 1720 583 1767 e
600 1700 629 1768 ic
647 1701 773 1780 scuizic,
793 1697 1098 1786 minocciccinpiu·

155 1791 205 1859 rie
223 1792 319 1878 provi
341 1791 427 1881 (9)»
458 1804 523 1861 art.
547 1790 642 1875 150;
681 1792 718 1859 4⁰
743 1817 757 1858 a
781 1794 912 1881 parando
935 1792 963 1859 ii
978 1790 1098 1872 morito

189 1967 228 2037 (l)
246 1969 411 2025 Discriminis
429 1972 493 2024 ratio
517 1971 545 2023 in
564 1987 594 2023 ao
618 1980 678 2037 eat,
702 1970 773 2039 quod
797 1970 914 2024 mulieris
940 1970 1098 2023 adulterium

155 2046 238 2100 multo
261 2047 366 2116 gratius
389 2048 488 2103 crimen
510 2048 672 2113 constituat,
697 2048 847 2117 praesertim
865 2047 965 2100 ratione
986 2047 1098 2115 periculi

153 2129 280 2186 putatione
296 2125 422 2179 haeredes
444 2128 471 2179 in
497 2126 622 2178 familiam
641 2124 797 2177 inducendi.
815 2129 858 2178 lua
876 2125 1030 2177 canonicum
1049 2124 1099 2178 hoc

154 2197 294 2252 discrimen
319 2217 371 2252 non
401 2201 538 2264 admittit,
557 2200 686 2269 quidquid
717 2210 806 2253 contra
830 2200 926 2253 dixerit
950 2201 1096 2252 caietanus.

152 2274 267 2329 Divertii
283 2277 351 2328 enim
372 2293 418 2329 acu
434 2276 602 2346 separationis
626 2279 668 2329 ius
686 2294 717 2329 ex
743 2277 873 2330 adulterio
894 2281 979 2330 naturai
999 2278 1101 2345 praeci·

152 2368 205 2419 pue
225 2351 430 2405 fundamendum
452 2353 587 2405 constituit
605 2370 683 2406 sunm
699 2354 725 2405 in
738 2354 880 2406 violatione
898 2352 971 2416 lidei,
986 2370 1016 2406 ae
1029 2352 1099 2407 thori

152 2429 317 2497 coniugalisc
337 2430 501 2482 nourminus
524 2438 611 2482 autem
640 2430 704 2482 lisee
729 2446 776 2498 per
802 2428 960 2482 adulterium
987 2430 1098 2494 uxoria,

152 2521 232 2573 quam
255 2504 342 2558 mariti
359 2505 460 2568 violari,
479 2506 541 2558 satis
561 2515 600 2559 cat
622 2508 796 2575 exploratum.
808 2505 942 2573 Quaenam
961 2506 1099 2575 requiran-

153 2591 197 2635 tur
214 2584 241 2633 in
265 2582 322 2634 iure
345 2583 480 2649 canonico,
500 2591 530 2636 ut
553 2600 583 2636 cx
605 2583 728 2637 adulterii
746 2601 837 2648 causa,
853 2586 993 2654 separatio,
1011 2581 1099 2653 quoad

156 2666 242 2710 torum
260 2666 286 2709 et
304 2657 539 2724 cohabitationem,
561 2659 650 2714 induci
670 2672 759 2731 qucat,
777 2663 804 2713 iu
821 2661 944 2715 Tractatu
957 2661 990 2714 dc
1006 2658 1099 2712 diatri-

157 2734 244 2786 monio
261 2736 378 2802 exposui.
694 2731 698 2738 ’

187 2810 227 2879 (a)
245 2809 370 2863 Excessus
381 2819 407 2864 at
423 2812 547 2865 saeuitiae
559 2812 656 2866 iactum
669 2824 832 2883 supponunt.
845 2813 1003 2867 [lacessuum
1015 2811 1101 2882 nogmi-

153 2903 197 2949 ne,
215 2886 233 2938 ii
253 2887 437 2955 intelliguntur
454 2895 536 2951 actua,
559 2889 606 2957 qui
629 2907 731 2942 omnem
750 2890 881 2944 excedunt
898 2904 1055 2950 mansuram,
1073 2896 1100 2939 et

153 2964 233 3016 vitam
255 2963 362 3015 alterius
379 2965 497 3033 coniugis
514 2967 541 3017 in
566 2964 707 3018 discrimen
726 2966 871 3019 adducunt.
890 2966 1019 3018 Saevitiae
1038 2965 1100 3015 aim-

153 3041 238 3107 plices
255 3051 317 3093 sunt
334 3040 441 3110 quidam
466 3041 628 3094 crudelitatis
645 3051 741 3110 actus,
766 3044 812 3112 qui
833 3045 913 3096 vitam
932 3044 959 3095 in
981 3040 1100 3110 periculo

153 3116 304 3170 nullomodo
322 3128 434 3187 ponunt.
453 3117 588 3184 iniuriae,
612 3137 642 3172 ac
661 3122 747 3173 minae
769 3120 857 3194 vernis
877 3122 1056 3180 continentur,
1073 3128 1100 3169 et

154 3193 333 3260 graveshaud
351 3204 519 3264 reputantur,
538 3197 589 3249 nisi
606 3198 633 3249 in
652 3214 732 3266 grava
749 3198 858 3251 alterius
874 3198 994 3265 coniugis
1017 3195 1100 3247 hono·

153 3268 189 3320 ris
217 3269 404 3324 detrimentum
435 3272 568 3337 tendant,
595 3289 754 3342 morumque
783 3275 957 3343 integritatem
987 3270 1099 3328 taedam.

152 3343 270 3397 Gravitas
287 3363 404 3398 earuma
423 3350 551 3416 qualitate
563 3365 746 3419 personarum,
763 3358 789 3402 et
808 3366 894 3403 rerum
913 3348 1044 3402 adiunctis
1056 3347 1099 3400 di·

153 3421 274 3484 metitur,
285 3421 401 3491 adeoque
415 3423 509 3476 iudicia
521 3434 561 3478 eat
572 3426 725 3491 decernere,
738 3443 770 3479 an
784 3442 887 3496 graves,
898 3426 940 3478 vel
953 3428 1023 3478 leves
1036 3426 1097 3481 uinta

152 3496 366 3567 quandoquidcm
385 3499 443 3552 lieri
462 3510 556 3570 potest,
568 3512 598 3555 nt
616 3502 729 3555 iniuriae
745 3504 903 3567 leverinae,
921 3503 1027 3556 attentis
1043 3503 1098 3555 cir·

151 3576 331 3641 comitantiis,
343 3592 436 3645 graves
449 3578 571 3645 evadant,
582 3588 609 3632 et
620 3595 689 3649 quaa
698 3596 791 3649 graues
803 3582 830 3634 in
841 3597 868 3634 se
885 3590 958 3648 aunt,
971 3582 1042 3635 leues
1052 3579 1098 3631 ha·
