2642 4175
416 324 459 366 nn
477 321 607 366 11111111
626 321 824 368 mammonin
997 312 1061 369 115

168 418 411 507 contingente,
434 439 519 508 quae
550 418 649 487 simul
672 419 836 508 possibilis
856 419 898 489 sit
917 432 951 490 et
970 421 1108 493 honesta
1160 420 1163 427 ’

171 512 208 580 11
228 511 487 601 disputationem
509 512 730 580 adducuntur.
750 511 900 582 Primum
912 524 973 583 est:
996 536 1038 584 33
1056 537 1110 621 re·

69 682 79 692 ‚
170 604 501 674 rifioutabuiusmodi
520 604 719 687 conditione,
734 607 981 676 matrimonium
997 585 1108 679 statim

171 697 371 787 perficietur
395 699 520 787 absque
540 716 626 766 novo·
645 699 789 787 partium
809 701 994 769 consensit
1011 701 1109 772 luno·

166 791 328 874 sentius,
353 791 628 875 Panormitnnus‚
657 790 828 875 Sanobee,
852 793 977 882 aliique
997 796 1109 883 plures

172 883 366 954 existimant
385 904 423 952 ex
439 884 541 974 priori
562 889 725 953 consensu
738 885 988 968 conditionata,
1013 889 1109 957 modo

172 989 347 1046 revocatus
366 997 434 1057 non
454 977 521 1060 sit,
549 997 659 1067 neque
684 977 774 1046 aliud
795 978 912 1061 obstet,
935 979 1111 1067 obligatio-

171 1090 253 1137 nem
269 1090 329 1140 seu
350 1080 555 1141 contractum
571 1070 863 1154 matrimonialem,
881 1070 1015 1160 impleta
1032 1093 1132 1141 eon-1

172 1162 313 1247 ditione,
333 1162 502 1252 purificari
523 1176 556 1234 et
571 1163 698 1252 perfrui,
715 1176 753 1232 ut
771 1164 1019 1233 matrimonium
1040 1165 1111 1233 sine

172 1276 259 1324 novo
279 1277 441 1326 consensu
462 1259 643 1346 perfeetum
663 1268 697 1325 et
716 1258 904 1326 absolutum
926 1258 1051 1326 eradat.
1065 1258 1110 1326 Ea

173 1348 265 1418 enim
286 1359 337 1418 est
353 1349 401 1417 vis
422 1361 455 1419 et
474 1361 620 1439 potestas
639 1349 852 1419 conditionis.
873 1351 914 1419 nt
929 1349 1108 1433 Gonzalez,

173 1441 301 1532 aliique
330 1443 561 1528 arbitrantur,
593 1443 785 1512 huiusmodi
820 1444 1029 1513 matrimonia
1051 1465 1111 1533 pro

171 1535 393 1623 sponsalibus·
414 1535 564 1606 habenda
585 1557 679 1617 esse,
707 1558 782 1605 curn
811 1557 877 1605 non
903 1550 1110 1627 praesentem

172 1649 394 1712 eonsensum,
425 1631 480 1698 sed
510 1630 620 1719 potius
642 1629 896 1720 promissionem
923 1631 1112 1699 futurarum

172 1723 369 1811 nuptiarum
398 1723 599 1793 contineant.
623 1724 732 1803 Quare
753 1744 915 1792 consensu
935 1745 1020 1792 novo
1038 1735 1112 1812 post

174 1816 378 1885 conditionis
399 1827 550 1884 eventum
570 1837 652 1905 opus
674 1829 746 1899 est,
773 1829 806 1885 et
825 1816 1012 1885 conditione
1032 1836 1113 1905 pen·

174 1909 277 1978 dente
294 1910 345 1978 vel
372 1908 471 1977 etiam
489 1910 629 1999 expleta,
652 1922 685 1979 et
705 1929 868 1979 consensu
893 1911 1040 1978 nondum
1060 1928 1114 1977 re-

173 2014 319 2086 novato,
349 2001 376 2070 si
398 2002 486 2069 aliud
517 2003 766 2071 matrimonium
797 2023 882 2091 pure
913 2013 947 2070 et
965 2002 1115 2071 absolute

173 2096 321 2178 ineatur,
344 2097 407 2164 1133
428 2097 592 2184 posterius
612 2097 749 2163 omnino
767 2097 864 2164 valet.
882 2094 981 2183 Atqui
1003 2106 1113 2162 tamen

173 2203 255 2279 puto
289 2189 432 2278 primam
465 2189 664 2258 sententiam
694 2187 967 2293 probabiliorem.
999 2187 1115 2254 Nonne

176 2284 335 2352 omnibus
358 2281 586 2350 matrimoniis
606 2303 643 2349 ex
663 2280 915 2369 dispositione
907 2278 1010 2369 ipsius
1032 2278 1118 2347 luris

177 2376 325 2445 conditio
342 2374 439 2456 inest,
461 2375 488 2443 si
509 2374 716 2463 Religionem
735 2394 801 2441 non
816 2374 982 2461 ingressus
997 2373 1119 2441 fuero‘l

178 2468 240 2538 Sed
262 2490 325 2558 per
338 2426 568 2535 conditionem
600 2468 691 2535 illum
725 2466 975 2535 matrimonium
1011 2465 1119 2534 induit

177 2575 334 2631 naturam
356 2560 584 2650 sponsalium?
614 2560 763 2629 Proiecto
783 2560 959 2649 emptionis
981 2571 1014 2628 et
1041 2579 1118 2627 ren-

178 2655 317 2724 ditinnis
338 2665 526 2723 contractus
546 2666 753 2741 praesentem
787 2674 982 2723 eonsensum
1005 2662 1119 2740 postu-

180 2750 247 2833 131,
269 2760 303 2817 at
321 2760 434 2818 tamen
456 2768 493 2815 311
515 2746 588 2814 iure
607 2746 752 2815 naturali
773 2758 806 2816 et
824 2747 910 2815 civili
929 2746 1116 2827 didicimus,

182 2840 321 2930 quodsi
350 2840 556 2909 conditiones
584 2839 625 2907 de
656 2840 769 2908 131313
794 2839 1119 2928 contingentiappo-

181 2948 319 3015 uantur,
342 2933 406 3001 bae
425 2932 681 3021 haudquaquam
697 2933 858 3016 efficiunt,
881 2944 918 3000 ut
934 2943 1120 3001 contractus

184 3029 373 3116 inpactum
405 3046 465 3094 seu
485 3025 517 3093 in
552 3025 803 3114 promissionem
825 3025 955 3093 emendi
987 3038 1020 3093 et
1044 3045 1119 3092 ven·

185 3121 284 3190 dandi
305 3120 502 3189 resolvatur.
532 3119 666 3187 Accedit
683 3118 806 3200 etiam,
834 3119 922 3207 quod
943 3136 1122 3184 consensus

186 3213 254 3296 ille,
274 3234 349 3282 oum
367 3213 401 3279 in
417 3224 568 3281 eventum
590 3210 788 3280 conditionis
809 3209 910 3276 133111
927 3209 1062 3290 relatus,
1081 3209 1121 3276 ad

186 3306 276 3375 hune
295 3326 406 3414 usque
424 3316 576 3374 eventum
607 3303 778 3372 moraliter
796 3312 1006 3389 perseverat,
1026 3302 1122 3369 sicuti

189 3401 351 3489 contingit
373 3399 407 3466 in
428 3418 467 3467 eo
493 3397 551 3488 qui
581 3395 831 3465 matrimonium
852 3414 911 3483 per
930 3407 1125 3482 procurato·

189 3499 255 3562 rein
277 3491 504 3564 contraxerit:
533 3489 691 3560 existente
712 3488 815 3578 igitur
836 3487 1042 3584 conditione,
1057 3506 1126 3554 non
