2642 4175
309 382 352 441 28
484 401 487 407 ⁴
657 395 758 440 uranu
774 393 796 439 1.

261 497 424 579 dabimus,
445 495 503 566 nbi
524 498 565 566 de
585 496 831 566 oonatitiouibus
859 497 1071 568 matrimonio
1089 520 1195 590 appo·

260 592 333 662 uitia
350 607 462 660 nermo
480 589 559 661 erit.
580 590 652 659 fluo
675 610 782 659 unum
812 590 1051 660 observandum
1084 613 1197 665 roma·

259 697 331 756 net.
351 682 566 774 Soonaatibaa
586 684 657 754 dieo
676 696 798 767 certus,
829 696 867 752 ut
892 683 920 753 ai
940 685 1071 756 dicatur
1084 690 1124 756 ad
1140 690 1196 760 ita·

259 779 375 849 ieutias
395 777 563 848 ianuarias
582 779 699 847 ducam
717 789 762 863 te,
777 778 828 847 rel
849 778 994 849 inuentus
1013 780 1110 849 adiici
1125 796 1197 872 pot·

259 885 321 956 est,
340 886 379 942 ut
396 872 423 941 ai
443 872 574 942 dicatur
588 875 705 941 ducam
725 883 758 941 ta
778 872 817 940 ad
837 884 979 944 mortem
1000 876 1103 963 patris
1128 877 1192 946 tui.

258 965 384 1036 states
402 979 514 1036 centua
533 966 583 1035 vel
603 967 750 1035 incertus
768 965 944 1034 adiicietur
976 988 1037 1057 per
1055 970 1197 1041 modum

258 1058 394 1130 termini
411 1079 435 1128 a
452 1080 527 1150 quo,
540 1060 584 1131 ita
602 1072 639 1130 ut
653 1059 915 1144 matrimonium,
927 1062 1035 1149 quoad
1047 1083 1124 1133 suos
1145 1066 1198 1134 es·

258 1154 364 1224 iaetus
383 1173 444 1243 pro
462 1166 631 1223 contracto
657 1154 821 1222 habeatur
839 1154 1008 1224 dumtaxat
1027 1177 1045 1225 a
1062 1169 1197 1247 ternpo-

257 1267 295 1318 re
311 1247 480 1318 existentis
496 1247 576 1331 diei,
593 1247 664 1335 ipsa
683 1247 753 1316 dies
773 1248 838 1315 vim
858 1246 958 1318 babet
988 1250 1196 1323 conditionis

257 1340 480 1429 suspensione,
502 1352 537 1410 ot
555 1340 655 1410 efficit
671 1352 708 1410 ut
727 1352 904 1431 antequam
925 1342 996 1411 dies
1007 1343 1193 1432 advenerit,

256 1435 348 1503 nulla
385 1446 541 1503 nascatur
570 1434 728 1523 obligatio
755 1435 1020 1506 matrimonialis.
1056 1436 1090 1507 Si
1121 1439 1197 1511 dias

255 1525 370 1597 certus
394 1529 446 1598 uel
472 1527 618 1597 incertus
645 1528 822 1597 adiioiator
840 1541 1007 1619 tamquam
1029 1532 1197 1604 temuiuus

255 1622 301 1691 ad
317 1642 428 1711 qoem,
450 1633 487 1690 ut
504 1622 665 1692 existente
695 1623 750 1691 die
779 1623 1027 1692 matrimonium
1062 1625 1198 1699 desinat

256 1715 417 1803 obligare,
438 1716 509 1784 dies
528 1716 598 1805 ipsa
618 1716 683 1784 viru
711 1716 812 1785 habet
840 1717 1038 1788 conditionis
1063 1722 1197 1790 resolu-

254 1810 352 1891 tirae,
374 1808 517 1899 ideoque
545 1810 593 1880 sie
611 1821 818 1879 contractum
838 1811 949 1879 statim
984 1830 1051 1880 non
1077 1814 1192 1898 valet,

256 1922 331 1970 oum
352 1903 442 1972 istud
461 1923 520 1992 per
538 1903 734 1972 resolutiras
754 1905 960 1973 conditiones
980 1918 1095 1995 utpote
1118 1909 1195 1979 eius

259 1996 463 2067 substantiae
482 1995 678 2079 contrarias,
697 1997 830 2087 penitus
848 1998 990 2068 vitietur.

676 2228 693 2306 ξ
708 2221 767 2291 10.

525 2376 570 2432 lta
588 2377 690 2447 nantis
715 2377 921 2447 sponsalitiis.

299 2553 514 2641 Interpaota,
537 2574 623 2644 quae
641 2556 827 2625 contractui
855 2555 1058 2646 sponsalium
1088 2555 1190 2625 adiici

254 2647 373 2727 solent,
405 2647 485 2715 ittun
506 2649 813 2739 frequentissimum
833 2663 898 2733 ost,
929 2649 1019 2740 quod
1054 2648 1193 2738 respicit
1309 2721 1311 2728 ,

254 2739 492 2810 habitationem
512 2742 546 2810 in
565 2754 656 2812 corto
677 2744 762 2812 ioco.
793 2742 932 2827 Omnes,
953 2744 980 2812 si
1015 2763 1118 2811 unum
1139 2744 1192 2813 rel

255 2834 395 2902 atterum
418 2836 597 2925 exceperis,
616 2836 793 2906 convenire
821 2837 976 2906 videntur
1009 2837 1188 2919 doctores,

255 2926 418 2995 eiusmodi
435 2941 589 3018 pactum,
612 2931 680 2999 imo
711 2943 744 2998 et
774 2951 914 3019 poenam
945 2930 993 2999 itti
1023 2929 1190 2999 firmando

255 3020 416 3090 adiectam
433 3023 592 3113 obligare,
612 3025 639 3093 si
660 3023 897 3093 habitationem
929 3025 963 3093 in
994 3034 1084 3093 oerto
1114 3024 1188 3092 loco

253 3133 320 3183 nou
341 3129 547 3205 perpetuam,
566 3119 623 3187 sed
641 3118 877 3207 temporariam
903 3117 1084 3200 contineat;
1104 3128 1139 3185 at
1155 3116 1190 3186 iu

254 3209 422 3297 oppositas
439 3211 563 3280 abeunt
582 3212 786 3293 sententias,
814 3212 842 3279 si
863 3226 1024 3301 perpetua
1042 3211 1077 3278 in
1097 3223 1189 3280 carto

253 3302 326 3373 ioco
343 3303 503 3373 habitatio
525 3304 558 3373 iu
578 3318 710 3394 paetum
727 3306 924 3375 deducatur.
939 3305 1059 3374 Verum
1075 3304 1109 3372 iu
1126 3304 1190 3372 hoo

256 3395 356 3463 etiam
384 3416 461 3465 nasu
491 3397 681 3468 huiusmodi
716 3410 847 3487 paetum
874 3399 1019 3468 validum
1051 3410 1123 3466 esse
1155 3408 1189 3465 et

255 3486 490 3575 obligatorium
522 3512 560 3560 ex
589 3513 629 3561 eo
650 3504 846 3580 argumento
876 3493 1006 3562 ridetur
1029 3489 1187 3569 suaderi,

256 3583 346 3671 quod
366 3585 544 3673 sponsalia,
579 3599 613 3655 et
645 3586 752 3675 ipsum
772 3608 905 3678 quoque
926 3583 1186 3667 matrimonium,
