2642 4175
365 357 409 403 na
425 355 663 403 turcomannis
680 357 882 405 mammonas
978 345 1042 406 aot

150 453 326 526 meschini
357 453 579 526 assistentiam
605 475 642 525 aa
660 447 823 545 passivam
844 455 990 527 tolerare
1008 458 1091 529 iate·

150 561 233 634 tur,
254 549 303 619 nil
321 567 401 619 reso
420 548 521 620 habat
538 550 581 618 de
600 549 928 639 proclamationibus,
950 561 985 621 et
1001 551 1091 623 litte·

150 641 201 713 ris
218 639 506 716 dimissorialibus.
519 642 600 712 Nori
619 641 804 715 Concilium
821 641 962 714 Baldim.
980 643 1018 713 Vl
1031 663 1087 716 an.
1168 659 1188 702 0

152 734 248 807 1846
278 748 312 806 et
337 735 522 811 Concilium
552 734 689 826 Burdig.
718 757 760 807 an
797 734 890 808 1850
913 736 1089 824 habitum,

153 829 433 920 proclamationes
451 829 486 900 in
509 828 654 899 Ecclesia
674 830 881 921 praecipere,
904 851 943 902 en
964 829 1090 922 quoda

153 923 190 993 S.
216 923 252 993 G.
274 925 315 993 de
333 923 549 1014 Propagnnda
572 923 661 1007 lida,
684 939 846 1013 responso
875 925 916 995 td
947 925 1092 1015 primum

154 1014 269 1087 dated
286 1018 361 1087 lnttt
382 1016 486 1100 tert,
508 1016 541 1086 id
561 1017 765 1107 approbatur
785 1035 824 1086 ae
840 1018 1091 1108 praescribitur.

153 1111 202 1180 lix
222 1133 288 1219 quo
307 1112 430 1181 lactum
450 1122 525 1194 est,
550 1121 585 1181 ut
606 1109 758 1181 nonnulli
785 1124 939 1182 auctores
963 1113 1093 1202 procla·

155 1217 320 1276 matrones
351 1205 426 1276 lieri
460 1205 609 1295 possein
632 1204 852 1275 matrimoniis
876 1205 985 1276 mixtis
1004 1225 1093 1277 asse·

153 1312 271 1370 recent
305 1315 344 1368 ac
377 1309 567 1370 tuerentur.
607 1297 730 1368 Verum
764 1296 969 1369 Secretarius
1005 1298 1094 1370 eius·

153 1394 230 1462 dem
251 1391 285 1462 S.
309 1393 347 1463 C.
367 1392 582 1463 declaravit«
614 1394 772 1462 mendose
799 1392 833 1461 in
861 1391 953 1462 hisce
972 1391 1092 1464 litteris

154 1486 339 1577 irrepsisse,
361 1486 614 1556 amanuensium
628 1486 769 1570 incuria,
787 1488 874 1576 quod
893 1487 1091 1556 telertnrad

153 1580 431 1669 proclamationes
445 1579 612 1650 iaciendas
632 1577 744 1660 etiam,
765 1579 1091 1670 pseudoepiscopo

154 1673 377 1744 matrimoniis
395 1673 516 1744 mixtis.
537 1696 552 1740 a
572 1673 749 1745 Caeterum
767 1673 1043 1763 proclamationes
1058 1673 1092 1743 in

153 1768 278 1857 templo
312 1768 493 1856 aliquando
528 1766 601 1837 fieri
621 1767 655 1834 in
676 1767 876 1857 quibusdam
905 1766 987 1837 locis
1006 1767 1092 1837 iacto

15 1931 19 1938 ,
153 1870 295 1930 constat.
323 1860 451 1930 Etenim
478 1862 599 1930 adsunt
618 1861 792 1950 exempla,
824 1880 911 1952 quae
938 1860 1094 1930 ridentur

156 1953 300 2043 probare
334 1952 368 2022 id
401 1975 418 2022 a
451 1952 484 2023 S.
509 1951 592 2024 Sede
625 1952 787 2035 tolerari,
818 1953 1014 2043 praesertim
1036 1953 1093 2023 nbi

155 2068 193 2117 ex
227 2048 292 2118 alia
323 2046 444 2137 agendi
475 2048 604 2120 ratione
635 2047 843 2118 incommoda
872 2045 966 2131 inde,
985 2056 1018 2117 el
1036 2048 1094 2118 de·

155 2142 314 2212 trimenta
335 2142 489 2232 religioni
518 2142 664 2213 timenda
689 2141 764 2210 iure
790 2141 977 2210 videantur.
1007 2139 1094 2220 Quin

151 2236 220 2306 imo
241 2237 275 2306 in
292 2236 511 2306 instructione
529 2236 628 2305 liard.
648 2233 814 2305 antonelli
836 2231 882 2301 15
902 2229 1091 2302 Noniano

154 2330 248 2400 iussu
283 2326 333 2398 Pii
369 2328 411 2398 tlt
448 2330 534 2399 edita
573 2327 770 2399 sPrudenti
810 2325 868 2397 SS.
900 2324 1093 2396 antistitum

155 2423 296 2494 arbitrio
329 2423 573 2509 committitur,
609 2418 761 2513 stipsi,
793 2418 890 2491 salvis
919 2420 1095 2512 firmisque

152 2537 287 2608 semper
307 2538 346 2587 ac
362 2516 602 2607 perdiligenter
621 2515 758 2588 servatis
775 2515 984 2589 cautionibus
1002 2535 1094 2605 prae·

150 2611 310 2702 scriptia,
344 2611 372 2680 si
403 2611 618 2701 cognoverint
648 2610 683 2680 in
715 2609 884 2702 aliquibus
918 2608 1001 2680 locis
1032 2608 1093 2678 bos

152 2705 278 2774 lormas
299 2724 337 2774 ac
363 2704 570 2776 conditiones
600 2703 733 2793 impleri
759 2721 827 2774 non
859 2722 978 2794 posse,
1011 2703 1094 2793 quin

153 2792 314 2886 grauiora·
327 2796 445 2869 exinde
465 2798 616 2867 oriantur
636 2797 755 2866 damna
776 2818 814 2867 ac
842 2799 928 2866 rnala
946 2851 955 2882 ‚
976 2797 1011 2865 in
1030 2793 1095 2866 hoc

154 2911 234 2961 casu
269 2903 397 2961 tanturn
438 2892 581 2961 tolerent
611 2910 739 2959 morem
776 2888 956 2960 adhibendi
989 2882 1092 2959 ritum

155 3005 216 3073 pro
230 2984 454 3055 matrimoniis
466 2983 700 3056 contrahendis
712 2983 746 3052 in
759 2982 955 3054 dioecesdno
969 2980 1093 3054 Rituali

156 3077 304 3167 legitime
342 3077 615 3168 praescriptum,
646 3078 775 3146 exclusa
818 3090 927 3149 tamea
961 3094 1095 3167 semper

130 3170 272 3241 bissae
291 3171 540 3255 celebratione,
572 3188 611 3239 nc
642 3168 895 3260 diligentissima
921 3170 1094 3259 perpensis

157 3265 313 3335 omnibus
328 3285 455 3350 rerum,
471 3263 617 3334 locorum
632 3285 670 3333 ac
684 3280 902 3354 personarum
917 3261 1093 3346 adiunctis,

157 3368 256 3448 atque
279 3370 416 3429 onerata
443 3357 592 3448 ipsorum
612 3357 796 3428 antistitum
818 3354 1017 3426 couscientia
1036 3377 1094 3428 su·

159 3470 218 3537 per
245 3451 396 3522 omniurn
423 3451 748 3523 circumstantiarum
772 3449 910 3522 veritate
929 3470 968 3521 ac
987 3450 1094 3537 gravi·

158 3555 236 3615 tale.
260 3564 276 3612 s
309 3545 354 3614 En
375 3562 443 3636 quo
463 3546 606 3617 infertur
622 3547 658 3615 iu
679 3543 849 3636 aliquibus
866 3542 997 3614 ossibus
1017 3543 1094 3632 Epi·
