2642 4175
305 363 348 422 58
651 373 755 419 carun
773 374 796 417 1.

257 473 346 563 gatio
367 472 499 562 alligata
520 483 582 555 ost,
603 470 719 540 eadem
737 468 896 557 obligatio
917 467 1049 538 desinit:
1069 493 1083 534 a
1102 482 1193 539 aotus

258 568 382 656 quippo
403 565 572 655 agentium
590 584 658 633 non
678 564 801 632 debant
813 563 946 653 operari
968 563 1054 631 ultra
1074 583 1191 632 eorum

259 661 489 743 intentionem,
515 681 530 723 a
552 658 587 726 L.
609 658 680 726 Nou
697 674 797 725 ourus
810 656 844 725 tl.
867 655 900 725 Si
918 668 1045 724 certum
1066 667 1136 745 pet.
1153 658 1193 726 At

258 754 377 823 verosi
399 764 529 842 tompus
548 751 768 820 constitutum
787 751 829 821 sit
849 770 915 820 uon
937 750 977 818 ad
997 749 1190 833 finiendam,
1307 787 1308 817 t

224 911 227 916 .
259 848 316 916 sed
347 847 389 915 ad
421 845 623 935 implendam
644 843 892 931 obligationem,
907 863 983 912 cum
1007 841 1132 912 scilicet
1157 842 1192 911 in

194 935 200 948 '
259 939 468 1029 sponsalibus
488 950 619 1029 tempus
644 939 878 1026 praestitutum
899 949 972 1020 ost,
992 936 1076 1005 intra
1104 937 1192 1025 quod

260 1033 418 1122 obligatio
446 1032 583 1101 ineundi
606 1029 807 1101 matrimonii
841 1030 1007 1120 implenda
1038 1029 1103 1112 sit,
1126 1050 1192 1099 non

261 1126 513 1216 exstinguenda,
531 1123 631 1194 veluti
648 1125 675 1193 si
697 1124 807 1214 sponsi
825 1123 957 1213 nuptias
972 1123 1035 1192 sibi
1054 1123 1193 1212 promit·

260 1231 370 1289 terent
389 1220 475 1289 intra
512 1237 636 1286 aunum
658 1217 925 1299 contrahendas,
948 1217 1074 1307 expleto
1096 1236 1193 1298 anno,

262 1312 422 1401 obligatio
435 1331 501 1380 uon
516 1310 750 1398 exstinguitur.
767 1311 837 1381 lloo
850 1310 938 1379 euim
953 1309 987 1379 iu
1000 1310 1192 1398 rasu,quasi

265 1407 331 1473 duo
351 1415 540 1474 contractus
561 1415 639 1472 sunt
660 1458 669 1487 ,
691 1405 776 1474 alter
795 1403 931 1473 ineundi
967 1402 1192 1486 matrimonii,

265 1500 351 1567 alter
369 1508 460 1567 carto
481 1511 631 1586 tempore
664 1498 799 1567 ineundi
821 1519 830 1579 ;
853 1518 917 1587 qua
938 1498 979 1566 de
999 1517 1035 1565 re
1051 1496 1143 1586 prior
1158 1516 1195 1564 o·
1307 1529 1308 1540 2

262 1591 403 1680 bligatio
422 1611 556 1680 semper
573 1603 685 1660 manet
697 1603 708 1672 ‘,
732 1591 861 1659 etiamsi
886 1590 1117 1660 contrahentes
1136 1610 1195 1658 suo

260 1696 418 1775 tempora
434 1704 502 1753 uon
523 1684 755 1773 impleverint;
778 1683 915 1773 perinde
946 1697 1047 1774 atque
1066 1684 1196 1753 debitor

260 1776 422 1866 pecuniae
439 1789 529 1847 certo
548 1789 699 1867 tempore
726 1779 900 1847 solvendae
919 1799 937 1847 a
971 1777 1126 1848 facienda.
1141 1798 1194 1847 so·

265 1873 393 1941 lutiona
412 1892 478 1942 non
498 1870 666 1954 eximitur,
683 1870 812 1939 etiamsi
831 1871 992 1960 pecuniae
1010 1870 1082 1940 dies
1098 1891 1196 1940 vene·

264 1965 320 2048 rit,
340 1985 403 2033 nee
422 1984 493 2034 eam
512 1965 658 2034 solverit.
678 1964 846 2032 lutardum
869 1963 968 2034 etiam
985 1964 1197 2052 perficiendis

262 2059 471 2148 sponsalibus
489 2057 670 2128 terminum
685 2058 784 2127 luder
802 2058 982 2141 constituit,
1001 2078 1072 2148 eap.
1088 2058 1197 2145 Exuus
1306 2053 1307 2058 ’

166 2235 171 2239 ⁸
261 2172 368 2238 numo,
391 2154 432 2222 de
453 2171 601 2223 convers.
623 2153 785 2240 euolog,
817 2173 883 2242 quo
904 2154 1039 2241 elapso,
1062 2153 1118 2221 ille
1137 2174 1197 2242 per

262 2268 363 2336 quem
383 2267 449 2316 non
471 2245 573 2328 stetit,
594 2245 685 2314 aliud
706 2245 956 2317 matrimonium
972 2245 1059 2315 inire
1075 2258 1196 2335 potest,

261 2341 340 2429 quia
355 2340 519 2409 terminus
539 2338 757 2427 praestitutus
776 2350 930 2409 causetur
950 2338 1146 2428 obligationi
1162 2339 1196 2406 fi-

261 2432 416 2512 niendae,
439 2450 481 2499 ne
501 2430 629 2499 scilieet
648 2431 773 2500 diutius
796 2453 871 2500 oum
890 2433 1040 2524 periculo
1060 2431 1199 2502 fornica·

261 2524 362 2593 tionis
381 2524 518 2612 nuptiae
537 2523 788 2612 protrahantur.

684 2745 774 2838 gro.

327 2900 372 2957 llo
391 2899 592 2959 desolatione
614 2902 654 2960 ob
673 2902 806 2961 altorlua
830 2904 935 2975 sponsi
953 2906 1137 2965 absentiam.

267 3118 270 3123 ·
312 3081 423 3151 Tertia
440 3094 489 3152 est
505 3082 663 3154 diuturna
677 3085 816 3155 alterius
836 3084 953 3175 Spousi
973 3083 1135 3155 absentia.
1150 3086 1197 3153 Α·
1305 3086 1306 3091 ’

264 3175 423 3265 liquando
447 3176 610 3265 contingit
628 3190 677 3259 ut,
700 3179 909 3268 sponsalibus
927 3179 991 3249 rite
1011 3177 1198 3253 contractis,

265 3269 333 3338 slve
353 3268 402 3339 vir
421 3268 489 3339 siva
508 3270 630 3340 mulier
659 3271 726 3341 alio
751 3273 870 3355 abeat,
901 3273 1007 3341 altero
1028 3271 1132 3341 inscio
1149 3272 1199 3339 vel

265 3362 381 3431 invito.
398 3362 453 3432 lus
469 3363 602 3453 quidam
623 3365 837 3448 Romanum,
861 3366 889 3434 si
909 3385 1008 3435 eausa
1031 3364 1199 3438 absentiae

266 3453 539 3537 atramentaria,
559 3458 663 3528 veluti
683 3458 711 3527 si
730 3480 871 3549 sponsus
898 3459 942 3529 ob
972 3458 1197 3527 detonsionem

267 3547 507 3638 patriae,iussu
514 3551 692 3641 Principis,
701 3553 867 3642 proiectus
880 3552 935 3637 sit,
944 3562 1002 3622 aut
1014 3550 1042 3620 si
1059 3550 1200 3642 inlirrni·
