<?xml version="1.0" encoding="UTF-8"?>
<!DOCTYPE html PUBLIC "-//W3C//DTD XHTML 1.0 Transitional//EN"
    "http://www.w3.org/TR/xhtml1/DTD/xhtml1-transitional.dtd">
<html xmlns="http://www.w3.org/1999/xhtml" xml:lang="en" lang="en">
 <head>
  <title>
</title>
<meta http-equiv="Content-Type" content="text/html;charset=utf-8" />
  <meta name='ocr-system' content='tesseract 3.04.00' />
  <meta name='ocr-capabilities' content='ocr_page ocr_carea ocr_par ocr_line ocrx_word'/>
</head>
<body>
  <div class='ocr_page' id='page_1' title='image "./septimiimariaev00veccgoog_0054.png"; bbox 0 0 2642 4175; ppageno 0'>
   <div class='ocr_carea' id='block_1_1' title="bbox 276 364 767 422">
    <p class='ocr_par' dir='ltr' id='par_1_1' title="bbox 276 364 767 422">
     <span class='ocr_line' id='line_1_1' title="bbox 276 364 767 422; baseline -0.006 0"><span class='ocrx_word' id='word_1_1' title='bbox 276 364 318 422; x_wconf 82' lang='lat'>46</span> <span class='ocrx_word' id='word_1_2' title='bbox 624 371 727 420; x_wconf 73' lang='lat' dir='ltr'>carum</span> <span class='ocrx_word' id='word_1_3' title='bbox 744 375 767 419; x_wconf 88' lang='lat'>1.</span> 
     </span>
    </p>
   </div>
   <div class='ocr_carea' id='block_1_2' title="bbox 169 471 1171 3641">
    <p class='ocr_par' dir='ltr' id='par_1_2' title="bbox 169 471 1171 3641">
     <span class='ocr_line' id='line_1_2' title="bbox 228 471 1167 564; baseline -0.005 -17"><span class='ocrx_word' id='word_1_4' title='bbox 228 476 312 547; x_wconf 82' lang='lat' dir='ltr'>Cum</span> <span class='ocrx_word' id='word_1_5' title='bbox 330 474 442 564; x_wconf 85' lang='lat' dir='ltr'>itaque</span> <span class='ocrx_word' id='word_1_6' title='bbox 455 474 514 542; x_wconf 92' lang='lat' dir='ltr'>dos</span> <span class='ocrx_word' id='word_1_7' title='bbox 532 471 694 561; x_wconf 90' lang='lat' dir='ltr'>promissa</span> <span class='ocrx_word' id='word_1_8' title='bbox 712 492 779 541; x_wconf 91' lang='lat' dir='ltr'>non</span> <span class='ocrx_word' id='word_1_9' title='bbox 793 471 836 542; x_wconf 90' lang='lat' dir='ltr'>sit</span> <span class='ocrx_word' id='word_1_10' title='bbox 849 473 969 556; x_wconf 90' lang='lat' dir='ltr'>soluta,</span> <span class='ocrx_word' id='word_1_11' title='bbox 987 484 1021 543; x_wconf 86' lang='lat' dir='ltr'>et</span> <span class='ocrx_word' id='word_1_12' title='bbox 1032 474 1167 562; x_wconf 87' lang='lat' dir='ltr'>dispen-</span> 
     </span>
     <span class='ocr_line' id='line_1_3' title="bbox 230 566 1166 657; baseline -0.002 -19"><span class='ocrx_word' id='word_1_13' title='bbox 230 569 367 638; x_wconf 79' lang='lat' dir='ltr'>sationis</span> <span class='ocrx_word' id='word_1_14' title='bbox 387 569 517 637; x_wconf 78' lang='lat' dir='ltr'>litterae</span> <span class='ocrx_word' id='word_1_15' title='bbox 531 585 598 635; x_wconf 89' lang='lat' dir='ltr'>non</span> <span class='ocrx_word' id='word_1_16' title='bbox 611 567 710 636; x_wconf 92' lang='lat' dir='ltr'>modo</span> <span class='ocrx_word' id='word_1_17' title='bbox 732 566 955 650; x_wconf 80' lang='lat' dir='ltr'>transmissae,</span> <span class='ocrx_word' id='word_1_18' title='bbox 978 567 1035 634; x_wconf 91' lang='lat' dir='ltr'>sed</span> <span class='ocrx_word' id='word_1_19' title='bbox 1054 588 1166 657; x_wconf 86' lang='lat' dir='ltr'>neque</span> 
     </span>
     <span class='ocr_line' id='line_1_4' title="bbox 169 659 1164 751; baseline -0.003 -19"><span class='ocrx_word' id='word_1_20' title='bbox 169 715 173 723; x_wconf 90' lang='lat'>.</span> <span class='ocrx_word' id='word_1_21' title='bbox 230 662 422 751; x_wconf 75' lang='lat' dir='ltr'><strong>obsignatae</strong></span> <span class='ocrx_word' id='word_1_22' title='bbox 443 662 526 741; x_wconf 89' lang='lat' dir='ltr'>sint,</span> <span class='ocrx_word' id='word_1_23' title='bbox 543 659 669 727; x_wconf 91' lang='lat' dir='ltr'>inirum</span> <span class='ocrx_word' id='word_1_24' title='bbox 694 676 760 728; x_wconf 88' lang='lat' dir='ltr'>non</span> <span class='ocrx_word' id='word_1_25' title='bbox 790 671 862 744; x_wconf 89' lang='lat' dir='ltr'>est,</span> <span class='ocrx_word' id='word_1_26' title='bbox 884 662 974 749; x_wconf 87' lang='lat' dir='ltr'>quod</span> <span class='ocrx_word' id='word_1_27' title='bbox 1000 663 1164 729; x_wconf 67' lang='lat' dir='ltr'>sannatia</span> 
     </span>
     <span class='ocr_line' id='line_1_5' title="bbox 232 753 1164 845; baseline -0.002 -21"><span class='ocrx_word' id='word_1_28' title='bbox 232 756 407 845; x_wconf 83' lang='lat' dir='ltr'>Episcopi,</span> <span class='ocrx_word' id='word_1_29' title='bbox 431 774 517 844; x_wconf 87' lang='lat' dir='ltr'>quae</span> <span class='ocrx_word' id='word_1_30' title='bbox 541 753 688 821; x_wconf 84' lang='lat' dir='ltr'>validum</span> <span class='ocrx_word' id='word_1_31' title='bbox 709 772 780 822; x_wconf 88' lang='lat' dir='ltr'>esse</span> <span class='ocrx_word' id='word_1_32' title='bbox 804 753 1078 840; x_wconf 80' lang='lat' dir='ltr'>impedimentum</span> <span class='ocrx_word' id='word_1_33' title='bbox 1105 755 1164 823; x_wconf 90' lang='lat' dir='ltr'>de·</span> 
     </span>
     <span class='ocr_line' id='line_1_6' title="bbox 229 846 1164 936; baseline -0.005 -17"><span class='ocrx_word' id='word_1_34' title='bbox 229 858 389 932; x_wconf 85' lang='lat' dir='ltr'>creverat,</span> <span class='ocrx_word' id='word_1_35' title='bbox 407 847 582 936; x_wconf 88' lang='lat' dir='ltr'>virumque</span> <span class='ocrx_word' id='word_1_36' title='bbox 602 846 641 914; x_wconf 93' lang='lat' dir='ltr'>ad</span> <span class='ocrx_word' id='word_1_37' title='bbox 656 846 766 915; x_wconf 90' lang='lat' dir='ltr'>datam</span> <span class='ocrx_word' id='word_1_38' title='bbox 783 846 881 915; x_wconf 90' lang='lat' dir='ltr'>fidem</span> <span class='ocrx_word' id='word_1_39' title='bbox 898 847 1090 916; x_wconf 87' lang='lat' dir='ltr'>servandam</span> <span class='ocrx_word' id='word_1_40' title='bbox 1106 847 1164 916; x_wconf 93' lang='lat' dir='ltr'>ob·</span> 
     </span>
     <span class='ocr_line' id='line_1_7' title="bbox 230 939 1162 1023; baseline -0.004 -12"><span class='ocrx_word' id='word_1_41' title='bbox 230 942 431 1023; x_wconf 81' lang='lat' dir='ltr'>strinxerat,</span> <span class='ocrx_word' id='word_1_42' title='bbox 455 940 621 1008; x_wconf 87' lang='lat' dir='ltr'>infirmata</span> <span class='ocrx_word' id='word_1_43' title='bbox 648 939 763 1008; x_wconf 86' lang='lat' dir='ltr'>fuerit.</span> <span class='ocrx_word' id='word_1_44' title='bbox 783 939 820 1007; x_wconf 91' lang='lat' dir='ltr'>ln</span> <span class='ocrx_word' id='word_1_45' title='bbox 840 940 985 1009; x_wconf 88' lang='lat' dir='ltr'>secundo</span> <span class='ocrx_word' id='word_1_46' title='bbox 1012 960 1091 1008; x_wconf 89' lang='lat' dir='ltr'>casu</span> <span class='ocrx_word' id='word_1_47' title='bbox 1115 940 1162 1008; x_wconf 90' lang='lat' dir='ltr'>nil</span> 
     </span>
     <span class='ocr_line' id='line_1_8' title="bbox 233 1032 1163 1124; baseline -0.003 -19"><span class='ocrx_word' id='word_1_48' title='bbox 233 1037 368 1105; x_wconf 90' lang='lat' dir='ltr'>omuino</span> <span class='ocrx_word' id='word_1_49' title='bbox 389 1034 574 1124; x_wconf 88' lang='lat' dir='ltr'>reperitur,</span> <span class='ocrx_word' id='word_1_50' title='bbox 597 1033 686 1121; x_wconf 89' lang='lat' dir='ltr'>quod</span> <span class='ocrx_word' id='word_1_51' title='bbox 707 1032 834 1101; x_wconf 85' lang='lat' dir='ltr'>evincat</span> <span class='ocrx_word' id='word_1_52' title='bbox 862 1032 1085 1102; x_wconf 89' lang='lat' dir='ltr'>conditionem</span> <span class='ocrx_word' id='word_1_53' title='bbox 1105 1053 1163 1122; x_wconf 88' lang='lat' dir='ltr'>pe·</span> 
     </span>
     <span class='ocr_line' id='line_1_9' title="bbox 232 1125 1162 1217; baseline -0.004 -19"><span class='ocrx_word' id='word_1_54' title='bbox 232 1130 351 1199; x_wconf 90' lang='lat' dir='ltr'>tendae</span> <span class='ocrx_word' id='word_1_55' title='bbox 382 1127 637 1217; x_wconf 80' lang='lat' dir='ltr'>dispensationis</span> <span class='ocrx_word' id='word_1_56' title='bbox 657 1136 748 1194; x_wconf 90' lang='lat' dir='ltr'>certo</span> <span class='ocrx_word' id='word_1_57' title='bbox 780 1137 814 1194; x_wconf 92' lang='lat' dir='ltr'>et</span> <span class='ocrx_word' id='word_1_58' title='bbox 837 1125 1041 1194; x_wconf 80' lang='lat' dir='ltr'>ineluctabili</span> <span class='ocrx_word' id='word_1_59' title='bbox 1065 1126 1162 1195; x_wconf 90' lang='lat' dir='ltr'>modo</span> 
     </span>
     <span class='ocr_line' id='line_1_10' title="bbox 231 1218 1163 1308; baseline -0.004 -17"><span class='ocrx_word' id='word_1_60' title='bbox 231 1221 419 1291; x_wconf 88' lang='lat' dir='ltr'>contractui</span> <span class='ocrx_word' id='word_1_61' title='bbox 434 1220 535 1289; x_wconf 86' lang='lat' dir='ltr'>fuisse</span> <span class='ocrx_word' id='word_1_62' title='bbox 556 1218 752 1308; x_wconf 90' lang='lat' dir='ltr'>appositam,</span> <span class='ocrx_word' id='word_1_63' title='bbox 775 1219 855 1307; x_wconf 86' lang='lat' dir='ltr'>quin</span> <span class='ocrx_word' id='word_1_64' title='bbox 874 1218 942 1288; x_wconf 85' lang='lat' dir='ltr'>imo</span> <span class='ocrx_word' id='word_1_65' title='bbox 957 1241 996 1288; x_wconf 79' lang='lat' dir='ltr'>es</span> <span class='ocrx_word' id='word_1_66' title='bbox 1011 1222 1093 1287; x_wconf 87' lang='lat' dir='ltr'>actis</span> <span class='ocrx_word' id='word_1_67' title='bbox 1105 1240 1163 1308; x_wconf 91' lang='lat' dir='ltr'>ap·</span> 
     </span>
     <span class='ocr_line' id='line_1_11' title="bbox 232 1311 1163 1404; baseline -0.011 -20"><span class='ocrx_word' id='word_1_68' title='bbox 232 1326 327 1404; x_wconf 89' lang='lat' dir='ltr'>paret</span> <span class='ocrx_word' id='word_1_69' title='bbox 344 1325 470 1404; x_wconf 86' lang='lat' dir='ltr'>patrem</span> <span class='ocrx_word' id='word_1_70' title='bbox 485 1314 654 1380; x_wconf 83' lang='lat' dir='ltr'>dumtaxat</span> <span class='ocrx_word' id='word_1_71' title='bbox 673 1330 788 1401; x_wconf 88' lang='lat' dir='ltr'>preces</span> <span class='ocrx_word' id='word_1_72' title='bbox 808 1312 849 1380; x_wconf 91' lang='lat' dir='ltr'>ad</span> <span class='ocrx_word' id='word_1_73' title='bbox 866 1311 899 1380; x_wconf 87' lang='lat' dir='ltr'>S.</span> <span class='ocrx_word' id='word_1_74' title='bbox 918 1312 1035 1381; x_wconf 90' lang='lat' dir='ltr'>Sedem</span> <span class='ocrx_word' id='word_1_75' title='bbox 1048 1332 1163 1401; x_wconf 43' lang='lat' dir='ltr'>porres</span> 
     </span>
     <span class='ocr_line' id='line_1_12' title="bbox 233 1404 1165 1494; baseline -0.002 -18"><span class='ocrx_word' id='word_1_76' title='bbox 233 1408 331 1491; x_wconf 82' lang='lat' dir='ltr'>uisse,</span> <span class='ocrx_word' id='word_1_77' title='bbox 354 1417 391 1476; x_wconf 93' lang='lat' dir='ltr'>ut</span> <span class='ocrx_word' id='word_1_78' title='bbox 421 1405 508 1475; x_wconf 82' lang='lat' dir='ltr'>tiliae</span> <span class='ocrx_word' id='word_1_79' title='bbox 527 1405 660 1494; x_wconf 81' lang='lat' dir='ltr'>nuptias</span> <span class='ocrx_word' id='word_1_80' title='bbox 687 1404 783 1473; x_wconf 84' lang='lat' dir='ltr'>lacile</span> <span class='ocrx_word' id='word_1_81' title='bbox 804 1405 1007 1475; x_wconf 89' lang='lat' dir='ltr'>conciliaret.</span> <span class='ocrx_word' id='word_1_82' title='bbox 1029 1407 1165 1474; x_wconf 84' lang='lat' dir='ltr'>Accedit</span> 
     </span>
     <span class='ocr_line' id='line_1_13' title="bbox 232 1498 1162 1586; baseline -0.004 -17"><span class='ocrx_word' id='word_1_83' title='bbox 232 1519 419 1570; x_wconf 87' lang='lat' dir='ltr'>sermonem</span> <span class='ocrx_word' id='word_1_84' title='bbox 434 1518 506 1567; x_wconf 90' lang='lat' dir='ltr'>esse</span> <span class='ocrx_word' id='word_1_85' title='bbox 521 1498 719 1567; x_wconf 81' lang='lat' dir='ltr'>desecando</span> <span class='ocrx_word' id='word_1_86' title='bbox 734 1499 1029 1586; x_wconf 78' lang='lat' dir='ltr'>consanguinitatis</span> <span class='ocrx_word' id='word_1_87' title='bbox 1042 1499 1162 1586; x_wconf 80' lang='lat' dir='ltr'>gradu,</span> 
     </span>
     <span class='ocr_line' id='line_1_14' title="bbox 231 1591 1163 1682; baseline -0.001 -21"><span class='ocrx_word' id='word_1_88' title='bbox 231 1613 333 1682; x_wconf 90' lang='lat' dir='ltr'>super</span> <span class='ocrx_word' id='word_1_89' title='bbox 349 1613 416 1682; x_wconf 93' lang='lat' dir='ltr'>quo</span> <span class='ocrx_word' id='word_1_90' title='bbox 434 1591 600 1661; x_wconf 86' lang='lat' dir='ltr'>difficilior</span> <span class='ocrx_word' id='word_1_91' title='bbox 614 1591 814 1679; x_wconf 87' lang='lat' dir='ltr'>dispensatio</span> <span class='ocrx_word' id='word_1_92' title='bbox 834 1612 905 1662; x_wconf 90' lang='lat' dir='ltr'>esse</span> <span class='ocrx_word' id='word_1_93' title='bbox 924 1594 1018 1662; x_wconf 86' lang='lat' dir='ltr'>solet.</span> <span class='ocrx_word' id='word_1_94' title='bbox 1042 1592 1078 1660; x_wconf 93' lang='lat' dir='ltr'>ln</span> <span class='ocrx_word' id='word_1_95' title='bbox 1095 1603 1163 1661; x_wconf 92' lang='lat' dir='ltr'>ter·</span> 
     </span>
     <span class='ocr_line' id='line_1_15' title="bbox 233 1684 1165 1768; baseline 0 -14"><span class='ocrx_word' id='word_1_96' title='bbox 233 1687 279 1755; x_wconf 91' lang='lat' dir='ltr'>tio</span> <span class='ocrx_word' id='word_1_97' title='bbox 301 1689 432 1755; x_wconf 91' lang='lat' dir='ltr'>tandem</span> <span class='ocrx_word' id='word_1_98' title='bbox 452 1706 553 1768; x_wconf 89' lang='lat' dir='ltr'>casu,</span> <span class='ocrx_word' id='word_1_99' title='bbox 578 1685 627 1753; x_wconf 87' lang='lat' dir='ltr'>vel</span> <span class='ocrx_word' id='word_1_100' title='bbox 647 1684 824 1754; x_wconf 86' lang='lat' dir='ltr'>dicendum</span> <span class='ocrx_word' id='word_1_101' title='bbox 846 1697 896 1754; x_wconf 90' lang='lat' dir='ltr'>est</span> <span class='ocrx_word' id='word_1_102' title='bbox 920 1707 986 1755; x_wconf 91' lang='lat' dir='ltr'>uon</span> <span class='ocrx_word' id='word_1_103' title='bbox 1014 1697 1165 1754; x_wconf 88' lang='lat' dir='ltr'>constare</span> 
     </span>
     <span class='ocr_line' id='line_1_16' title="bbox 234 1778 1166 1868; baseline 0 -21"><span class='ocrx_word' id='word_1_104' title='bbox 234 1779 275 1848; x_wconf 92' lang='lat' dir='ltr'>de</span> <span class='ocrx_word' id='word_1_105' title='bbox 306 1779 483 1848; x_wconf 86' lang='lat' dir='ltr'>contractis</span> <span class='ocrx_word' id='word_1_106' title='bbox 516 1778 746 1868; x_wconf 89' lang='lat' dir='ltr'>sponsalibus,</span> <span class='ocrx_word' id='word_1_107' title='bbox 769 1798 844 1846; x_wconf 91' lang='lat' dir='ltr'>cum</span> <span class='ocrx_word' id='word_1_108' title='bbox 862 1800 901 1848; x_wconf 86' lang='lat' dir='ltr'>ex</span> <span class='ocrx_word' id='word_1_109' title='bbox 918 1799 983 1849; x_wconf 90' lang='lat' dir='ltr'>una</span> <span class='ocrx_word' id='word_1_110' title='bbox 1005 1791 1096 1867; x_wconf 90' lang='lat' dir='ltr'>parte</span> <span class='ocrx_word' id='word_1_111' title='bbox 1114 1780 1166 1847; x_wconf 88' lang='lat' dir='ltr'>vir</span> 
     </span>
     <span class='ocr_line' id='line_1_17' title="bbox 237 1872 1166 1961; baseline 0 -21"><span class='ocrx_word' id='word_1_112' title='bbox 237 1872 342 1941; x_wconf 90' lang='lat' dir='ltr'>animi</span> <span class='ocrx_word' id='word_1_113' title='bbox 362 1872 472 1961; x_wconf 91' lang='lat' dir='ltr'>potius</span> <span class='ocrx_word' id='word_1_114' title='bbox 491 1882 625 1955; x_wconf 84' lang='lat' dir='ltr'>votum,</span> <span class='ocrx_word' id='word_1_115' title='bbox 659 1892 758 1960; x_wconf 88' lang='lat' dir='ltr'>quam</span> <span class='ocrx_word' id='word_1_116' title='bbox 781 1892 890 1941; x_wconf 88' lang='lat' dir='ltr'>veram</span> <span class='ocrx_word' id='word_1_117' title='bbox 911 1873 1166 1961; x_wconf 79' lang='lat' dir='ltr'>promissionem</span> 
     </span>
     <span class='ocr_line' id='line_1_18' title="bbox 235 1964 1167 2052; baseline 0 -19"><span class='ocrx_word' id='word_1_118' title='bbox 235 1986 312 2033; x_wconf 91' lang='lat' dir='ltr'>cum</span> <span class='ocrx_word' id='word_1_119' title='bbox 332 1966 515 2035; x_wconf 91' lang='lat' dir='ltr'>intentione</span> <span class='ocrx_word' id='word_1_120' title='bbox 535 1984 608 2033; x_wconf 90' lang='lat' dir='ltr'>sese</span> <span class='ocrx_word' id='word_1_121' title='bbox 627 1964 795 2052; x_wconf 82' lang='lat' dir='ltr'>obligandi</span> <span class='ocrx_word' id='word_1_122' title='bbox 816 1966 987 2049; x_wconf 90' lang='lat' dir='ltr'>emiserit,</span> <span class='ocrx_word' id='word_1_123' title='bbox 1008 1977 1041 2034; x_wconf 90' lang='lat' dir='ltr'>et</span> <span class='ocrx_word' id='word_1_124' title='bbox 1061 1986 1100 2034; x_wconf 84' lang='lat' dir='ltr'>ex</span> <span class='ocrx_word' id='word_1_125' title='bbox 1118 1967 1167 2034; x_wconf 91' lang='lat' dir='ltr'>al·</span> 
     </span>
     <span class='ocr_line' id='line_1_19' title="bbox 232 2057 1167 2149; baseline -0.002 -19"><span class='ocrx_word' id='word_1_126' title='bbox 232 2070 302 2130; x_wconf 91' lang='lat' dir='ltr'>tera</span> <span class='ocrx_word' id='word_1_127' title='bbox 323 2060 373 2128; x_wconf 88' lang='lat' dir='ltr'>vol</span> <span class='ocrx_word' id='word_1_128' title='bbox 402 2059 492 2128; x_wconf 90' lang='lat' dir='ltr'>nulla</span> <span class='ocrx_word' id='word_1_129' title='bbox 514 2057 665 2127; x_wconf 90' lang='lat' dir='ltr'>mulieris</span> <span class='ocrx_word' id='word_1_130' title='bbox 698 2058 911 2148; x_wconf 86' lang='lat' dir='ltr'>repromissio</span> <span class='ocrx_word' id='word_1_131' title='bbox 938 2058 1167 2149; x_wconf 84' lang='lat' dir='ltr'>deprebende-</span> 
     </span>
     <span class='ocr_line' id='line_1_20' title="bbox 233 2152 1166 2241; baseline -0.002 -19"><span class='ocrx_word' id='word_1_132' title='bbox 233 2153 349 2238; x_wconf 89' lang='lat' dir='ltr'>batur,</span> <span class='ocrx_word' id='word_1_133' title='bbox 371 2155 421 2222; x_wconf 85' lang='lat' dir='ltr'>vel</span> <span class='ocrx_word' id='word_1_134' title='bbox 442 2153 469 2221; x_wconf 88' lang='lat' dir='ltr'>si</span> <span class='ocrx_word' id='word_1_135' title='bbox 490 2154 531 2221; x_wconf 89' lang='lat' dir='ltr'>de</span> <span class='ocrx_word' id='word_1_136' title='bbox 547 2152 768 2241; x_wconf 88' lang='lat' dir='ltr'>promissione</span> <span class='ocrx_word' id='word_1_137' title='bbox 788 2163 902 2221; x_wconf 90' lang='lat' dir='ltr'>mutua</span> <span class='ocrx_word' id='word_1_138' title='bbox 922 2153 1069 2221; x_wconf 82' lang='lat' dir='ltr'>nubendi</span> <span class='ocrx_word' id='word_1_139' title='bbox 1090 2172 1166 2220; x_wconf 94' lang='lat' dir='ltr'>cum</span> 
     </span>
     <span class='ocr_line' id='line_1_21' title="bbox 234 2244 1167 2336; baseline 0 -21"><span class='ocrx_word' id='word_1_140' title='bbox 234 2247 437 2336; x_wconf 80' lang='lat' dir='ltr'>obligatione</span> <span class='ocrx_word' id='word_1_141' title='bbox 457 2245 657 2314; x_wconf 88' lang='lat' dir='ltr'>obtinendae</span> <span class='ocrx_word' id='word_1_142' title='bbox 676 2244 930 2333; x_wconf 89' lang='lat' dir='ltr'>dispensationis</span> <span class='ocrx_word' id='word_1_143' title='bbox 949 2245 1094 2315; x_wconf 89' lang='lat' dir='ltr'>dubitari</span> <span class='ocrx_word' id='word_1_144' title='bbox 1108 2266 1167 2315; x_wconf 88' lang='lat' dir='ltr'>ne·</span> 
     </span>
     <span class='ocr_line' id='line_1_22' title="bbox 234 2338 1167 2429; baseline -0.001 -21"><span class='ocrx_word' id='word_1_145' title='bbox 234 2342 395 2429; x_wconf 86' lang='lat' dir='ltr'>quiverat,</span> <span class='ocrx_word' id='word_1_146' title='bbox 415 2340 524 2407; x_wconf 87' lang='lat' dir='ltr'>adhuc</span> <span class='ocrx_word' id='word_1_147' title='bbox 545 2349 655 2406; x_wconf 90' lang='lat' dir='ltr'>tamen</span> <span class='ocrx_word' id='word_1_148' title='bbox 676 2338 815 2406; x_wconf 90' lang='lat' dir='ltr'>dubium</span> <span class='ocrx_word' id='word_1_149' title='bbox 840 2351 1024 2428; x_wconf 88' lang='lat' dir='ltr'>supererat,</span> <span class='ocrx_word' id='word_1_150' title='bbox 1047 2360 1090 2408; x_wconf 91' lang='lat' dir='ltr'>an</span> <span class='ocrx_word' id='word_1_151' title='bbox 1109 2340 1167 2408; x_wconf 89' lang='lat' dir='ltr'>ad·</span> 
     </span>
     <span class='ocr_line' id='line_1_23' title="bbox 233 2429 1164 2517; baseline -0.004 -16"><span class='ocrx_word' id='word_1_152' title='bbox 233 2432 316 2501; x_wconf 89' lang='lat' dir='ltr'>iecta</span> <span class='ocrx_word' id='word_1_153' title='bbox 336 2431 480 2499; x_wconf 89' lang='lat' dir='ltr'>conditio</span> <span class='ocrx_word' id='word_1_154' title='bbox 504 2454 519 2495; x_wconf 85' lang='lat' dir='ltr'>r</span> <span class='ocrx_word' id='word_1_155' title='bbox 543 2430 577 2498; x_wconf 90' lang='lat' dir='ltr'>Si</span> <span class='ocrx_word' id='word_1_156' title='bbox 597 2429 674 2499; x_wconf 77' lang='lat' dir='ltr'>llaia</span> <span class='ocrx_word' id='word_1_157' title='bbox 694 2451 729 2500; x_wconf 91' lang='lat' dir='ltr'>se</span> <span class='ocrx_word' id='word_1_158' title='bbox 748 2432 921 2501; x_wconf 85' lang='lat' dir='ltr'>honestam</span> <span class='ocrx_word' id='word_1_159' title='bbox 941 2444 1124 2517; x_wconf 83' lang='lat' dir='ltr'>servasset,</span> <span class='ocrx_word' id='word_1_160' title='bbox 1149 2455 1164 2497; x_wconf 70' lang='grc' dir='ltr'><strong><em>ι</em></strong></span> 
     </span>
     <span class='ocr_line' id='line_1_24' title="bbox 234 2521 1167 2613; baseline -0.002 -19"><span class='ocrx_word' id='word_1_161' title='bbox 234 2545 273 2594; x_wconf 83' lang='lat' dir='ltr'>er</span> <span class='ocrx_word' id='word_1_162' title='bbox 292 2524 373 2593; x_wconf 89' lang='lat' dir='ltr'>actis</span> <span class='ocrx_word' id='word_1_163' title='bbox 401 2521 637 2603; x_wconf 86' lang='lat' dir='ltr'>iudicialibus,</span> <span class='ocrx_word' id='word_1_164' title='bbox 670 2522 804 2613; x_wconf 91' lang='lat' dir='ltr'>impleta</span> <span class='ocrx_word' id='word_1_165' title='bbox 836 2526 975 2609; x_wconf 88' lang='lat' dir='ltr'>luisset,</span> <span class='ocrx_word' id='word_1_166' title='bbox 1010 2527 1099 2595; x_wconf 93' lang='lat' dir='ltr'>unde</span> <span class='ocrx_word' id='word_1_167' title='bbox 1124 2527 1167 2593; x_wconf 90' lang='lat' dir='ltr'>ad</span> 
     </span>
     <span class='ocr_line' id='line_1_25' title="bbox 233 2615 1168 2704; baseline 0.002 -19"><span class='ocrx_word' id='word_1_168' title='bbox 233 2615 385 2685; x_wconf 88' lang='lat' dir='ltr'>dubium:</span> <span class='ocrx_word' id='word_1_169' title='bbox 398 2618 467 2683; x_wconf 74' lang='lat' dir='ltr'>«An</span> <span class='ocrx_word' id='word_1_170' title='bbox 487 2626 520 2684; x_wconf 91' lang='lat' dir='ltr'>et</span> <span class='ocrx_word' id='word_1_171' title='bbox 539 2616 705 2704; x_wconf 90' lang='lat' dir='ltr'>quomodo</span> <span class='ocrx_word' id='word_1_172' title='bbox 724 2617 969 2703; x_wconf 89' lang='lat' dir='ltr'>sustinendum,</span> <span class='ocrx_word' id='word_1_173' title='bbox 988 2620 1039 2688; x_wconf 89' lang='lat' dir='ltr'>vel</span> <span class='ocrx_word' id='word_1_174' title='bbox 1057 2638 1168 2688; x_wconf 89' lang='lat' dir='ltr'>remo·</span> 
     </span>
     <span class='ocr_line' id='line_1_26' title="bbox 233 2707 1163 2799; baseline 0.003 -24"><span class='ocrx_word' id='word_1_175' title='bbox 233 2709 376 2779; x_wconf 86' lang='lat' dir='ltr'>rendum</span> <span class='ocrx_word' id='word_1_176' title='bbox 396 2707 439 2777; x_wconf 89' lang='lat' dir='ltr'>sit</span> <span class='ocrx_word' id='word_1_177' title='bbox 459 2709 733 2797; x_wconf 89' lang='lat' dir='ltr'>impedimentum</span> <span class='ocrx_word' id='word_1_178' title='bbox 752 2711 956 2799; x_wconf 85' lang='lat' dir='ltr'>sponsalium</span> <span class='ocrx_word' id='word_1_179' title='bbox 977 2712 1011 2784; x_wconf 90' lang='lat' dir='ltr'>in</span> <span class='ocrx_word' id='word_1_180' title='bbox 1031 2712 1163 2781; x_wconf 78' lang='lat' dir='ltr'>casu‘ll</span> 
     </span>
     <span class='ocr_line' id='line_1_27' title="bbox 234 2800 1165 2893; baseline 0.003 -24"><span class='ocrx_word' id='word_1_181' title='bbox 234 2802 308 2871; x_wconf 91' lang='lat' dir='ltr'>iure</span> <span class='ocrx_word' id='word_1_182' title='bbox 329 2800 448 2870; x_wconf 90' lang='lat' dir='ltr'>merito</span> <span class='ocrx_word' id='word_1_183' title='bbox 467 2821 663 2890; x_wconf 91' lang='lat' dir='ltr'>responsum</span> <span class='ocrx_word' id='word_1_184' title='bbox 695 2814 767 2871; x_wconf 89' lang='lat' dir='ltr'>est:</span> <span class='ocrx_word' id='word_1_185' title='bbox 793 2828 808 2871; x_wconf 80' lang='lat' dir='ltr'>r</span> <span class='ocrx_word' id='word_1_186' title='bbox 829 2805 984 2893; x_wconf 85' lang='lat' dir='ltr'>Negative</span> <span class='ocrx_word' id='word_1_187' title='bbox 1001 2805 1079 2874; x_wconf 90' lang='lat' dir='ltr'>adl</span> <span class='ocrx_word' id='word_1_188' title='bbox 1104 2828 1165 2893; x_wconf 91' lang='lat' dir='ltr'>p.,</span> 
     </span>
     <span class='ocr_line' id='line_1_28' title="bbox 235 2892 1168 2987; baseline 0.004 -24"><span class='ocrx_word' id='word_1_189' title='bbox 235 2892 430 2964; x_wconf 82' lang='lat' dir='ltr'>affirmative</span> <span class='ocrx_word' id='word_1_190' title='bbox 450 2894 490 2962; x_wconf 91' lang='lat' dir='ltr'>ad</span> <span class='ocrx_word' id='word_1_191' title='bbox 512 2892 546 2963; x_wconf 69' lang='lat' dir='ltr'>d.</span> <span class='ocrx_word' id='word_1_192' title='bbox 566 2895 692 2975; x_wconf 86' lang='lat' dir='ltr'>Quibus</span> <span class='ocrx_word' id='word_1_193' title='bbox 710 2897 757 2964; x_wconf 91' lang='lat' dir='ltr'>sio</span> <span class='ocrx_word' id='word_1_194' title='bbox 778 2896 903 2985; x_wconf 87' lang='lat' dir='ltr'>positis,</span> <span class='ocrx_word' id='word_1_195' title='bbox 926 2918 965 2966; x_wconf 87' lang='lat' dir='ltr'>ac</span> <span class='ocrx_word' id='word_1_196' title='bbox 982 2897 1168 2987; x_wconf 85' lang='lat' dir='ltr'>disputatis,</span> 
     </span>
     <span class='ocr_line' id='line_1_29' title="bbox 238 2987 1167 3062; baseline 0.001 -6"><span class='ocrx_word' id='word_1_197' title='bbox 238 2987 501 3057; x_wconf 90' lang='lat' dir='ltr'>concludendum</span> <span class='ocrx_word' id='word_1_198' title='bbox 527 3009 603 3057; x_wconf 90' lang='lat' dir='ltr'>cum</span> <span class='ocrx_word' id='word_1_199' title='bbox 629 2989 711 3057; x_wconf 90' lang='lat' dir='ltr'>clar.</span> <span class='ocrx_word' id='word_1_200' title='bbox 744 2988 871 3059; x_wconf 83' lang='lat' dir='ltr'>Scarini</span> <span class='ocrx_word' id='word_1_201' title='bbox 900 2992 1007 3060; x_wconf 79' lang='lat' dir='ltr'>Tract.</span> <span class='ocrx_word' id='word_1_202' title='bbox 1030 2993 1072 3061; x_wconf 91' lang='lat' dir='ltr'>de</span> <span class='ocrx_word' id='word_1_203' title='bbox 1090 2993 1167 3062; x_wconf 83' lang='lat' dir='ltr'>liat.</span> 
     </span>
     <span class='ocr_line' id='line_1_30' title="bbox 236 3078 1169 3173; baseline 0.004 -24"><span class='ocrx_word' id='word_1_204' title='bbox 236 3082 260 3149; x_wconf 91' lang='lat' dir='ltr'>l.</span> <span class='ocrx_word' id='word_1_205' title='bbox 284 3079 317 3164; x_wconf 67' lang='lat' dir='ltr'>b,</span> <span class='ocrx_word' id='word_1_206' title='bbox 341 3102 370 3149; x_wconf 93' lang='lat' dir='ltr'>c.</span> <span class='ocrx_word' id='word_1_207' title='bbox 393 3078 415 3147; x_wconf 69' lang='lat' dir='ltr'>d</span> <span class='ocrx_word' id='word_1_208' title='bbox 449 3102 483 3170; x_wconf 86' lang='lat' dir='ltr'>q.</span> <span class='ocrx_word' id='word_1_209' title='bbox 505 3080 539 3164; x_wconf 81' lang='lat' dir='ltr'>ll3</span> <span class='ocrx_word' id='word_1_210' title='bbox 562 3081 634 3150; x_wconf 85' lang='lat' dir='ltr'>Non</span> <span class='ocrx_word' id='word_1_211' title='bbox 654 3083 780 3152; x_wconf 82' lang='lat' dir='ltr'>obstare</span> <span class='ocrx_word' id='word_1_212' title='bbox 794 3086 948 3152; x_wconf 81' lang='lat' dir='ltr'>videntur</span> <span class='ocrx_word' id='word_1_213' title='bbox 968 3085 1051 3173; x_wconf 82' lang='lat' dir='ltr'>lepos</span> <span class='ocrx_word' id='word_1_214' title='bbox 1067 3093 1097 3154; x_wconf 88' lang='lat' dir='ltr'>et</span> <span class='ocrx_word' id='word_1_215' title='bbox 1114 3087 1169 3153; x_wconf 88' lang='lat' dir='ltr'>dc·</span> 
     </span>
     <span class='ocr_line' id='line_1_31' title="bbox 233 3172 1170 3266; baseline 0.004 -23"><span class='ocrx_word' id='word_1_216' title='bbox 233 3175 369 3243; x_wconf 83' lang='lat' dir='ltr'>cisiones</span> <span class='ocrx_word' id='word_1_217' title='bbox 384 3173 420 3243; x_wconf 90' lang='lat' dir='ltr'>S.</span> <span class='ocrx_word' id='word_1_218' title='bbox 441 3173 482 3242; x_wconf 84' lang='lat' dir='ltr'>C.</span> <span class='ocrx_word' id='word_1_219' title='bbox 500 3172 553 3258; x_wconf 80' lang='lat'>0,</span> <span class='ocrx_word' id='word_1_220' title='bbox 572 3175 663 3263; x_wconf 83' lang='lat' dir='ltr'>quio,</span> <span class='ocrx_word' id='word_1_221' title='bbox 674 3184 711 3244; x_wconf 84' lang='lat' dir='ltr'>ut</span> <span class='ocrx_word' id='word_1_222' title='bbox 725 3185 818 3245; x_wconf 81' lang='lat' dir='ltr'>notul</span> <span class='ocrx_word' id='word_1_223' title='bbox 837 3176 965 3261; x_wconf 79' lang='lat' dir='ltr'>diario,</span> <span class='ocrx_word' id='word_1_224' title='bbox 981 3179 1170 3266; x_wconf 81' lang='lat' dir='ltr'>intellipett·</span> 
     </span>
     <span class='ocr_line' id='line_1_32' title="bbox 236 3269 1169 3362; baseline 0.004 -26"><span class='ocrx_word' id='word_1_225' title='bbox 236 3269 298 3336; x_wconf 85' lang='lat' dir='ltr'>dcc</span> <span class='ocrx_word' id='word_1_226' title='bbox 315 3275 393 3336; x_wconf 80' lang='lat' dir='ltr'>soret</span> <span class='ocrx_word' id='word_1_227' title='bbox 411 3269 450 3336; x_wconf 84' lang='lat' dir='ltr'>de</span> <span class='ocrx_word' id='word_1_228' title='bbox 470 3289 572 3352; x_wconf 80' lang='lat' dir='ltr'>coru,</span> <span class='ocrx_word' id='word_1_229' title='bbox 591 3269 628 3335; x_wconf 83' lang='lat' dir='ltr'>in</span> <span class='ocrx_word' id='word_1_230' title='bbox 651 3290 713 3358; x_wconf 83' lang='lat' dir='ltr'>quo</span> <span class='ocrx_word' id='word_1_231' title='bbox 734 3277 792 3338; x_wconf 76' lang='lat' dir='ltr'>aad</span> <span class='ocrx_word' id='word_1_232' title='bbox 809 3291 876 3339; x_wconf 83' lang='lat' dir='ltr'>con</span> <span class='ocrx_word' id='word_1_233' title='bbox 896 3271 977 3347; x_wconf 84' lang='lat' dir='ltr'>solet</span> <span class='ocrx_word' id='word_1_234' title='bbox 996 3272 1094 3362; x_wconf 85' lang='lat' dir='ltr'>Papo</span> <span class='ocrx_word' id='word_1_235' title='bbox 1117 3273 1169 3340; x_wconf 89' lang='lat' dir='ltr'>di-</span> 
     </span>
     <span class='ocr_line' id='line_1_33' title="bbox 234 3363 1170 3451; baseline 0.006 -23"><span class='ocrx_word' id='word_1_236' title='bbox 234 3381 398 3449; x_wconf 80' lang='lat' dir='ltr'>speosurc,</span> <span class='ocrx_word' id='word_1_237' title='bbox 421 3368 479 3429; x_wconf 84' lang='lat' dir='ltr'>cut</span> <span class='ocrx_word' id='word_1_238' title='bbox 496 3382 562 3429; x_wconf 81' lang='lat' dir='ltr'>note</span> <span class='ocrx_word' id='word_1_239' title='bbox 578 3363 669 3429; x_wconf 80' lang='lat' dir='ltr'>odeat</span> <span class='ocrx_word' id='word_1_240' title='bbox 688 3363 902 3451; x_wconf 81' lang='lat' dir='ltr'>dispensandi</span> <span class='ocrx_word' id='word_1_241' title='bbox 918 3385 1035 3434; x_wconf 82' lang='lat' dir='ltr'>consu:</span> <span class='ocrx_word' id='word_1_242' title='bbox 1054 3373 1113 3433; x_wconf 82' lang='lat' dir='ltr'>out</span> <span class='ocrx_word' id='word_1_243' title='bbox 1132 3387 1170 3434; x_wconf 87' lang='lat' dir='ltr'>o·</span> 
     </span>
     <span class='ocr_line' id='line_1_34' title="bbox 236 3453 1171 3548; baseline 0.011 -30"><span class='ocrx_word' id='word_1_244' title='bbox 236 3453 286 3521; x_wconf 85' lang='lat' dir='ltr'>lio</span> <span class='ocrx_word' id='word_1_245' title='bbox 312 3462 483 3522; x_wconf 81' lang='lat' dir='ltr'>occurrunt</span> <span class='ocrx_word' id='word_1_246' title='bbox 498 3455 655 3543; x_wconf 83' lang='lat' dir='ltr'>specialia</span> <span class='ocrx_word' id='word_1_247' title='bbox 671 3476 781 3525; x_wconf 84' lang='lat' dir='ltr'>rarum</span> <span class='ocrx_word' id='word_1_248' title='bbox 799 3458 978 3542; x_wconf 83' lang='lat' dir='ltr'>adiuncto,</span> <span class='ocrx_word' id='word_1_249' title='bbox 1000 3479 1083 3547; x_wconf 77' lang='lat' dir='ltr'>poue</span> <span class='ocrx_word' id='word_1_250' title='bbox 1096 3479 1171 3548; x_wconf 85' lang='lat' dir='ltr'>pro·</span> 
     </span>
     <span class='ocr_line' id='line_1_35' title="bbox 236 3546 1171 3641; baseline 0.01 -28"><span class='ocrx_word' id='word_1_251' title='bbox 236 3546 421 3615; x_wconf 77' lang='lat' dir='ltr'>missionem</span> <span class='ocrx_word' id='word_1_252' title='bbox 436 3547 533 3616; x_wconf 82' lang='lat' dir='ltr'>illum</span> <span class='ocrx_word' id='word_1_253' title='bbox 552 3549 762 3635; x_wconf 69' lang='lat' dir='ltr'>irefirmcnto</span> <span class='ocrx_word' id='word_1_254' title='bbox 779 3551 845 3620; x_wconf 90' lang='lat' dir='ltr'>Nec</span> <span class='ocrx_word' id='word_1_255' title='bbox 864 3552 961 3620; x_wconf 88' lang='lat' dir='ltr'>aliter</span> <span class='ocrx_word' id='word_1_256' title='bbox 981 3570 1017 3620; x_wconf 84' lang='lat' dir='ltr'>se</span> <span class='ocrx_word' id='word_1_257' title='bbox 1037 3552 1171 3641; x_wconf 64' lang='lat' dir='ltr'>res&#39;ba7</span> 
     </span>
    </p>
   </div>
   <div class='ocr_carea' id='block_1_3' title="bbox 0 0 1327 4175">
    <p class='ocr_par' dir='ltr' id='par_1_3' title="bbox 0 0 1327 4175">
     <span class='ocr_line' id='line_1_36' title="bbox 0 0 1327 4175; baseline 0 0"><span class='ocrx_word' id='word_1_258' title='bbox 0 0 1327 4175; x_wconf 95' lang='lat' dir='ltr'> </span> 
     </span>
    </p>
   </div>
  </div>
 </body>
</html>
