2642 4175
271 322 337 382 536
576 339 738 387 mausum
755 341 802 385 ιιι.

224 438 362 508 mesiam
388 450 500 508 vocata
534 450 595 509 est.
624 439 708 508 ltem
741 439 870 528 reliqua
895 441 1157 510 sacramentam

226 531 412 601 actionibus
431 532 679 603 transeuntibus
698 531 760 603 situ
778 544 874 617 sunt,
893 531 957 600 hoc
976 544 1086 603 autem
1104 556 1158 604 sa·

223 637 429 695 crementum
448 625 482 696 in
497 648 534 696 re
553 626 774 716 permanenti,
797 627 879 697 adeo
899 639 935 695 ut
954 625 1106 697 Christus
1121 630 1155 698 in

225 740 263 788 ca
287 733 497 809 permaneat,
517 721 622 790 donec
651 719 778 809 species
811 732 1080 808 corrumpantur.
1107 722 1155 792 Ex

223 833 289 902 qua
306 813 522 904 consequitur
547 813 664 891 latriae
696 814 821 884 cultum
854 827 1027 883 externum
1052 826 1153 906 atque

222 906 403 989 internum,
426 906 482 998 qui
503 928 581 977 vero
602 907 669 976 Deo
687 908 843 990 debetur,
866 906 949 1000 huic
962 929 1154 978 sacramen·

220 1011 254 1069 to
269 1022 345 1069 cum
366 1000 576 1071 veneratione
595 1000 816 1070 exhibendum
832 1022 915 1071 esse.
935 1001 975 1069 Et
990 1001 1068 1070 hinc
1080 1025 1153 1073 me·

222 1092 287 1163 rito
307 1094 498 1164 Tridentino
518 1094 669 1186 Synodus
687 1116 769 1164 sess.
794 1095 877 1176 Xlll,
893 1115 966 1165 cau.
990 1094 1011 1163 6
1031 1096 1152 1166 defini·

220 1186 290 1257 rit:
315 1213 331 1253 ι
353 1186 384 1256 Si
406 1188 481 1278 quis
506 1190 625 1259 dixerit
655 1189 690 1257 in
710 1201 823 1259 sancto
842 1187 1073 1259 Eucharistiae
1092 1189 1152 1259 Sa·

220 1293 389 1351 cremento
409 1282 622 1370 Unigenitum
640 1282 697 1351 Dei
719 1282 840 1351 Filium
867 1303 933 1351 non
953 1303 1026 1352 esse
1058 1285 1152 1353 cultu

220 1374 336 1444 latriae
355 1376 453 1445 etiam
471 1390 607 1445 externo
624 1377 841 1455 adorandum,
862 1377 909 1446 vel
929 1397 996 1445 nou
1018 1377 1152 1465 publice

223 1479 258 1536 ut
275 1469 443 1553 adoretur,
465 1470 588 1559 populo
604 1471 869 1559 proponendum,
888 1482 920 1539 et
940 1469 1013 1539 eius
1031 1471 1153 1542 adora·

222 1577 310 1631 tores
327 1584 398 1632 esse
416 1563 617 1647 idololatras,
639 1565 815 1634 anathema
834 1565 912 1633 sit.»

265 1654 362 1724 Solus
387 1654 545 1726 Sacerdos
565 1678 583 1724 a
603 1657 735 1727 Christo
754 1656 893 1726 Domino
914 1655 1085 1727 institutus
1104 1672 1156 1728 est

220 1746 371 1817 minister
391 1749 617 1820 Eucharistiae
636 1751 903 1834 consecrandae,
925 1752 1048 1841 eaque;
1072 1752 1153 1820 dum

219 1840 313 1911 llissa
345 1843 540 1932 peragitur,
575 1846 796 1915 consecranda
830 1857 901 1927 est;
936 1857 1035 1933 atque
1068 1846 1153 1916 adeo

220 1934 359 2024 ipsamet
377 1958 443 2008 nou
472 1936 675 2009 Sacramenti
704 1939 826 2017 modo,
845 1937 902 2006 sed
931 1938 1029 2007 etiam
1051 1940 1154 2008 sacri·

220 2027 286 2102 licii
307 2030 469 2101 rationem
492 2032 604 2103 habat.
616 2032 798 2124 Tamquam
817 2031 1066 2112 Sacramentum
1083 2055 1155 2104 coe·

218 2124 311 2193 lestis
330 2137 363 2194 et
382 2127 566 2214 spiritualis
586 2127 773 2196 animarum
791 2126 884 2198 cibus
905 2138 964 2207 est,
985 2139 1018 2196 et
1035 2127 1152 2198 heatae

220 2217 478 2291 immortalitatis
498 2242 624 2303 semem
649 2236 820 2311 tamquam
840 2219 1040 2290 sacrificium
1072 2221 1153 2293 Cor·
1253 2215 1257 2226 ⁴

220 2327 282 2398 pus
309 2325 342 2381 et
360 2312 503 2402 Sanguis
523 2315 646 2386 Christi
666 2336 725 2402 per
745 2313 955 2384 Sacerdotem
978 2313 1045 2383 Deo
1072 2315 1153 2384 offe·

219 2417 340 2474 runtur
360 2420 461 2496 atquc
481 2409 709 2486 immolantur.
743 2407 841 2477 Panis
872 2419 982 2476 antem
1003 2428 1022 2475 e
1040 2407 1153 2478 tritico

218 2498 387 2570 conlectus
406 2501 473 2570 sive
493 2524 639 2591 azymus,
662 2502 730 2571 sive
745 2502 974 2583 fermentatus,
992 2512 1026 2568 et
1038 2502 1151 2570 vinum

220 2611 258 2660 ex
277 2591 341 2661 vite
361 2605 436 2681 apta
460 2597 501 2663 ad
520 2594 771 2678 Sacramentum
805 2594 942 2664 materia
968 2606 1058 2663 sunt.
1088 2594 1152 2666 Sed

219 2683 361 2773 quisquc
377 2684 538 2757 Sacerdos
557 2699 690 2760 tenetur
707 2689 872 2758 Ecclesiae
901 2708 981 2758 suae
1011 2708 1152 2759 consue·

218 2777 367 2848 tudinem
400 2782 602 2866 observare,
623 2782 751 2852 scilicet
780 2782 914 2852 Lahuns
945 2781 979 2852 iu
1009 2803 1149 2872 azymo,

196 2872 199 2879 '
218 2870 364 2944 Graecus
381 2874 414 2943 in
429 2876 629 2947 fermentato
647 2896 853 2948 consecrare.
873 2875 1086 2964 Exploratum
1103 2886 1152 2948 eet
1197 2931 1204 2940 .

218 2966 372 3052 formam,
396 2990 461 3059 qun
483 2971 576 3058 panis
596 2982 831 3052 consecrator,
855 2990 927 3040 eam
949 2988 1021 3040 esse
1040 2969 1059 3036 ἰ
1082 2968 1150 3040 Hoc

218 3067 265 3128 cst
283 3058 410 3150 capia
426 3084 559 3148 mum,
582 3088 596 3131 r
620 3077 654 3133 et
682 3085 745 3152 qua
778 3063 891 3134 viuum
924 3077 1147 3144 consecratur,

219 3173 292 3222 eam
310 3154 434 3243 pariter
453 3177 543 3227 esse:
566 3182 580 3223 ‹
598 3157 661 3230 Hic
679 3157 827 3228 est-cutte
839 3156 1021 3244 Soopuiuir
1037 3156 1146 3224 mei.»

219 3246 358 3326 Caetera
380 3250 499 3335 recha,
527 3272 614 3342 quae
640 3252 673 3320 in
695 3249 942 3326 consecratione
974 3248 1085 3318 calicis
1107 3249 1151 3316 l·

218 3338 332 3409 cienda
354 3340 511 3413 Sacerdos
530 3346 667 3435 profert,
687 3356 799 3415 utrum
814 3345 853 3413 ad
871 3335 1076 3414 Sacrameuti
1097 3363 1150 3414 va·

217 3431 379 3590 {uisuram
400 3438 611 3524 pertineant,
633 3437 811 3526 Theologis
830 3436 1066 3526 disputandum
1097 3455 1150 3505 re·

231 3545 414 3613 inquimus.
1041 3549 1042 3552 ’
