2642 4175
278 394 320 453 86
623 404 724 448 carun
742 404 777 447 11.

227 505 292 572 dae
311 517 345 572 et
361 503 550 573 educandae
570 501 705 586 sobolis,
728 523 766 571 ao
783 502 890 571 mutui
924 501 1037 571 auxilii
1068 523 1170 575 causa

232 597 272 666 ad
291 595 494 667 individuam
511 596 596 666 vitae
614 597 805 666 societatem
833 596 1053 666 indissolubili
1080 619 1168 687 quo·

232 691 307 759 dam
322 711 408 764 nexu
427 712 462 761 se
480 689 704 780 obstringunt.
733 688 955 771 Quamobrem
992 702 1110 760 natura
1138 705 1172 762 et

233 785 374 854 essentia
396 783 611 866 matrimonii,
631 783 659 852 si
674 796 842 872 spectetur
855 783 889 851 in
908 805 966 852 sua
981 805 1080 853 causa
1099 784 1170 854 effi·

233 877 341 947 ciente
365 878 431 949 sive
450 879 486 946 io
504 899 563 946 ouo
576 877 663 965 fieri,
686 887 723 946 nt
738 876 932 946 Scholastici
968 878 1168 967 loquuntur,

233 970 294 1039 sita
315 984 366 1040 est
384 973 419 1045 in
439 971 509 1062 ipso
532 982 719 1054 contractu,
750 993 810 1040 seu
836 991 996 1040 consensu
1019 985 1164 1056 mutuo,

235 1085 301 1154 quo
318 1065 367 1133 vir
387 1076 421 1135 et
440 1067 561 1133 mutier
580 1065 622 1134 ad
641 1085 715 1133 eam
735 1064 820 1134 vitae
840 1064 1031 1134 societatem
1050 1086 1088 1135 se
1107 1066 1167 1135 ob·

234 1158 350 1246 ligant,
372 1159 503 1249 sibique
520 1158 572 1227 ius
593 1159 797 1227 transferunt
812 1160 852 1226 ad
882 1169 975 1227 actus
996 1159 1168 1228 matrimo-

236 1252 352 1337 niales,
376 1265 574 1322 nouantem
595 1250 629 1319 in
650 1273 712 1320 uso
733 1251 835 1340 ipsius
856 1251 950 1330 iuris,
964 1273 1022 1321 seu
1041 1254 1075 1325 in
1097 1274 1169 1321 oar-

234 1345 303 1414 nali
324 1345 569 1427 coniunctione3
590 1366 656 1433 qun
674 1346 714 1414 de
739 1366 776 1414 re
805 1345 952 1414 lulianus
970 1345 1171 1434 Petagianus

237 1438 379 1528 turpiter
393 1439 527 1522 erravit,
550 1460 569 1508 a
583 1436 618 1507 S.
637 1438 821 1528 Augustino
842 1451 1013 1528 correptus
1028 1440 1080 1509 his
1094 1462 1169 1508 ver·

236 1530 300 1601 his:
319 1530 436 1601 ‹Nihit
454 1532 544 1602 alind
566 1552 638 1602 esse
656 1533 738 1613 dicis
757 1534 908 1623 nuptias,
931 1554 1030 1622 quarn
1052 1555 1170 1623 corpo·

236 1645 312 1692 rum
335 1626 616 1695 commixtionem.
637 1648 651 1691 r
673 1627 755 1695 Nam
774 1627 1050 1710 matrimonium,
1070 1640 1107 1695 ut
1124 1627 1172 1697 ait

239 1716 273 1785 S.
291 1718 545 1810 Chrysostornus
563 1718 663 1788 Hom.
693 1718 738 1788 32
766 1721 800 1788 in
831 1720 958 1804 Matrix,
993 1742 1060 1790 non
1093 1721 1175 1790 iacit

238 1812 357 1896 coitus,
377 1815 433 1882 sed
455 1815 616 1882 voluntas:
643 1837 658 1878 i
692 1825 725 1882 et
753 1813 788 1882 S.
810 1814 1015 1898 Ambrosius,
1038 1815 1096 1882 lib.
1131 1815 1176 1882 de

240 1905 347 1976 lnstit.
371 1906 537 1994 virginum
569 1927 640 1995 cap.
665 1905 697 1989 6,
721 1907 877 1977 reialtens
892 1908 1083 1997 opinionem
1115 1926 1174 1977 55-

241 2020 331 2079 rum,
352 2001 409 2090 qui
430 2001 517 2071 inter
536 2000 573 2069 B.
594 2000 763 2087 Virginem
780 2012 814 2070 at
833 2001 866 2069 S.
889 2002 1065 2092 losephum
1097 2001 1176 2070 ideo

240 2106 359 2184 potant
384 2115 496 2165 verum
519 2095 770 2164 matrimonium
789 2116 856 2164 non
877 2097 1064 2180 exstitisse,
1083 2098 1172 2185 quoti

238 2208 410 2297 nunqnam
425 2189 596 2271 coiverint,
613 2187 660 2257 sio
672 2189 816 2277 graviter
829 2191 1034 2297 pronuntiet:
1054 2214 1069 2257 i
1086 2190 1172 2259 Cum

240 2282 393 2352 initiatur
427 2282 646 2371 coniugium,
674 2295 753 2352 tunc
782 2283 927 2388 coniugii
961 2304 1082 2352 nomen
1115 2283 1173 2352 ad·

240 2376 404 2457 sciscitur;
436 2396 503 2444 non
539 2374 628 2443 enim
661 2375 833 2445 defloratio
865 2375 1063 2466 virginitatis
1096 2376 1177 2445 facit

242 2469 449 2557 coniugium,
483 2468 540 2536 sad
569 2461 678 2557 pactio
713 2470 908 2559 coniugalis.
935 2495 949 2536 i
979 2470 1063 2538 Hinc
1085 2483 1177 2539 ntro·

243 2582 308 2651 que
335 2562 409 2629 inre
442 2572 574 2651 recepta
610 2573 660 2630 est
688 2564 823 2651 regula:
844 2566 979 2654 nuptias
1009 2586 1075 2633 uon
1100 2585 1177 2632 oon·

241 2655 382 2746 cubitos,
402 2654 645 2723 eedeooseoeoe
662 2658 756 2745 facit,
783 2657 817 2724 L.
838 2654 883 2726 30
919 2658 953 2725 n
985 2659 1026 2726 de
1057 2658 1095 2725 R.
1130 2656 1174 2740 1,

244 2768 317 2816 can
341 2745 385 2832 5,
395 2768 485 2817 cans
508 2746 551 2815 at
556 2771 616 2838 ,.q
637 2748 672 2817 L.
694 2754 736 2820 At
759 2769 838 2820 vero
867 2752 1018 2820 internus
1038 2771 1176 2819 consen-

242 2861 299 2910 sus
319 2851 354 2909 at
368 2841 474 2931 pactio
492 2854 638 2927 externa,
663 2844 784 2932 quibus
805 2844 1053 2913 matrimonium
1073 2843 1177 2913 effici-

243 2946 310 3015 tur,
329 2946 407 3004 sunt
426 2946 517 3004 actus
539 2947 748 3006 transeuntes
768 2949 801 3006 et
821 2938 1063 3007 momentanei:
1087 2938 1176 3027 ipso·

242 3048 318 3096 rum
343 3040 454 3098 tamen
472 3030 619 3114 effectus,
641 3052 702 3100 seu
722 3031 890 3099 vinculum
926 3033 1015 3121 quod
1037 3052 1076 3101 ao
1097 3052 1178 3100 con·

243 3133 352 3192 tractu
369 3122 557 3205 inducitur,
579 3136 741 3213 perpetuo
770 3136 906 3209 manet,
929 3127 1034 3194 donec
1061 3124 1177 3193 coniu-

128 3286 133 3297 ,
243 3236 323 3303 gum
347 3227 489 3307 uterque
507 3216 608 3285 vitam
629 3216 758 3288 vixerit.
790 3218 900 3298 Quare
931 3232 1050 3288 natura
1077 3230 1111 3286 et
1130 3239 1188 3287 es«

242 3310 350 3377 sentia
372 3309 576 3379 matrimonii
607 3311 785 3399 posteriori
805 3312 903 3381 modo
922 3324 1090 3401 spectat-a,
1109 3310 1178 3381 sive

243 3401 278 3469 in
297 3402 387 3489 [octo
403 3424 480 3489 osee,
504 3416 541 3474 ot
558 3403 675 3500 aiunt,
699 3405 732 3472 in
754 3405 869 3474 eodem
889 3406 1036 3487 vincalo,
1053 3404 1179 3511 pbliga

244 3493 345 3579 tione,
367 3517 425 3566 sen
446 3517 543 3581 nexu,
563 3493 631 3588 quo
649 3510 766 3569 mutuo
786 3499 945 3589 coniuges
963 3498 1181 3587 obstringun

244 3599 308 3671 tur,
332 3589 520 3659 collocanda
542 3603 656 3670 est..
