<?xml version="1.0" encoding="UTF-8"?>
<!DOCTYPE html PUBLIC "-//W3C//DTD XHTML 1.0 Transitional//EN"
    "http://www.w3.org/TR/xhtml1/DTD/xhtml1-transitional.dtd">
<html xmlns="http://www.w3.org/1999/xhtml" xml:lang="en" lang="en">
 <head>
  <title>
</title>
<meta http-equiv="Content-Type" content="text/html;charset=utf-8" />
  <meta name='ocr-system' content='tesseract 3.04.00' />
  <meta name='ocr-capabilities' content='ocr_page ocr_carea ocr_par ocr_line ocrx_word'/>
</head>
<body>
  <div class='ocr_page' id='page_1' title='image "./septimiimariaev00veccgoog_0105.png"; bbox 0 0 2642 4175; ppageno 0'>
   <div class='ocr_carea' id='block_1_1' title="bbox 157 296 1098 522">
    <p class='ocr_par' dir='ltr' id='par_1_1' title="bbox 157 296 1098 522">
     <span class='ocr_line' id='line_1_1' title="bbox 428 296 1048 388; baseline 0.002 -5"><span class='ocrx_word' id='word_1_1' title='bbox 428 296 472 384; x_wconf 78' lang='lat' dir='ltr'><strong>aa</strong></span> <span class='ocrx_word' id='word_1_2' title='bbox 491 340 621 385; x_wconf 78' lang='lat' dir='ltr'><strong>narona</strong></span> <span class='ocrx_word' id='word_1_3' title='bbox 638 341 838 387; x_wconf 80' lang='lat' dir='ltr'><strong>uararuontr</strong></span> <span class='ocrx_word' id='word_1_4' title='bbox 1007 329 1048 388; x_wconf 84' lang='grc'><strong>97</strong></span> 
     </span>
     <span class='ocr_line' id='line_1_2' title="bbox 157 437 1098 522; baseline 0.001 -16"><span class='ocrx_word' id='word_1_5' title='bbox 157 457 288 506; x_wconf 90' lang='lat' dir='ltr'><strong>summa</strong></span> <span class='ocrx_word' id='word_1_6' title='bbox 312 448 363 506; x_wconf 90' lang='lat' dir='ltr'><strong>est</strong></span> <span class='ocrx_word' id='word_1_7' title='bbox 382 449 459 506; x_wconf 89' lang='lat' dir='ltr'><strong>nota</strong></span> <span class='ocrx_word' id='word_1_8' title='bbox 480 437 638 507; x_wconf 86' lang='lat' dir='ltr'><strong>veritatis.</strong></span> <span class='ocrx_word' id='word_1_9' title='bbox 662 437 703 506; x_wconf 95' lang='lat' dir='ltr'><strong>ll.</strong></span> <span class='ocrx_word' id='word_1_10' title='bbox 721 440 869 508; x_wconf 90' lang='lat' dir='ltr'><strong>eamdem</strong></span> <span class='ocrx_word' id='word_1_11' title='bbox 889 439 1098 522; x_wconf 88' lang='lat' dir='ltr'><strong>sententiam,</strong></span> 
     </span>
    </p>
   </div>
   <div class='ocr_carea' id='block_1_2' title="bbox 157 530 1203 622">
    <p class='ocr_par' dir='ltr' id='par_1_2' title="bbox 157 530 1203 622">
     <span class='ocr_line' id='line_1_3' title="bbox 157 530 1203 622; baseline 0.003 -23"><span class='ocrx_word' id='word_1_12' title='bbox 157 543 339 621; x_wconf 79' lang='lat' dir='ltr'>postquam</span> <span class='ocrx_word' id='word_1_13' title='bbox 362 530 462 600; x_wconf 89' lang='lat' dir='ltr'><strong>etiam</strong></span> <span class='ocrx_word' id='word_1_14' title='bbox 482 551 564 599; x_wconf 85' lang='lat' dir='ltr'><strong>nova</strong></span> <span class='ocrx_word' id='word_1_15' title='bbox 582 531 695 619; x_wconf 90' lang='lat' dir='ltr'><strong>opinio</strong></span> <span class='ocrx_word' id='word_1_16' title='bbox 716 533 858 621; x_wconf 91' lang='lat' dir='ltr'><strong>primum</strong></span> <span class='ocrx_word' id='word_1_17' title='bbox 883 553 944 622; x_wconf 86' lang='lat' dir='ltr'><strong>per</strong></span> <span class='ocrx_word' id='word_1_18' title='bbox 960 533 1097 615; x_wconf 81' lang='lat' dir='ltr'><strong>Canum,</strong></span> <span class='ocrx_word' id='word_1_19' title='bbox 1200 544 1203 549; x_wconf 84' lang='lat'>&#39;</span> 
     </span>
    </p>
   </div>
   <div class='ocr_carea' id='block_1_3' title="bbox 82 623 1137 3318">
    <p class='ocr_par' dir='ltr' id='par_1_3' title="bbox 82 623 1137 3318">
     <span class='ocr_line' id='line_1_4' title="bbox 157 623 1096 716; baseline 0.001 -24"><span class='ocrx_word' id='word_1_20' title='bbox 157 637 197 693; x_wconf 91' lang='lat' dir='ltr'><strong>ut</strong></span> <span class='ocrx_word' id='word_1_21' title='bbox 216 623 373 714; x_wconf 92' lang='lat' dir='ltr'><strong>pluribus</strong></span> <span class='ocrx_word' id='word_1_22' title='bbox 393 624 512 713; x_wconf 89' lang='lat' dir='ltr'><strong>probat</strong></span> <span class='ocrx_word' id='word_1_23' title='bbox 528 624 578 693; x_wconf 83' lang='lat' dir='ltr'><strong>ct.</strong></span> <span class='ocrx_word' id='word_1_24' title='bbox 593 624 740 695; x_wconf 89' lang='lat' dir='ltr'><strong>Perrone</strong></span> <span class='ocrx_word' id='word_1_25' title='bbox 759 649 813 716; x_wconf 89' lang='lat' dir='ltr'><strong>op.</strong></span> <span class='ocrx_word' id='word_1_26' title='bbox 830 647 858 694; x_wconf 91' lang='lat' dir='ltr'><strong>c.</strong></span> <span class='ocrx_word' id='word_1_27' title='bbox 876 628 900 695; x_wconf 87' lang='lat' dir='ltr'><strong>l.</strong></span> <span class='ocrx_word' id='word_1_28' title='bbox 914 625 948 710; x_wconf 82' lang='grc'><strong>3,</strong></span> <span class='ocrx_word' id='word_1_29' title='bbox 966 639 1047 696; x_wconf 89' lang='lat' dir='ltr'><strong>sect.</strong></span> <span class='ocrx_word' id='word_1_30' title='bbox 1062 626 1096 710; x_wconf 91' lang='lat' dir='ltr'><strong>l,</strong></span> 
     </span>
     <span class='ocr_line' id='line_1_5' title="bbox 157 716 1098 809; baseline 0.003 -23"><span class='ocrx_word' id='word_1_31' title='bbox 157 740 188 786; x_wconf 87' lang='lat' dir='ltr'><strong>c.</strong></span> <span class='ocrx_word' id='word_1_32' title='bbox 214 717 248 800; x_wconf 78' lang='lat' dir='ltr'><strong>E,</strong></span> <span class='ocrx_word' id='word_1_33' title='bbox 272 738 306 785; x_wconf 90' lang='lat' dir='ltr'><strong>a.</strong></span> <span class='ocrx_word' id='word_1_34' title='bbox 327 716 361 800; x_wconf 81' lang='lat' dir='ltr'><strong>E,</strong></span> <span class='ocrx_word' id='word_1_35' title='bbox 385 718 418 785; x_wconf 91' lang='lat' dir='ltr'><strong>in</strong></span> <span class='ocrx_word' id='word_1_36' title='bbox 442 717 588 786; x_wconf 92' lang='lat' dir='ltr'><strong>medium</strong></span> <span class='ocrx_word' id='word_1_37' title='bbox 619 717 852 807; x_wconf 72' lang='lat' dir='ltr'><strong>prolata&#39;ioit‚</strong></span> <span class='ocrx_word' id='word_1_38' title='bbox 876 721 1098 809; x_wconf 79' lang='lat' dir='ltr'><strong>permansisse</strong></span> 
     </span>
     <span class='ocr_line' id='line_1_6' title="bbox 157 810 1100 892; baseline 0.001 -12"><span class='ocrx_word' id='word_1_39' title='bbox 157 812 269 880; x_wconf 91' lang='lat' dir='ltr'><strong>adbuc</strong></span> <span class='ocrx_word' id='word_1_40' title='bbox 284 812 319 879; x_wconf 94' lang='lat' dir='ltr'><strong>in</strong></span> <span class='ocrx_word' id='word_1_41' title='bbox 334 810 462 879; x_wconf 89' lang='lat' dir='ltr'><strong>Scholis</strong></span> <span class='ocrx_word' id='word_1_42' title='bbox 477 812 985 892; x_wconf 72' lang='lat' dir='ltr'><strong>communioremltuamobram</strong></span> <span class='ocrx_word' id='word_1_43' title='bbox 998 815 1100 883; x_wconf 82' lang='lat' dir='ltr'><strong>Tour-</strong></span> 
     </span>
     <span class='ocr_line' id='line_1_7' title="bbox 82 904 1100 996; baseline 0.004 -24"><span class='ocrx_word' id='word_1_44' title='bbox 82 942 86 949; x_wconf 79' lang='lat'><em>,</em></span> <span class='ocrx_word' id='word_1_45' title='bbox 157 907 248 996; x_wconf 74' lang='lat' dir='ltr'><strong>nely,</strong></span> <span class='ocrx_word' id='word_1_46' title='bbox 271 925 477 994; x_wconf 90' lang='lat' dir='ltr'><strong>quamquam</strong></span> <span class='ocrx_word' id='word_1_47' title='bbox 498 904 669 973; x_wconf 86' lang='lat' dir='ltr'><strong>llelcbiori</strong></span> <span class='ocrx_word' id='word_1_48' title='bbox 690 905 778 974; x_wconf 84' lang='lat' dir='ltr'><strong>Cano</strong></span> <span class='ocrx_word' id='word_1_49' title='bbox 796 906 986 990; x_wconf 85' lang='lat' dir='ltr'><strong>adhaereat,</strong></span> <span class='ocrx_word' id='word_1_50' title='bbox 1006 907 1100 995; x_wconf 89' lang='lat' dir='ltr'><strong>inge·</strong></span> 
     </span>
     <span class='ocr_line' id='line_1_8' title="bbox 156 998 1098 1069; baseline -0.001 -4"><span class='ocrx_word' id='word_1_51' title='bbox 156 1018 226 1066; x_wconf 89' lang='lat' dir='ltr'><strong>uae</strong></span> <span class='ocrx_word' id='word_1_52' title='bbox 245 1010 360 1067; x_wconf 89' lang='lat' dir='ltr'><strong>tamen</strong></span> <span class='ocrx_word' id='word_1_53' title='bbox 380 1000 485 1067; x_wconf 87' lang='lat' dir='ltr'><strong>lassus</strong></span> <span class='ocrx_word' id='word_1_54' title='bbox 506 998 608 1067; x_wconf 89' lang='lat' dir='ltr'><strong>estin</strong></span> <span class='ocrx_word' id='word_1_55' title='bbox 630 999 785 1068; x_wconf 78' lang='lat' dir='ltr'><strong>l&#39;ractatu</strong></span> <span class='ocrx_word' id='word_1_56' title='bbox 806 1001 847 1068; x_wconf 92' lang='lat' dir='ltr'><strong>de</strong></span> <span class='ocrx_word' id='word_1_57' title='bbox 869 1000 1098 1069; x_wconf 85' lang='lat' dir='ltr'><strong>Matrimonia:</strong></span> 
     </span>
     <span class='ocr_line' id='line_1_9' title="bbox 160 1089 1101 1180; baseline 0.002 -23"><span class='ocrx_word' id='word_1_58' title='bbox 160 1115 176 1157; x_wconf 84' lang='lat' dir='ltr'><strong>r</strong></span> <span class='ocrx_word' id='word_1_59' title='bbox 195 1089 229 1159; x_wconf 90' lang='lat' dir='ltr'><strong>Si</strong></span> <span class='ocrx_word' id='word_1_60' title='bbox 247 1110 287 1160; x_wconf 82' lang='lat' dir='ltr'><strong>ex</strong></span> <span class='ocrx_word' id='word_1_61' title='bbox 307 1093 504 1161; x_wconf 89' lang='lat' dir='ltr'><strong>auctoritate</strong></span> <span class='ocrx_word' id='word_1_62' title='bbox 524 1103 557 1159; x_wconf 88' lang='lat' dir='ltr'><strong>et</strong></span> <span class='ocrx_word' id='word_1_63' title='bbox 577 1112 718 1160; x_wconf 89' lang='lat' dir='ltr'><strong>numero</strong></span> <span class='ocrx_word' id='word_1_64' title='bbox 740 1091 1020 1161; x_wconf 88' lang='lat' dir='ltr'><strong>Scholasticorum</strong></span> <span class='ocrx_word' id='word_1_65' title='bbox 1040 1114 1101 1180; x_wconf 93' lang='lat' dir='ltr'><strong>pu-</strong></span> 
     </span>
     <span class='ocr_line' id='line_1_10' title="bbox 157 1184 1099 1274; baseline 0 -22"><span class='ocrx_word' id='word_1_66' title='bbox 157 1185 328 1271; x_wconf 86' lang='lat' dir='ltr'><strong>gnandum</strong></span> <span class='ocrx_word' id='word_1_67' title='bbox 351 1185 405 1253; x_wconf 89' lang='lat' dir='ltr'><strong>hic</strong></span> <span class='ocrx_word' id='word_1_68' title='bbox 423 1187 520 1266; x_wconf 85' lang='lat' dir='ltr'><strong>foret,</strong></span> <span class='ocrx_word' id='word_1_69' title='bbox 541 1184 685 1254; x_wconf 86' lang='lat' dir='ltr'><strong>vinceret</strong></span> <span class='ocrx_word' id='word_1_70' title='bbox 714 1186 802 1254; x_wconf 90' lang='lat' dir='ltr'><strong>baud</strong></span> <span class='ocrx_word' id='word_1_71' title='bbox 829 1186 929 1254; x_wconf 92' lang='lat' dir='ltr'><strong>dubie</strong></span> <span class='ocrx_word' id='word_1_72' title='bbox 949 1185 1099 1274; x_wconf 89' lang='lat' dir='ltr'><strong>opposita</strong></span> 
     </span>
     <span class='ocr_line' id='line_1_11' title="bbox 156 1278 1102 1367; baseline 0 -21"><span class='ocrx_word' id='word_1_73' title='bbox 156 1278 338 1347; x_wconf 85' lang='lat' dir='ltr'><strong>sententia.</strong></span> <span class='ocrx_word' id='word_1_74' title='bbox 361 1301 376 1343; x_wconf 79' lang='lat' dir='ltr'><strong>a</strong></span> <span class='ocrx_word' id='word_1_75' title='bbox 400 1278 485 1347; x_wconf 88' lang='lat' dir='ltr'>Huic</span> <span class='ocrx_word' id='word_1_76' title='bbox 516 1278 699 1367; x_wconf 75' lang='lat' dir='ltr'><strong>antiquiori</strong></span> <span class='ocrx_word' id='word_1_77' title='bbox 719 1292 751 1348; x_wconf 94' lang='lat' dir='ltr'><strong>et</strong></span> <span class='ocrx_word' id='word_1_78' title='bbox 771 1280 994 1348; x_wconf 88' lang='lat' dir='ltr'><strong>communiori</strong></span> <span class='ocrx_word' id='word_1_79' title='bbox 1026 1298 1102 1347; x_wconf 91' lang='lat' dir='ltr'><strong>sen·</strong></span> 
     </span>
     <span class='ocr_line' id='line_1_12' title="bbox 159 1371 1095 1460; baseline 0.003 -22"><span class='ocrx_word' id='word_1_80' title='bbox 159 1372 284 1440; x_wconf 75' lang='lat' dir='ltr'><strong>tentiae</strong></span> <span class='ocrx_word' id='word_1_81' title='bbox 317 1371 398 1440; x_wconf 92' lang='lat' dir='ltr'><strong>illud</strong></span> <span class='ocrx_word' id='word_1_82' title='bbox 431 1371 660 1460; x_wconf 86' lang='lat' dir='ltr'><strong>gravissimum</strong></span> <span class='ocrx_word' id='word_1_83' title='bbox 692 1385 925 1460; x_wconf 81' lang='lat' dir='ltr'><strong>argumentum</strong></span> <span class='ocrx_word' id='word_1_84' title='bbox 959 1372 1095 1455; x_wconf 88' lang='lat' dir='ltr'><strong>accedit,</strong></span> 
     </span>
     <span class='ocr_line' id='line_1_13' title="bbox 159 1465 1101 1554; baseline 0 -22"><span class='ocrx_word' id='word_1_85' title='bbox 159 1466 251 1553; x_wconf 90' lang='lat' dir='ltr'><strong>quod</strong></span> <span class='ocrx_word' id='word_1_86' title='bbox 272 1465 443 1534; x_wconf 91' lang='lat' dir='ltr'><strong>doctrinae</strong></span> <span class='ocrx_word' id='word_1_87' title='bbox 460 1479 492 1534; x_wconf 92' lang='lat' dir='ltr'><strong>et</strong></span> <span class='ocrx_word' id='word_1_88' title='bbox 508 1466 598 1553; x_wconf 87' lang='lat' dir='ltr'><strong>praxi</strong></span> <span class='ocrx_word' id='word_1_89' title='bbox 613 1466 780 1534; x_wconf 76' lang='lat' dir='ltr'><strong>Ecclesiae</strong></span> <span class='ocrx_word' id='word_1_90' title='bbox 795 1467 878 1535; x_wconf 93' lang='lat' dir='ltr'><strong>mire</strong></span> <span class='ocrx_word' id='word_1_91' title='bbox 893 1477 1055 1554; x_wconf 78' lang='lat' dir='ltr'><strong>congruat</strong></span> <span class='ocrx_word' id='word_1_92' title='bbox 1068 1477 1101 1534; x_wconf 91' lang='lat' dir='ltr'><strong>et</strong></span> 
     </span>
     <span class='ocr_line' id='line_1_14' title="bbox 159 1556 1101 1650; baseline -0.001 -24"><span class='ocrx_word' id='word_1_93' title='bbox 159 1557 218 1626; x_wconf 86' lang='lat' dir='ltr'><strong>SS.</strong></span> <span class='ocrx_word' id='word_1_94' title='bbox 235 1556 434 1627; x_wconf 81' lang='lat' dir='ltr'><strong>Pontificum</strong></span> <span class='ocrx_word' id='word_1_95' title='bbox 450 1558 673 1628; x_wconf 85' lang='lat' dir='ltr'><strong>decisionibus</strong></span> <span class='ocrx_word' id='word_1_96' title='bbox 688 1560 882 1648; x_wconf 90' lang='lat' dir='ltr'><strong>praesertim</strong></span> <span class='ocrx_word' id='word_1_97' title='bbox 898 1558 1101 1650; x_wconf 83' lang='lat' dir='ltr'><strong>nuperrimis</strong></span> 
     </span>
     <span class='ocr_line' id='line_1_15' title="bbox 160 1652 1099 1742; baseline 0 -22"><span class='ocrx_word' id='word_1_98' title='bbox 160 1652 316 1741; x_wconf 92' lang='lat' dir='ltr'><strong>apprime</strong></span> <span class='ocrx_word' id='word_1_99' title='bbox 335 1653 535 1740; x_wconf 86' lang='lat' dir='ltr'><strong>respondeat</strong></span> <span class='ocrx_word' id='word_1_100' title='bbox 549 1653 663 1739; x_wconf 81' lang='lat' dir='ltr'><strong>‚adeo</strong></span> <span class='ocrx_word' id='word_1_101' title='bbox 691 1666 728 1721; x_wconf 91' lang='lat' dir='ltr'><strong>ut</strong></span> <span class='ocrx_word' id='word_1_102' title='bbox 747 1654 933 1723; x_wconf 89' lang='lat' dir='ltr'><strong>contrariae</strong></span> <span class='ocrx_word' id='word_1_103' title='bbox 952 1652 1099 1742; x_wconf 90' lang='lat' dir='ltr'><strong>opinioni</strong></span> 
     </span>
     <span class='ocr_line' id='line_1_16' title="bbox 160 1744 1102 1835; baseline 0 -22"><span class='ocrx_word' id='word_1_104' title='bbox 160 1747 202 1819; x_wconf 89' lang='lat' dir='ltr'><strong>de</strong></span> <span class='ocrx_word' id='word_1_105' title='bbox 218 1744 398 1814; x_wconf 83' lang='lat' dir='ltr'><strong>Sacerdote</strong></span> <span class='ocrx_word' id='word_1_106' title='bbox 412 1746 564 1814; x_wconf 90' lang='lat' dir='ltr'><strong>ministro</strong></span> <span class='ocrx_word' id='word_1_107' title='bbox 580 1745 784 1823; x_wconf 85' lang='lat' dir='ltr'><strong>Sacramenti</strong></span> <span class='ocrx_word' id='word_1_108' title='bbox 799 1746 996 1815; x_wconf 84' lang='lat' dir='ltr'><strong>Matrimonii</strong></span> <span class='ocrx_word' id='word_1_109' title='bbox 1011 1765 1102 1835; x_wconf 89' lang='lat' dir='ltr'><strong>prae-</strong></span> 
     </span>
     <span class='ocr_line' id='line_1_17' title="bbox 161 1838 1101 1929; baseline -0.001 -22"><span class='ocrx_word' id='word_1_110' title='bbox 161 1838 340 1907; x_wconf 87' lang='lat' dir='ltr'><strong>clarissimi</strong></span> <span class='ocrx_word' id='word_1_111' title='bbox 362 1850 514 1908; x_wconf 90' lang='lat' dir='ltr'><strong>auctores</strong></span> <span class='ocrx_word' id='word_1_112' title='bbox 531 1840 685 1908; x_wconf 91' lang='lat' dir='ltr'><strong>nuntium</strong></span> <span class='ocrx_word' id='word_1_113' title='bbox 704 1841 802 1908; x_wconf 90' lang='lat' dir='ltr'><strong>modo</strong></span> <span class='ocrx_word' id='word_1_114' title='bbox 817 1841 967 1929; x_wconf 84' lang='lat' dir='ltr'><strong>plerique</strong></span> <span class='ocrx_word' id='word_1_115' title='bbox 987 1859 1101 1907; x_wconf 91' lang='lat' dir='ltr'><strong>omnes</strong></span> 
     </span>
     <span class='ocr_line' id='line_1_18' title="bbox 161 1932 1098 2022; baseline -0.001 -23"><span class='ocrx_word' id='word_1_116' title='bbox 161 1933 329 2001; x_wconf 87' lang='lat' dir='ltr'><strong>miserint.</strong></span> <span class='ocrx_word' id='word_1_117' title='bbox 352 1932 512 2018; x_wconf 81' lang='lat' dir='ltr'><strong>Congruit</strong></span> <span class='ocrx_word' id='word_1_118' title='bbox 537 1933 707 2002; x_wconf 89' lang='lat' dir='ltr'><strong>doctrinae</strong></span> <span class='ocrx_word' id='word_1_119' title='bbox 732 1933 898 2001; x_wconf 84' lang='lat' dir='ltr'><strong>Ecclesiae</strong></span> <span class='ocrx_word' id='word_1_120' title='bbox 929 1932 1005 2022; x_wconf 91' lang='lat' dir='ltr'><strong>quia</strong></span> <span class='ocrx_word' id='word_1_121' title='bbox 1033 1933 1098 1999; x_wconf 82' lang='grc' dir='ltr'><strong>ΤΤ.</strong></span> 
     </span>
     <span class='ocr_line' id='line_1_19' title="bbox 161 2025 1098 2110; baseline -0.002 -17"><span class='ocrx_word' id='word_1_122' title='bbox 161 2025 223 2094; x_wconf 86' lang='grc' dir='ltr'><strong>ΡΡ.</strong></span> <span class='ocrx_word' id='word_1_123' title='bbox 247 2046 332 2095; x_wconf 91' lang='lat' dir='ltr'><strong>sess.</strong></span> <span class='ocrx_word' id='word_1_124' title='bbox 351 2025 456 2110; x_wconf 73' lang='lat' dir='ltr'><strong>xxti,</strong></span> <span class='ocrx_word' id='word_1_125' title='bbox 480 2047 508 2095; x_wconf 93' lang='lat' dir='ltr'><strong>c.</strong></span> <span class='ocrx_word' id='word_1_126' title='bbox 529 2025 543 2093; x_wconf 91' lang='lat' dir='ltr'><strong>l</strong></span> <span class='ocrx_word' id='word_1_127' title='bbox 566 2028 607 2097; x_wconf 91' lang='lat' dir='ltr'><strong>de</strong></span> <span class='ocrx_word' id='word_1_128' title='bbox 621 2027 695 2095; x_wconf 81' lang='lat' dir='ltr'><strong>act.</strong></span> <span class='ocrx_word' id='word_1_129' title='bbox 711 2026 852 2094; x_wconf 87' lang='lat' dir='ltr'><strong>Matrim.</strong></span> <span class='ocrx_word' id='word_1_130' title='bbox 876 2027 1098 2094; x_wconf 88' lang='lat' dir='ltr'><strong>declararunt:</strong></span> 
     </span>
     <span class='ocr_line' id='line_1_20' title="bbox 161 2118 1104 2203; baseline -0.004 -14"><span class='ocrx_word' id='word_1_131' title='bbox 161 2118 375 2189; x_wconf 85' lang='lat' dir='ltr'><strong>Clandestina</strong></span> <span class='ocrx_word' id='word_1_132' title='bbox 390 2120 614 2203; x_wconf 84' lang='lat' dir='ltr'><strong>matrimonia,</strong></span> <span class='ocrx_word' id='word_1_133' title='bbox 626 2120 732 2188; x_wconf 89' lang='lat' dir='ltr'><strong>libero</strong></span> <span class='ocrx_word' id='word_1_134' title='bbox 747 2119 1013 2187; x_wconf 87' lang='lat' dir='ltr'><strong>contrahentium</strong></span> <span class='ocrx_word' id='word_1_135' title='bbox 1029 2139 1104 2185; x_wconf 90' lang='lat' dir='ltr'><strong>con·</strong></span> 
     </span>
     <span class='ocr_line' id='line_1_21' title="bbox 161 2211 1102 2301; baseline -0.003 -20"><span class='ocrx_word' id='word_1_136' title='bbox 161 2234 262 2282; x_wconf 88' lang='lat' dir='ltr'><strong>seusu</strong></span> <span class='ocrx_word' id='word_1_137' title='bbox 285 2213 371 2281; x_wconf 87' lang='lat' dir='ltr'><strong>lacta</strong></span> <span class='ocrx_word' id='word_1_138' title='bbox 390 2226 459 2281; x_wconf 90' lang='lat' dir='ltr'><strong>rata</strong></span> <span class='ocrx_word' id='word_1_139' title='bbox 478 2224 511 2283; x_wconf 89' lang='lat' dir='ltr'><strong>et</strong></span> <span class='ocrx_word' id='word_1_140' title='bbox 525 2233 600 2282; x_wconf 89' lang='lat' dir='ltr'><strong>vera</strong></span> <span class='ocrx_word' id='word_1_141' title='bbox 616 2234 687 2282; x_wconf 91' lang='lat' dir='ltr'><strong>esse</strong></span> <span class='ocrx_word' id='word_1_142' title='bbox 703 2212 925 2295; x_wconf 90' lang='lat' dir='ltr'><strong>matrimonia,</strong></span> <span class='ocrx_word' id='word_1_143' title='bbox 942 2211 1102 2301; x_wconf 86' lang='lat' dir='ltr'><strong>quamdiu</strong></span> 
     </span>
     <span class='ocr_line' id='line_1_22' title="bbox 160 2303 1102 2392; baseline 0 -20"><span class='ocrx_word' id='word_1_144' title='bbox 160 2307 309 2375; x_wconf 86' lang='lat' dir='ltr'><strong>Ecclesia</strong></span> <span class='ocrx_word' id='word_1_145' title='bbox 332 2328 370 2375; x_wconf 90' lang='lat' dir='ltr'><strong>ea</strong></span> <span class='ocrx_word' id='word_1_146' title='bbox 394 2307 488 2376; x_wconf 88' lang='lat' dir='ltr'><strong>irrita</strong></span> <span class='ocrx_word' id='word_1_147' title='bbox 517 2328 583 2375; x_wconf 90' lang='lat' dir='ltr'><strong>non</strong></span> <span class='ocrx_word' id='word_1_148' title='bbox 603 2307 693 2375; x_wconf 86' lang='lat' dir='ltr'><strong>iacit.</strong></span> <span class='ocrx_word' id='word_1_149' title='bbox 719 2331 733 2373; x_wconf 81' lang='lat' dir='ltr'><strong>a</strong></span> <span class='ocrx_word' id='word_1_150' title='bbox 759 2304 792 2372; x_wconf 92' lang='lat' dir='ltr'><strong>Si</strong></span> <span class='ocrx_word' id='word_1_151' title='bbox 813 2306 934 2374; x_wconf 87' lang='lat' dir='ltr'><strong>etenim</strong></span> <span class='ocrx_word' id='word_1_152' title='bbox 966 2303 1102 2392; x_wconf 90' lang='lat' dir='ltr'><strong>nuptiae</strong></span> 
     </span>
     <span class='ocr_line' id='line_1_23' title="bbox 161 2399 1099 2489; baseline -0.001 -22"><span class='ocrx_word' id='word_1_153' title='bbox 161 2400 233 2476; x_wconf 82' lang='lat' dir='ltr'><strong>sine</strong></span> <span class='ocrx_word' id='word_1_154' title='bbox 255 2399 444 2468; x_wconf 87' lang='lat' dir='ltr'><strong>Sacerdotis</strong></span> <span class='ocrx_word' id='word_1_155' title='bbox 465 2402 651 2489; x_wconf 90' lang='lat' dir='ltr'><strong>praesentia</strong></span> <span class='ocrx_word' id='word_1_156' title='bbox 676 2399 862 2468; x_wconf 87' lang='lat' dir='ltr'><strong>celebratae</strong></span> <span class='ocrx_word' id='word_1_157' title='bbox 883 2420 956 2467; x_wconf 89' lang='lat' dir='ltr'><strong>vera</strong></span> <span class='ocrx_word' id='word_1_158' title='bbox 979 2410 1099 2467; x_wconf 85' lang='lat' dir='ltr'><strong>atrata</strong></span> 
     </span>
     <span class='ocr_line' id='line_1_24' title="bbox 162 2491 1101 2581; baseline 0 -22"><span class='ocrx_word' id='word_1_159' title='bbox 162 2494 378 2562; x_wconf 90' lang='lat' dir='ltr'><strong>matrimonia</strong></span> <span class='ocrx_word' id='word_1_160' title='bbox 398 2494 617 2576; x_wconf 89' lang='lat' dir='ltr'><strong>exstiterunt,</strong></span> <span class='ocrx_word' id='word_1_161' title='bbox 641 2515 717 2561; x_wconf 89' lang='lat' dir='ltr'><strong>cum</strong></span> <span class='ocrx_word' id='word_1_162' title='bbox 739 2515 776 2562; x_wconf 82' lang='lat' dir='ltr'><strong>ex</strong></span> <span class='ocrx_word' id='word_1_163' title='bbox 802 2504 933 2581; x_wconf 86' lang='lat' dir='ltr'><strong>receptu</strong></span> <span class='ocrx_word' id='word_1_164' title='bbox 954 2515 971 2560; x_wconf 89' lang='lat' dir='ltr'><strong>a</strong></span> <span class='ocrx_word' id='word_1_165' title='bbox 994 2491 1101 2560; x_wconf 91' lang='lat' dir='ltr'><strong>Sacris</strong></span> 
     </span>
     <span class='ocr_line' id='line_1_25' title="bbox 161 2585 1101 2675; baseline -0.002 -20"><span class='ocrx_word' id='word_1_166' title='bbox 161 2587 355 2655; x_wconf 81' lang='lat' dir='ltr'><strong>Canonibus</strong></span> <span class='ocrx_word' id='word_1_167' title='bbox 375 2588 533 2675; x_wconf 88' lang='lat' dir='ltr'><strong>loquendi</strong></span> <span class='ocrx_word' id='word_1_168' title='bbox 554 2588 651 2655; x_wconf 90' lang='lat' dir='ltr'><strong>modo</strong></span> <span class='ocrx_word' id='word_1_169' title='bbox 674 2608 710 2655; x_wconf 92' lang='lat' dir='ltr'><strong>ea</strong></span> <span class='ocrx_word' id='word_1_170' title='bbox 734 2599 859 2655; x_wconf 90' lang='lat' dir='ltr'><strong>tantum</strong></span> <span class='ocrx_word' id='word_1_171' title='bbox 890 2585 1101 2654; x_wconf 88' lang='lat' dir='ltr'><strong>matrimonia</strong></span> 
     </span>
     <span class='ocr_line' id='line_1_26' title="bbox 162 2681 1100 2768; baseline 0 -21"><span class='ocrx_word' id='word_1_172' title='bbox 162 2681 320 2748; x_wconf 89' lang='lat' dir='ltr'><strong>dicantur</strong></span> <span class='ocrx_word' id='word_1_173' title='bbox 340 2701 414 2748; x_wconf 87' lang='lat' dir='ltr'><strong>vera</strong></span> <span class='ocrx_word' id='word_1_174' title='bbox 435 2692 468 2748; x_wconf 90' lang='lat' dir='ltr'><strong>et</strong></span> <span class='ocrx_word' id='word_1_175' title='bbox 486 2692 569 2762; x_wconf 88' lang='lat' dir='ltr'><strong>rata,</strong></span> <span class='ocrx_word' id='word_1_176' title='bbox 593 2701 679 2768; x_wconf 90' lang='lat' dir='ltr'><strong>quae</strong></span> <span class='ocrx_word' id='word_1_177' title='bbox 698 2701 764 2747; x_wconf 88' lang='lat' dir='ltr'><strong>non</strong></span> <span class='ocrx_word' id='word_1_178' title='bbox 785 2682 891 2748; x_wconf 89' lang='lat' dir='ltr'><strong>solum</strong></span> <span class='ocrx_word' id='word_1_179' title='bbox 914 2689 1100 2748; x_wconf 91' lang='lat' dir='ltr'><strong>contractus</strong></span> 
     </span>
     <span class='ocr_line' id='line_1_27' title="bbox 162 2772 1101 2861; baseline -0.003 -19"><span class='ocrx_word' id='word_1_180' title='bbox 162 2785 254 2855; x_wconf 89' lang='lat' dir='ltr'><strong>sunt,</strong></span> <span class='ocrx_word' id='word_1_181' title='bbox 271 2774 329 2842; x_wconf 88' lang='lat' dir='ltr'><strong>sed</strong></span> <span class='ocrx_word' id='word_1_182' title='bbox 347 2794 422 2841; x_wconf 87' lang='lat' dir='ltr'><strong>vera</strong></span> <span class='ocrx_word' id='word_1_183' title='bbox 440 2786 472 2841; x_wconf 93' lang='lat' dir='ltr'><strong>et</strong></span> <span class='ocrx_word' id='word_1_184' title='bbox 484 2773 618 2861; x_wconf 88' lang='lat' dir='ltr'><strong>proprie</strong></span> <span class='ocrx_word' id='word_1_185' title='bbox 632 2773 718 2840; x_wconf 88' lang='lat' dir='ltr'><strong>dicta</strong></span> <span class='ocrx_word' id='word_1_186' title='bbox 735 2772 958 2856; x_wconf 87' lang='lat' dir='ltr'><strong>Sacramenta,</strong></span> <span class='ocrx_word' id='word_1_187' title='bbox 975 2773 1011 2840; x_wconf 86' lang='lat' dir='ltr'><strong>fit</strong></span> <span class='ocrx_word' id='word_1_188' title='bbox 1025 2772 1101 2839; x_wconf 89' lang='lat' dir='ltr'><strong>inda</strong></span> 
     </span>
     <span class='ocr_line' id='line_1_28' title="bbox 164 2864 1137 2936; baseline -0.002 -3"><span class='ocrx_word' id='word_1_189' title='bbox 164 2878 201 2934; x_wconf 91' lang='lat' dir='ltr'><strong>ut</strong></span> <span class='ocrx_word' id='word_1_190' title='bbox 219 2865 312 2935; x_wconf 90' lang='lat' dir='ltr'><strong>illius</strong></span> <span class='ocrx_word' id='word_1_191' title='bbox 333 2864 536 2935; x_wconf 88' lang='lat' dir='ltr'><strong>Sacramenti</strong></span> <span class='ocrx_word' id='word_1_192' title='bbox 559 2866 702 2936; x_wconf 88' lang='lat' dir='ltr'><strong>ministri</strong></span> <span class='ocrx_word' id='word_1_193' title='bbox 731 2867 798 2935; x_wconf 93' lang='lat' dir='ltr'><strong>sint</strong></span> <span class='ocrx_word' id='word_1_194' title='bbox 816 2867 1049 2934; x_wconf 87' lang='lat' dir='ltr'><strong>contrahentes</strong></span> <span class='ocrx_word' id='word_1_195' title='bbox 1064 2875 1102 2931; x_wconf 91' lang='lat' dir='ltr'><strong>ct</strong></span> <span class='ocrx_word' id='word_1_196' title='bbox 1135 2891 1137 2894; x_wconf 89' lang='lat'>·</span> 
     </span>
     <span class='ocr_line' id='line_1_29' title="bbox 163 2956 1097 3048; baseline -0.004 -21"><span class='ocrx_word' id='word_1_197' title='bbox 163 2980 231 3028; x_wconf 91' lang='lat' dir='ltr'><strong>non</strong></span> <span class='ocrx_word' id='word_1_198' title='bbox 247 2959 421 3043; x_wconf 78' lang='lat' dir='ltr'><strong>Sacerdos3</strong></span> <span class='ocrx_word' id='word_1_199' title='bbox 444 2960 714 3048; x_wconf 89' lang='lat' dir='ltr'><strong>quandoquidem</strong></span> <span class='ocrx_word' id='word_1_200' title='bbox 730 2960 802 3028; x_wconf 89' lang='lat' dir='ltr'><strong>sine</strong></span> <span class='ocrx_word' id='word_1_201' title='bbox 822 2959 892 3027; x_wconf 92' lang='lat' dir='ltr'><strong>eius</strong></span> <span class='ocrx_word' id='word_1_202' title='bbox 912 2956 1097 3047; x_wconf 89' lang='lat' dir='ltr'><strong>praeseutia</strong></span> 
     </span>
     <span class='ocr_line' id='line_1_30' title="bbox 164 3050 1096 3139; baseline -0.006 -18"><span class='ocrx_word' id='word_1_203' title='bbox 164 3063 198 3121; x_wconf 88' lang='lat' dir='ltr'><strong>et</strong></span> <span class='ocrx_word' id='word_1_204' title='bbox 217 3053 405 3122; x_wconf 88' lang='lat' dir='ltr'><strong>ministerio</strong></span> <span class='ocrx_word' id='word_1_205' title='bbox 426 3052 675 3121; x_wconf 85' lang='lat' dir='ltr'><strong>Sacramentum</strong></span> <span class='ocrx_word' id='word_1_206' title='bbox 698 3052 814 3120; x_wconf 85' lang='lat' dir='ltr'><strong>confici</strong></span> <span class='ocrx_word' id='word_1_207' title='bbox 837 3072 901 3119; x_wconf 90' lang='lat' dir='ltr'><strong>non</strong></span> <span class='ocrx_word' id='word_1_208' title='bbox 925 3050 1096 3139; x_wconf 88' lang='lat' dir='ltr'><strong>potuisset.</strong></span> 
     </span>
     <span class='ocr_line' id='line_1_31' title="bbox 164 3145 1097 3234; baseline -0.011 -19"><span class='ocrx_word' id='word_1_209' title='bbox 164 3145 330 3234; x_wconf 86' lang='lat' dir='ltr'><strong>Congruit</strong></span> <span class='ocrx_word' id='word_1_210' title='bbox 360 3147 458 3214; x_wconf 88' lang='lat' dir='ltr'><strong>etiam</strong></span> <span class='ocrx_word' id='word_1_211' title='bbox 488 3145 600 3234; x_wconf 79' lang='lat' dir='ltr'><strong>praxi,</strong></span> <span class='ocrx_word' id='word_1_212' title='bbox 633 3147 711 3234; x_wconf 89' lang='lat' dir='ltr'><strong>quia</strong></span> <span class='ocrx_word' id='word_1_213' title='bbox 745 3145 954 3212; x_wconf 89' lang='lat' dir='ltr'><strong>matrimonia</strong></span> <span class='ocrx_word' id='word_1_214' title='bbox 988 3161 1097 3208; x_wconf 88' lang='lat' dir='ltr'><strong>coram</strong></span> 
     </span>
     <span class='ocr_line' id='line_1_32' title="bbox 165 3233 1101 3318; baseline -0.007 -12"><span class='ocrx_word' id='word_1_215' title='bbox 165 3239 297 3308; x_wconf 87' lang='lat' dir='ltr'><strong>duobus</strong></span> <span class='ocrx_word' id='word_1_216' title='bbox 320 3239 458 3308; x_wconf 90' lang='lat' dir='ltr'><strong>testibus</strong></span> <span class='ocrx_word' id='word_1_217' title='bbox 476 3239 685 3318; x_wconf 78' lang='lat' dir='ltr'><strong>et&#39;Parocho,</strong></span> <span class='ocrx_word' id='word_1_218' title='bbox 704 3240 758 3306; x_wconf 88' lang='lat' dir='ltr'><strong>sed</strong></span> <span class='ocrx_word' id='word_1_219' title='bbox 781 3258 819 3303; x_wconf 94' lang='lat' dir='ltr'><strong>eo</strong></span> <span class='ocrx_word' id='word_1_220' title='bbox 841 3235 940 3302; x_wconf 92' lang='lat' dir='ltr'><strong>invito</strong></span> <span class='ocrx_word' id='word_1_221' title='bbox 960 3246 992 3302; x_wconf 89' lang='lat' dir='ltr'><strong>et</strong></span> <span class='ocrx_word' id='word_1_222' title='bbox 1011 3233 1101 3313; x_wconf 89' lang='lat' dir='ltr'><strong>relu-</strong></span> 
     </span>
    </p>
   </div>
   <div class='ocr_carea' id='block_1_4' title="bbox 164 3327 1204 3415">
    <p class='ocr_par' dir='ltr' id='par_1_4' title="bbox 164 3327 1204 3415">
     <span class='ocr_line' id='line_1_33' title="bbox 164 3327 1204 3415; baseline -0.006 -16"><span class='ocrx_word' id='word_1_223' title='bbox 164 3344 299 3415; x_wconf 87' lang='lat' dir='ltr'><strong>ctante,</strong></span> <span class='ocrx_word' id='word_1_224' title='bbox 323 3333 417 3412; x_wconf 88' lang='lat' dir='ltr'><strong>inita,</strong></span> <span class='ocrx_word' id='word_1_225' title='bbox 435 3333 521 3402; x_wconf 85' lang='lat' dir='ltr'><strong>iuxta</strong></span> <span class='ocrx_word' id='word_1_226' title='bbox 535 3332 735 3399; x_wconf 91' lang='lat' dir='ltr'><strong>contrariam</strong></span> <span class='ocrx_word' id='word_1_227' title='bbox 765 3327 961 3396; x_wconf 89' lang='lat' dir='ltr'><strong>senteutiam</strong></span> <span class='ocrx_word' id='word_1_228' title='bbox 992 3340 1101 3394; x_wconf 91' lang='lat' dir='ltr'><strong>essent</strong></span> <span class='ocrx_word' id='word_1_229' title='bbox 1202 3403 1204 3409; x_wconf 20' lang='lat' dir='ltr'><strong><em>s</em></strong></span> 
     </span>
    </p>
   </div>
   <div class='ocr_carea' id='block_1_5' title="bbox 163 3419 1101 3590">
    <p class='ocr_par' dir='ltr' id='par_1_5' title="bbox 163 3419 1101 3590">
     <span class='ocr_line' id='line_1_34' title="bbox 164 3419 1100 3516; baseline -0.004 -27"><span class='ocrx_word' id='word_1_230' title='bbox 164 3427 270 3496; x_wconf 87' lang='lat' dir='ltr'><strong>valida</strong></span> <span class='ocrx_word' id='word_1_231' title='bbox 291 3426 428 3516; x_wconf 90' lang='lat' dir='ltr'><strong>quidem</strong></span> <span class='ocrx_word' id='word_1_232' title='bbox 450 3427 483 3493; x_wconf 90' lang='lat' dir='ltr'><strong>iu</strong></span> <span class='ocrx_word' id='word_1_233' title='bbox 505 3425 633 3493; x_wconf 91' lang='lat' dir='ltr'><strong>ratione</strong></span> <span class='ocrx_word' id='word_1_234' title='bbox 654 3421 926 3501; x_wconf 88' lang='lat' dir='ltr'><strong>contractus‚·sed</strong></span> <span class='ocrx_word' id='word_1_235' title='bbox 948 3421 989 3488; x_wconf 92' lang='lat' dir='ltr'><strong>ob</strong></span> <span class='ocrx_word' id='word_1_236' title='bbox 1011 3419 1100 3485; x_wconf 87' lang='lat' dir='ltr'><strong>dele·</strong></span> 
     </span>
     <span class='ocr_line' id='line_1_35' title="bbox 163 3512 1101 3590; baseline -0.013 -5"><span class='ocrx_word' id='word_1_237' title='bbox 163 3531 254 3588; x_wconf 91' lang='lat' dir='ltr'><strong>ctum</strong></span> <span class='ocrx_word' id='word_1_238' title='bbox 277 3517 495 3590; x_wconf 81' lang='lat' dir='ltr'><strong>sacerdotalis</strong></span> <span class='ocrx_word' id='word_1_239' title='bbox 515 3516 754 3587; x_wconf 82' lang='lat' dir='ltr'><strong>benedictionis</strong></span> <span class='ocrx_word' id='word_1_240' title='bbox 775 3535 840 3583; x_wconf 90' lang='lat' dir='ltr'><strong>non</strong></span> <span class='ocrx_word' id='word_1_241' title='bbox 858 3525 966 3583; x_wconf 88' lang='lat' dir='ltr'><strong>essent</strong></span> <span class='ocrx_word' id='word_1_242' title='bbox 986 3512 1101 3580; x_wconf 90' lang='lat' dir='ltr'><strong>Sacra·</strong></span> 
     </span>
    </p>
   </div>
   <div class='ocr_carea' id='block_1_6' title="bbox 265 3644 1030 3706">
    <p class='ocr_par' dir='ltr' id='par_1_6' title="bbox 265 3644 1030 3706">
     <span class='ocr_line' id='line_1_36' title="bbox 265 3644 1030 3706; baseline -0.005 -1"><span class='ocrx_word' id='word_1_243' title='bbox 265 3654 304 3705; x_wconf 85' lang='lat' dir='ltr'><strong>De</strong></span> <span class='ocrx_word' id='word_1_244' title='bbox 321 3650 483 3706; x_wconf 79' lang='lat' dir='ltr'><strong>Matrimonia</strong></span> <span class='ocrx_word' id='word_1_245' title='bbox 905 3647 912 3661; x_wconf 81' lang='grc'><strong>“</strong></span> <span class='ocrx_word' id='word_1_246' title='bbox 1018 3644 1030 3687; x_wconf 84' lang='lat'>⁷</span> 
     </span>
    </p>
   </div>
   <div class='ocr_carea' id='block_1_7' title="bbox 0 0 1336 4175">
    <p class='ocr_par' dir='ltr' id='par_1_7' title="bbox 0 0 1336 4175">
     <span class='ocr_line' id='line_1_37' title="bbox 0 0 1336 4175; baseline 0 0"><span class='ocrx_word' id='word_1_247' title='bbox 0 0 1336 4175; x_wconf 95' lang='lat' dir='ltr'><strong> </strong></span> 
     </span>
    </p>
   </div>
  </div>
 </body>
</html>
