2642 4175
360 324 404 368 on
422 321 657 367 menumcnrrs
676 322 874 368 uuramorn
973 311 1036 370 291

140 417 368 493 obstantibus.
379 443 392 486 ι
403 419 497 500 Quod
509 419 643 510 quidem
657 419 798 490 maxime
807 423 976 491 conforme
989 423 1091 512 spiri·

145 516 195 584 tui
216 514 376 596 lenitatis,
398 535 465 603 qua
484 533 616 603 semper
630 513 775 584 Ecclesia
789 514 950 584 catholica
964 536 1023 585 usa
1037 531 1088 587 est

148 620 181 678 et
195 607 290 677 valde
310 608 500 677 conducens
513 626 584 675 esse
598 607 639 675 ad
654 628 769 676 omnes
788 609 962 697 scrupulos
978 609 1087 678 elimi-

147 704 288 784 nendos,
312 713 346 771 et
364 702 403 770 ad
425 701 666 770 consulendum
687 702 774 770 bono
791 701 963 786 fidelium,
986 722 1085 773 nemo

148 794 278 884 estqui
309 793 515 873 nonvidcat,
542 814 580 861 ac
602 794 759 863 l.ateatur
778 794 861 875 Quid
882 816 1018 902 quaeso,
1041 798 1086 866 si-

147 888 286 976 gnificat
305 888 394 957 aliud
413 887 496 956 baec
519 886 639 993 duplex
659 888 778 975 agendi
796 888 893 969 ratio,
913 889 976 958 nisi
996 893 1084 980 quod

149 982 225 1050 Pius
239 981 306 1050 Vlll
325 981 450 1072 duplici
470 980 573 1063 casui,
601 992 753 1050 accurata
775 979 953 1064 decisione,
977 985 1086 1071 prori-

148 1077 225 1144 dere
243 1074 454 1156 volucrium
475 1094 618 1163 quorum
639 1075 744 1142 altero
765 1073 926 1180 agebatur
948 1076 989 1144 de
1006 1075 1085 1145 hae-

148 1167 258 1237 reticis
276 1168 390 1256 paucis
412 1168 588 1237 admodum
607 1187 761 1245 numero,
782 1188 837 1256 qur
831 1167 988 1235 nullum
1013 1189 1086 1239 eoe-

149 1272 215 1330 tum
240 1260 434 1351 proprium,
456 1259 519 1329 sub
542 1260 693 1350 principe
721 1259 907 1340 catholico,
930 1261 1084 1330 ellorma·

121 1385 124 1392 ·
149 1355 252 1439 bant,
273 1375 336 1424 nec
359 1366 480 1423 statum
504 1353 632 1422 civilem
658 1353 828 1442 publicum
847 1353 1025 1439 hebebant;
1053 1355 1086 1423 in

152 1448 256 1517 altero
272 1460 344 1516 erat
357 1447 507 1538 quaestio
523 1448 562 1515 de
577 1446 835 1535 protestantibus
853 1447 958 1515 auctis
973 1469 1088 1517 nume-

149 1561 197 1623 ru,
218 1541 280 1609 sub
303 1540 458 1629 Principe
477 1539 672 1624 acatholico,
695 1540 752 1629 qui
769 1562 855 1629 quae
874 1561 954 1610 suae
976 1555 1086 1611 esseut

150 1645 255 1704 sectae
287 1634 393 1703 libere
414 1644 617 1716 exercerent,
635 1645 668 1703 et
687 1633 721 1701 in
740 1634 931 1704 societatem
951 1655 1086 1722 separa·

149 1739 211 1797 tam
233 1727 475 1796 coalescerent?
490 1726 579 1795 Haec
598 1747 674 1794 vero
693 1728 791 1816 paulo
809 1727 916 1796 fusius
935 1727 1087 1798 uberius·

151 1841 214 1909 que
234 1832 391 1911 prosecat
394 1820 401 1887 i
423 1840 551 1902 sumus,
573 1819 771 1908 utquisque
792 1820 1004 1909 intelligeret,
1019 1844 1085 1912 qua

150 1913 290 1996 ratione,
312 1934 447 2003 quoque
467 1913 534 1981 fine
547 1912 587 1981 de
601 1911 796 2000 gravissimo
812 1911 875 1980 boc
888 1928 1085 2001 argumento

152 2005 182 2075 S.
204 2006 355 2077 Pontifex
374 2005 585 2075 statuendum
606 2005 812 2073 iudicaverit

197 2100 370 2182 Quibus
344 2122 392 2169 are
410 2098 589 2190 expositis,
613 2120 651 2167 ac
672 2098 874 2180 enucleatis,
896 2098 961 2166 iam
982 2099 1087 2187 pluri·

150 2192 209 2262 bus
241 2215 326 2283 opus
359 2215 425 2263 nou
458 2204 525 2267 est
555 2203 593 2259 ut
617 2190 842 2297 intelligatur,
875 2190 1087 2261 affirmativae

151 2288 335 2357 sententiae
351 2286 475 2356 fnaud
467 2298 510 2354 rte
530 2284 728 2373 generatim,
751 2304 790 2351 ac
818 2282 1015 2372 simpliciter
1034 2305 1088 2353 ao·

150 2380 387 2468 quiescendum
407 2400 442 2448 es
444 2399 491 2462 se,
499 2390 537 2448 ut
556 2399 593 2447 ea
609 2378 641 2446 in
657 2376 762 2468 praxi,
772 2377 1061 2468 quibuscumque
1053 2401 1110 2457 m,
1171 2394 1178 2407 ·

152 2473 280 2542 casibus
301 2470 590 2542 indiscriminatim
611 2472 779 2561 sequenda
794 2471 847 2554 sit,
867 2471 960 2539 nullo
975 2471 1087 2541 babitu
1123 2493 1126 2498 ·

153 2579 305 2655 respectu
325 2565 393 2636 sive
420 2564 783 2649 circumstiantierum‚
817 2585 903 2655 quae
932 2567 1029 2634 modo
1051 2565 1086 2633 in

152 2680 212 2728 une
233 2660 312 2729 lacti
329 2658 439 2749 specie
455 2658 585 2740 adsunt,
607 2660 705 2727 modo
725 2658 758 2727 in
779 2659 881 2728 altera
899 2658 1089 2728 desideren-

151 2763 216 2835 tur,
236 2753 431 2823 sirenarum
450 2773 488 2821 ec
501 2752 649 2820 locorum
668 2751 912 2833 adiuncturum,
922 2773 1008 2841 quae
1022 2772 1089 2821 ma·

150 2845 226 2915 rimi
247 2846 405 2936 ponderis
425 2864 498 2914 esse
521 2845 640 2913 solent.
668 2844 876 2933 Quapropter
901 2845 1088 2913 consultum

152 2960 251 3028 quam
272 2939 413 3008 maxime
434 2938 515 3019 erit,
535 2937 569 3005 in
587 2936 717 3005 casibus
734 2936 975 3024 peculiaribus,
996 2950 1089 3006 aute·

153 3053 254 3122 quam
277 3031 434 3101 transitus
453 3031 494 3099 ad
523 3030 605 3099 alias
624 3028 774 3118 nuptias,
795 3040 854 3097 aut
884 3029 1087 3116 denegetur,

154 3137 210 3193 aut
230 3124 457 3213 permittetur,
473 3124 511 3192 ad
534 3122 567 3190 S.
589 3122 706 3192 Sedem
729 3141 917 3196 recurrere,
936 3122 1091 3209 expositis

151 3217 308 3286 omnibus
340 3215 622 3298 circumstantiis,
644 3227 681 3283 ut
701 3235 738 3284 ea
760 3214 809 3283 vel
830 3214 870 3281 de
889 3213 1000 3280 valore
1024 3234 1092 3280 mn·

154 3309 302 3380 trimonii
327 3311 508 3391 decernat,
531 3309 582 3377 rel
613 3319 737 3378 statuet
760 3306 839 3396 quid
864 3304 970 3394 magis
995 3325 1104 3394 erpa,

152 3403 247 3473 diens
266 3404 332 3484 sit,
358 3415 392 3472 et
421 3402 548 3472 interea
582 3401 778 3491 temporisa
811 3399 934 3469 iudicio
956 3399 1092 3467 lerendo

144 3496 387 3566 abstinendum
402 3506 463 3579 est,
481 3515 521 3564 eo
541 3495 592 3563 rel
613 3494 718 3583 magis
738 3492 815 3584 quia
831 3513 869 3562 ex
886 3493 949 3563 hoc
968 3491 1096 3560 iudicio
