2642 4175
472 394 516 437 nu
537 379 751 440 secusncreus
989 383 1031 440 57

128 510 180 559 ·eo
199 488 327 560 remitti
345 503 378 560 et
402 490 602 574 condonari3
625 491 689 560 iuri
720 492 809 561 enim
841 514 902 563 suo
936 494 1080 584 quilibet

139 583 336 653 renuntiare
356 594 479 673 potest,
514 595 547 652 et
578 584 728 675 quemvis
755 586 875 675 religio
904 586 937 655 in
973 588 1078 657 Deum

139 698 239 747 cause
259 677 370 758 luerit,
391 698 451 746 cor
470 678 647 767 promissio
666 678 748 770 lacta
773 680 827 762 sit,
851 701 904 751 res
923 700 992 749 non
1010 681 1077 752 lico

138 782 265 854 tamen,
281 772 339 840 sed
361 770 487 840 homiui
504 771 668 861 promisso
688 783 751 843 est.
777 772 866 843 llaec
894 784 1005 844 tamen
1025 796 1080 844 ac·
1105 789 1109 793 ’

99 952 105 956 g
137 864 243 954 cipias
261 865 304 934 de
323 865 532 954 sponsalibus
553 866 732 955 puberum,
754 886 830 935 uam
848 869 937 957 quod
956 869 997 937 nd
1017 868 1080 938 irn-

139 959 306 1048 puberum
326 959 491 1048 sponsalia
511 970 648 1049 spectnt,
669 980 770 1049 supra
791 960 947 1031 diximus.

561 1181 577 1274 s
599 1179 658 1252 rr.

281 1339 326 1396 lle
349 1339 552 1397 dissolutione
572 1340 611 1398 ob
629 1339 751 1410 lepesin
779 1339 940 1410 temporis.

186 1515 337 1586 &cundo
352 1529 402 1586 est
419 1516 531 1607 lapsus
543 1518 703 1606 temporis
724 1517 764 1585 a'd
781 1516 961 1586 finiendam
975 1538 1076 1606 spon-

63 1653 66 1656 *
137 1610 259 1680 salium
277 1609 514 1699 obligationem
544 1633 561 1679 a
597 1610 870 1681 contrahentibus
893 1611 1077 1695 constituti,

136 1721 230 1785 nom,
250 1725 289 1772 er
303 1705 417 1792 regula
438 1705 526 1774 luris
540 1702 585 1773 85
603 1705 636 1773 in
657 1702 691 1785 6,
711 1703 931 1774 «Contractus
953 1726 992 1773 ex
1006 1725 1082 1774 con·

137 1797 298 1867 ventione
331 1798 439 1886 legem
471 1798 621 1888 accipere
653 1795 950 1886 dignoscuntur.'›
977 1797 1083 1886 lgitur

130 1890 308 1980 'sponsalia
332 1892 373 1959 ob
391 1892 616 1961 conditionem
654 1911 721 1961 uon
744 1890 912 1981 impletum
934 1891 1083 1979 obligare

140 1984 316 2054 desinunt:
339 1984 478 2054 interest
494 1997 606 2055 tamen
627 2005 748 2069 nosse,
772 1996 884 2053 utrum
906 1984 1080 2055 matrimo-

138 2078 234 2148 nium
264 2092 350 2148 stato
368 2091 520 2168 tempore
540 2079 744 2148 celebratum
773 2098 839 2146 non
860 2076 903 2146 sit
932 2078 1029 2166 culpa
1046 2100 1081 2147 o·

142 2172 310 2262 trinaque,
333 2193 373 2241 an
395 2172 603 2255 alterutrius,
627 2193 670 2240 an
690 2170 859 2240 neutrius.
878 2169 911 2237 Si
939 2182 1082 2258 uterque

144 2266 281 2356 nuptias
303 2266 390 2335 inire
408 2265 605 2354 neglexerit,
628 2264 787 2353 utrinque
804 2262 942 2331 solvitur
956 2262 1083 2351 obliga·

140 2360 202 2444 tio;
222 2373 341 2429 mutuo
355 2359 444 2428 enim
461 2379 625 2429 consensu
645 2358 770 2428 eisdem
786 2356 941 2426 uidentur
958 2375 1083 2426 renun-

141 2453 259 2525 tiasse.
279 2452 311 2523 si
331 2474 370 2523 ex
388 2464 481 2542 parte
501 2452 601 2522 unius
618 2464 749 2523 tentum
770 2452 865 2541 culpe
887 2449 1083 2532 intercessit,

141 2554 213 2616 tum
231 2548 260 2617 is
274 2568 291 2617 a
307 2546 511 2637 sponsalium
526 2546 731 2635 obligatione
744 2544 894 2627 solvitur,
909 2565 1081 2635 perquem

147 2665 163 2707 ‹
185 2661 256 2710 non
277 2640 392 2724 stetit,
414 2639 497 2730 quin
523 2640 564 2708 ad
585 2651 745 2710 statutum
767 2637 947 2708 terminum
968 2639 1083 2708 matri-

142 2734 296 2803 monium
319 2731 611 2817 consummaverit,
639 2757 654 2800 r
678 2733 711 2801 id
732 2744 783 2802 est
802 2731 1014 2814 contraxerit,
1035 2733 1081 2801 uti

141 2828 319 2917 perspicue
339 2827 480 2896 habetur
510 2827 544 2895 in
577 2848 651 2916 cap.
673 2826 771 2896 Sicun
792 2826 833 2895 de
866 2824 1017 2915 Sponsal.
1049 2839 1083 2894 et

143 2921 288 2991 idatrim.
321 2920 354 2990 Is
374 2930 485 2995 autem
504 2973 513 3003 ,
535 2920 593 3011 qui
619 2918 655 2989 in
688 2921 785 3009 culpa
805 2917 892 3002 luit,
913 2938 931 2986 o
951 2918 1081 2988 vinculo

145 3014 351 3104 sponsalium
371 3034 437 3083 non
458 3013 644 3098 liberatur3
667 3034 765 3082 nemo
786 3011 909 3102 quippe
926 3011 1026 3082 debet
1045 3032 1083 3081 ex

58 3178 61 3189 ,
145 3108 283 3198 propria
305 3107 483 3199 iniquitate
504 3109 715 3179 commodum
734 3118 921 3195 reportare.
941 3104 1033 3185 Quod
1054 3108 1081 3174 si

140 3222 204 3290 per
223 3211 383 3273 nortuum
404 3200 507 3285 stetit,
523 3201 705 3292 quominus
719 3198 856 3288 nuptiae
873 3197 1082 3267 celebraren-

141 3306 209 3379 tur,
230 3297 290 3366 scd
311 3306 453 3386 uterque
473 3295 624 3384 legitimo
643 3293 960 3383 impedimentorum
974 3293 1082 3380 potuit

131 3389 457 3475 praestruendam,
481 3387 628 3461 Seneben
647 3386 708 3456 lib.
729 3385 747 3453 l
770 3385 817 3453 de
829 3381 973 3455 llntrirn.
992 3384 1079 3477 disp.

143 3478 215 3566 53,
238 3503 275 3552 n.
300 3480 334 3565 8,
357 3481 481 3572 aliique
501 3482 657 3552 Doctores
680 3478 844 3570 sponsalia
862 3477 994 3548 dissolri
1022 3481 1081 3549 do-

146 3587 246 3662 cent,
267 3588 446 3668 propterea
465 3577 567 3666 quod,
590 3574 719 3665 expleto
738 3584 900 3662 tempore,
923 3572 977 3640 cui
996 3572 1082 3670 obli·
