2642 4175
290 303 355 361 148
487 282 492 293 ’
624 313 789 359 warni.

239 416 293 496 lis,
314 433 402 504 quae
421 412 545 501 peioris
567 411 767 482 conditionis
790 411 930 482 efficitur
949 432 987 482 ex
1015 412 1176 482 conditio-

241 528 283 578 ne
311 506 482 596 parentis,
510 529 524 571 s
553 527 651 576 naum
678 517 788 576 tamea
814 518 848 575 et
875 505 1121 596 perceptionem
1141 529 1176 576 o

241 601 369 670 maiam
399 601 565 670 bonorum
596 599 801 670 matrimonii
821 620 887 669 aon
904 599 991 670 toilit
1016 600 1173 683 omnino,

241 695 344 783 prolis
375 693 465 763 enim
486 693 627 783 eiusque
647 694 853 764 educationis
872 714 890 762 a
910 693 1050 782 coniuge
1069 694 1175 763 libero

241 809 320 858 cura
349 787 495 877 gerenda
532 790 610 858 erit.
642 788 860 858 illudentem
886 787 1101 877 praecipuum
1124 808 1175 856 ac-

240 882 343 966 cedit,
368 881 503 971 quodsi
522 882 675 965 servitus,
705 883 783 951 dum
804 881 951 970 ingenuo
966 881 1173 950 contrahenti

241 987 410 1065 comperta
430 986 498 1062 est,
520 976 664 1045 naturali
686 976 760 1045 iure
791 995 858 1044 non
878 973 1005 1043 dirimit
1022 974 1171 1063 nuptias,

241 1069 289 1138 uti
309 1068 459 1139 omnium
483 1069 645 1140 sententia
676 1082 742 1153 est,
764 1087 874 1159 neque
890 1068 1021 1137 easdem
1041 1068 1174 1158 nuptias

176 1179 183 1192 ·
238 1162 393 1248 dirimet,
416 1164 495 1233 dum
524 1162 675 1251 ignorata
704 1173 772 1233 est:
800 1162 940 1232 servitus
964 1161 1088 1251 quippe
1108 1162 1178 1231 sire·

239 1258 421 1346 ignorata,
452 1258 521 1326 sive
546 1257 678 1346 cognita
705 1256 801 1327 bonis
836 1269 869 1327 et
899 1269 1038 1325 naturae
1059 1255 1174 1325 matri-

240 1351 343 1420 monii
365 1370 473 1439 aequo
500 1349 574 1419 iure
598 1371 665 1420 non
684 1363 861 1440 repugnat.
887 1350 932 1418 Ex
957 1370 1021 1440 qua
1042 1361 1174 1418 senten·

238 1444 284 1512 tia
308 1443 371 1512 tria
393 1463 498 1532 prono
522 1444 616 1514 alveo
643 1455 849 1534 sequuntur:
872 1442 916 1534 tf
939 1456 989 1514 est
1012 1445 1102 1532 quod
1121 1465 1174 1512 ra·

237 1538 304 1606 ient
324 1534 575 1606 matrimonium
595 1549 803 1607 contractum
825 1539 912 1608 inter
929 1537 1079 1607 infideles
1097 1558 1178 1606 cum·

238 1650 354 1699 errore
379 1630 578 1700 conditionis
605 1632 757 1715 servilis,
779 1630 843 1701 nisi
863 1631 948 1710 forte
968 1631 1077 1720 aliqua
1098 1652 1172 1721 spe·

238 1723 313 1793 ciali
333 1724 408 1813 lege
425 1722 601 1808 irritetur,
629 1726 708 1814 quia
735 1725 886 1798 infideles
905 1725 1071 1795 Ecclesiae
1092 1725 1172 1813 legi·

238 1817 300 1886 bus
337 1816 534 1908 neutiquam
558 1819 824 1908 obstringuntur.
854 1817 895 1886 ἓ·
914 1831 982 1902 est,
1003 1819 1092 1910 quod
1111 1819 1173 1887 boc

239 1911 517 2000 impedimentum
538 1912 579 1981 ab
600 1913 745 1982 Ecclesia
773 1913 938 1988 relaxari,
961 1934 1021 1982 seu
1040 1913 1172 2002 dispen-

237 2005 304 2075 sari
325 2005 442 2096 possit.
468 2004 510 2074 3·
532 2017 604 2090 est,
624 2006 652 2083 si
691 2007 823 2096 cognito
850 2027 988 2090 errore,
1014 2008 1170 2096 deceptus
1298 2064 1299 2073 ,

237 2101 361 2170 iterum
383 2122 581 2171 consensum
603 2115 768 2191 praestet,
791 2101 1060 2185 matrimonium,
1082 2102 1171 2190 quod

237 2206 332 2265 antea
354 2196 485 2265 nullum
506 2208 589 2278 erat,
613 2197 849 2285 subsequente,
872 2216 1035 2265 consensu
1055 2215 1170 2264 conva-

237 2289 355 2370 lescit,
379 2290 505 2378 absque
530 2290 598 2358 ulla
627 2288 886 2379 dispensatione.
908 2291 956 2357 An
978 2302 1011 2358 et
1040 2288 1168 2378 quando

235 2401 417 2450 consensus
437 2382 598 2469 praestari
616 2383 735 2452 debeat
749 2383 783 2450 iu
801 2384 905 2452 forma
927 2382 1106 2452 tridentina
1125 2382 1170 2449 in·

234 2474 338 2542 serius
358 2474 497 2560 patebit.

282 2567 415 2648 Verum,
437 2566 529 2635 bisce
549 2568 722 2636 doctorum
741 2568 915 2638 sententiis
936 2568 970 2636 in
989 2568 1099 2638 medio
1118 2588 1169 2636 re·

235 2657 333 2742 iistis,
357 2657 398 2726 de
414 2659 635 2729 matrimoniis
655 2659 742 2729 inter
772 2682 903 2730 servum
932 2672 966 2732 et
996 2662 1161 2744 liberam,

235 2764 293 2913 Ξιη
321 2751 463 2913 vicitssim
484 2751 576 2822 initis
606 2755 789 2828 secundum
810 2755 960 2825 Canones
991 2756 1169 2825 diiudican-

259 2865 315 2913 um
336 2864 397 2914 es.

660 2990 748 3082 sss.

601 3146 655 3203 Da
694 3147 809 3203 Veto.

278 3308 462 3378 alexander
476 3307 521 3376 tlt
534 3328 607 3399 cap.
629 3308 820 3380 Maurnrrms
833 3309 895 3391 Oui
913 3310 1000 3381 Cier.
1017 3313 1067 3382 rel
1083 3334 1164 3396 ror,

233 3409 267 3468 et
285 3398 474 3470 Bociiacius
494 3401 563 3469 Vttl
579 3423 652 3491 cap.
672 3402 772 3471 unico
794 3404 835 3472 de
853 3415 941 3485 roto,
961 3417 995 3474 et
1013 3418 1080 3474 vot.
1114 3427 1166 3475 ra·
1220 3439 1229 3443 ·

232 3492 359 3583 dempt.
381 3494 415 3562 in
437 3492 470 3578 6,
483 3514 551 3564 nos
570 3496 730 3581 edocent,
751 3497 932 3569 discrimen
952 3520 1025 3570 esse
1045 3500 1167 3570 iacien-
