2642 4175
269 370 335 427 till
580 383 743 429 nemun
757 382 792 427 11.
815 446 819 457 ἴ

222 572 231 586 .
266 479 380 642 Clausa¹
392 491 467 549 est:
492 480 662 551 laudatus
682 481 806 566 timor,
833 502 876 551 ne
896 483 1020 552 lormas
1039 483 1157 555 uiriles

220 594 290 664 imp
304 593 365 643 ean
384 625 392 640 .

501 694 555 764 die
650 695 775 764 mensis
982 698 1062 766 euni

595 838 665 909 llll.
684 840 802 910 Pastor
819 841 996 929 parochiae

253 1053 364 1106 Litterae
374 1052 568 1116 declaratoriae,
586 1070 632 1107 reu
651 1057 751 1118 perinde
770 1057 853 1105 eutero
873 1055 1046 1123 requiruntur
1063 1055 1156 1118 etiam,

219 1129 326 1200 qnando
338 1131 510 1200 propinquior
521 1129 617 1199 gradus
629 1131 747 1183 reticitua
760 1140 805 1183 est
817 1129 915 1183 Verum
925 1132 946 1182 si
959 1129 1056 1199 gradus
1066 1132 1157 1184 ratici-

219 1216 264 1260 tuu
280 1224 332 1260 non
349 1218 388 1260 rit
404 1209 512 1277 primur,
532 1208 726 1259 matrimonium
744 1208 877 1270 illicitum,
889 1207 934 1259 aed
947 1226 998 1260 nun
1012 1207 1157 1261 invalidum

219 1286 279 1350 erit,
298 1293 326 1337 et
341 1283 423 1337 donee
445 1284 504 1336 illae
523 1283 622 1336 luerint
644 1284 774 1347 obtentae,
793 1286 928 1353 coniuges,
946 1285 968 1336 si
987 1284 1045 1336 fiori
1065 1294 1155 1353 potest,

218 1361 354 1431 reparandi
366 1371 437 1414 auut.

516 1514 869 1523 ————-———

219 1678 285 1746 XX.
305 1677 465 1746 Formalu
487 1679 620 1768 petendi
637 1679 675 1747 in
700 1680 815 1748 ordine
838 1681 883 1748 ud
908 1680 1157 1748 matrimonium

267 1772 543 1861 dispensationem
558 1794 657 1861 saper
672 1781 745 1841 voto
756 1774 901 1863 simplici
915 1781 1093 1862 perpetuae
1104 1795 1158 1842 oa·

266 1866 401 1949 stitutis,
419 1865 470 1934 oet
484 1888 580 1956 snper
595 1874 668 1934 uoto
686 1867 893 1961 irrprediendr'
911 1869 948 1934 in
966 1868 1155 1956 redipionem

268 1961 495 2050 approbatam.

303 2167 529 2238 lllustrissime
548 2189 586 2238 ao
611 2167 895 2237 Reverendissime
912 2167 1075 2252 Domine,

267 2340 351 2410 Titia
372 2338 537 2409 Dioeresis
550 2350 684 2409 nostrae
703 2339 848 2423 subdita,
862 2340 940 2409 olim
959 2353 1071 2409 votum
1086 2362 1159 2430 per·

220 2448 340 2525 petuae
360 2432 542 2518 eastitatis,
567 2434 642 2516 rel,
665 2433 873 2520 ingrediendi
906 2433 939 2502 in
959 2434 1155 2523 religionem

221 2527 460 2617 approbatam,
483 2526 606 2595 emisit.
629 2525 697 2595 lam
714 2547 792 2595 reru
819 2527 1001 2616 prudenter
1028 2528 1155 2596 iudiea-

220 2632 275 2689 tur
294 2672 303 2704 ,
325 2630 446 2689 statum
467 2619 676 2708 coniugalem
698 2619 792 2689 euius
820 2633 1005 2709 opportuna
1026 2621 1157 2691 occasio

220 2733 292 2784 sere
310 2712 418 2796 ollert,
443 2711 505 2802 ipsi
524 2713 674 2782 sutorum
698 2733 769 2782 esse
788 2714 894 2802 magis
912 2714 1106 2784 salutarem.

266 2806 374 2889 Quare
391 2804 579 2876 humillime
595 2807 759 2896 supplicat
779 2807 1024 2878 lllustrissiruae
1044 2808 1160 2877 Domi·

220 2900 346 2973 nationi
372 2898 506 2970 Vestrae
536 2912 573 2969 ut
592 2899 871 2989 dispensationem
905 2899 1043 2972 Sanctae
1064 2900 1157 2971 Sedis

220 3016 321 3087 super
341 2994 488 3085 praelato
519 3004 593 3062 voto
621 3014 801 3083 procurare
834 2994 896 3084 ipsi
917 2996 1098 3083 dignetur,
1121 3005 1158 3064 ut

221 3087 472 3161 matrimonium
494 3086 580 3157 inire
595 3099 629 3156 et
642 3087 788 3156 debiturn
806 3089 980 3177 coniugale
1000 3088 1090 3159 licite
1104 3108 1159 3177 pe·

220 3194 291 3254 tere
310 3202 349 3252 uo
367 3181 507 3251 reddere
525 3180 642 3250 valeat.

267 3276 371 3347 Causa
393 3285 444 3344 est
460 3273 495 3340 1ο
521 3272 609 3364 quod
630 3273 826 3357 nisiinter,
849 3275 882 3343 in
899 3287 989 3346 certo
1005 3274 1157 3364 periculo

220 3368 336 3440 salutis
355 3378 517 3452 versatum
538 3366 575 3434 2⁰
592 3368 680 3457 quod
701 3368 740 3436 ad
763 3368 894 3456 negotia
913 3370 1071 3456 gerenda,
1089 3368 1155 3436 iam

220 3461 290 3531 viru
311 3482 426 3532 curere
446 3481 512 3531 uun
534 3473 665 3552 putest;
689 3458 725 3528 30
748 3463 861 3551 quod,
882 3483 986 3551 quum
1012 3462 1055 3531 sit
1079 3482 1159 3552 pau·

220 3553 391 3644 porrina,
414 3554 477 3625 hoc
497 3554 709 3625 matrimonio
738 3555 858 3625 melius
883 3555 1059 3627 vitae'siue
1079 3574 1157 3644 ege·
