2642 4175
479 381 523 425 nu
548 379 760 438 ιιοιιιιιιιιιιι
997 369 1039 426 ta

148 498 190 547 ne
208 476 400 570 dissolutio,
423 477 548 586 privata
578 478 773 549 annositate
799 480 903 563 laeta,
926 479 1089 550 scandalis

148 566 361 641 occasionem
381 571 498 640 datura
515 571 569 656 sit,
591 571 739 661 itemque
757 594 783 641 ιι
776 572 992 643 llioecesum
1011 593 1090 642 ecu-

146 666 292 735 suetndo
314 686 351 733 ea
369 663 424 748 sit,
448 677 485 733 ut
504 665 676 735 dissolutio
691 666 895 756 sponsalium
915 679 993 737 ante
1012 687 1091 737 cau·
1201 751 1203 756 ,

148 778 221 826 sam
248 758 290 827 ab
310 756 486 828 Ordinario
502 761 669 845 cognitam
689 771 722 829 et
738 761 910 850 probatam
927 781 994 830 uon
1015 781 1091 850 per·

149 851 316 922 mittatur.
342 851 464 921 Contra
484 852 519 922 S.
541 852 684 923 Thomas
704 852 737 921 in
758 853 782 921 d
807 851 892 924 sent.
920 855 998 926 dist.
1019 851 1089 939 tt,

149 966 187 1034 q.
206 944 243 1028 l,
265 966 299 1014 a.
324 941 450 1015 3baee
467 946 581 1015 tradit:
600 944 622 1014 ἰ
647 946 685 1014 ln
705 947 836 1016 dnobus
863 948 1007 1032 casibus,
1028 948 1092 1017 sci·

150 1037 235 1108 licet
249 1058 324 1106 cum
345 1038 422 1127 quis
440 1041 478 1109 ad
496 1039 705 1129 Religionem
723 1041 884 1130 confugit,
904 1052 1028 1110 etcum
1050 1042 1094 1110 al·

148 1143 205 1200 ter
228 1132 412 1220 coniugum
434 1155 509 1203 cum
529 1135 634 1203 altero
655 1154 717 1223 per
736 1134 836 1204 verba
869 1134 909 1204 da
926 1134 1093 1223 praesenti

150 1224 333 1305 contrabit,
351 1227 423 1316 ipso
450 1227 524 1297 iure
551 1228 716 1317 sponsalia
737 1228 958 1310 dirimuntur,
980 1226 1093 1297 sedin

150 1318 230 1387 aliis
246 1319 376 1388 casibus
390 1320 503 1389 dirimi
521 1321 642 1391 debent
655 1322 838 1390 secundum
858 1320 1019 1390 iudicium
1037 1321 1095 1390 Ec

152 1411 312 1482 clasiae.»
330 1413 415 1483 Huic
433 1415 616 1484 sententiae
635 1415 790 1484 ridentur
805 1416 914 1485 lavere
928 1414 1091 1486 Canones.

153 1505 195 1574 ln
215 1526 288 1596 cap
309 1506 356 1575 Dr
384 1525 468 1576 ιιιιι
489 1506 508 1575 7
531 1509 573 1577 de
591 1508 785 1597 Desponsat.
811 1509 939 1599 impub.
959 1519 1092 1577 cautum

151 1610 218 1682 est,
243 1612 316 1669 (ιιι
332 1601 535 1690 impuberes,
557 1602 614 1691 qui
635 1603 829 1672 adveniente
850 1602 1024 1710 pubertate
1040 1622 1094 1670 re·

152 1693 317 1776 clamant,
336 1693 458 1764 iudicio
478 1695 644 1766 Ecclesiae
664 1709 873 1785 separentur,
892 1695 974 1779 nisi,
997 1706 1034 1763 ut
1049 1694 1096 1764 ait

151 1784 267 1856 Glossa
287 1787 389 1872 ibid,
416 1788 536 1858 lortius
564 1790 731 1858 vinculum
757 1789 992 1880 superveniat,
1016 1801 1094 1896 puta

153 1880 405 1952 matrimonium
426 1901 501 1950 cum
522 1884 605 1966 alio,
625 1884 677 1952 rel
695 1894 806 1953 sotum
824 1883 992 1966 solemne,
1014 1882 1093 1971 quia

155 1984 238 2044 tnnc
256 1974 328 2065 ipso
346 1975 420 2045 inre
439 1977 546 2046 soluta
566 1990 661 2047 sunt:
683 1999 697 2042 ι
722 1976 870 2065 itemque
885 1975 919 2044 in
933 1995 1008 2064 cap,
1024 1975 1095 2044 Duo

154 2086 256 2137 surm
275 2066 320 2136 ld
334 2069 408 2139 eod
426 2070 628 2159 poenitentia
651 2070 783 2139 cuidam
804 2068 999 2159 imponitur,
1022 2068 1093 2158 qni,

153 2162 281 2231 iudicio
299 2162 465 2234 Ecclesiae
484 2185 551 2234 non
572 2163 755 2253 requisito,
777 2185 794 2231 a
815 2161 1024 2251 sponsalibus
1044 2181 1097 2230 ra·

155 2255 267 2325 cessit.
302 2256 393 2325 ldem
414 2257 606 2326 confirmari
639 2255 739 2326 etiam
770 2266 879 2346 potest
898 2264 1096 2360 argumento

154 2348 255 2419 ducto
276 2369 294 2417 a
304 2348 455 2457 paritate
482 2372 557 2420 cum
579 2349 818 2433 matrimoni03
837 2346 987 2439 quamtis
1006 2346 1095 2416 enim

156 2441 191 2510 in
212 2442 429 2516 matrimonio
445 2464 543 2513 cansa
565 2443 755 2523 recedendi,
777 2464 837 2513 seu
856 2440 1040 2511 divertendi
1060 2440 1097 2509 li·

157 2534 259 2625 quida
279 2534 341 2620 sit,
364 2557 514 2607 recessus
533 2550 672 2621 tamen,
694 2558 754 2606 seu
773 2534 949 2606 divortium
970 2534 1096 2623 privata

157 2628 358 2700 auctoritate
381 2650 448 2699 non
476 2630 693 2720 permittitur.
713 2629 835 2700 Verum
861 2628 913 2698 bis
946 2648 1012 2697 uon
1039 2628 1097 2696 ob·

157 2722 335 2804 stantibus,
354 2724 448 2812 prior
479 2723 642 2793 sententia
664 2723 770 2813 magis
800 2722 948 2792 arridet:
972 2721 1098 2791 babent

158 2815 248 2885 enim
269 2817 436 2906 sponsalia
457 2817 682 2889 conditionem
700 2816 853 2899 inditam,
868 2815 895 2885 si
912 2835 967 2884 res
987 2816 1020 2882 in
1042 2834 1098 2883 eo-

157 2909 232 2978 dem
253 2920 342 2980 statu
371 2923 616 2999 permaneant,
636 2930 697 2980 seu
716 2911 805 3001 qnod
826 2909 913 2979 idem
935 2918 1011 2990 est,
1033 2907 1097 2977 uisi

159 3000 243 3074 iusta
266 3015 301 3073 et
317 3023 335 3072 a
351 3001 428 3072 iure
443 3005 580 3112 probata
606 3024 703 3074 causa
728 3024 796 3074 non
821 3002 964 3072 accedat.
984 3000 1099 3090 ltaque

159 3095 326 3167 eiusmodi
357 3096 597 3168 interueniente
627 3116 751 3181 cansa,
781 3107 816 3166 et
834 3095 1023 3166 conditione
1044 3095 1098 3162 illa

158 3188 346 3271 deficiente,
363 3191 565 3279 sponsalium
583 3190 742 3280 obligatio
761 3188 938 3260 evanescit.
958 3187 1098 3255 Causam

159 3294 271 3354 autem
289 3282 456 3353 notoriam
475 3284 548 3354 iure
569 3296 695 3354 certam
715 3294 750 3353 at
768 3298 954 3387 expressam
974 3298 1047 3349 esse
1063 3301 1100 3349 o-

63 3438 76 3465 ,
159 3388 282 3464 portet3
301 3375 360 3446 ubi
374 3377 464 3447 enim
477 3378 518 3448 de
536 3377 677 3448 raritate
700 3377 751 3446 vel
768 3372 964 3444 sufficientia
980 3393 1100 3444 mosae

161 3468 301 3539 dubium
328 3468 395 3554 sit,
416 3471 551 3561 propria
572 3471 699 3561 privata
719 3468 916 3538 auctoritate
935 3488 1003 3538 nou
1023 3467 1101 3538 licet
1180 3506 1182 3509 v

162 3563 328 3651 sponsalia
356 3564 505 3646 solvere,
531 3584 607 3634 cum
640 3574 784 3653 uterque
812 3580 952 3652 sponsus
971 3560 1000 3628 vi
1021 3580 1100 3628 eon·
