2642 4175
542 356 705 406 sarnam
720 362 743 405 t.
994 347 1061 407 tae

170 478 270 529 snum
289 459 378 529 otene
402 469 583 549 operteque
610 459 822 548 exprimunt,
842 477 879 527 se
895 458 1011 528 foedus
1028 480 1107 533 coa·

172 551 284 638 iugale
316 572 391 620 cum
427 551 654 620 determinata.
680 571 821 642 persona
855 570 973 641 reapse
1006 551 1104 624 inire.

170 643 413 715 Vide'i‘cuttiar
431 643 527 714 Droit
545 645 633 729 cinit,
657 656 680 713 t.
704 644 738 728 t,
760 665 794 735 p.
817 641 901 713 505.

230 736 352 818 Quaeri
373 737 430 806 iiic
452 749 571 825 potest,
593 758 635 807 en
655 758 752 807 error
770 757 931 827 personae
953 736 1106 830 physicae

171 830 308 920 (minti
320 831 348 900 si
368 830 514 900 Hemina
535 850 612 899 mm
632 832 709 901 Gaia
737 832 936 901 contrahere
955 844 1103 919 putans,

170 943 233 1010 pcr
249 944 400 993 errorem
419 923 517 993 aliam
545 924 672 1014 ducat),
692 923 969 1014 impedimentum
990 945 1027 992 ex
1047 925 1104 993 dc·

169 1016 264 1086 inmte
280 1036 461 1086 consensus
474 1016 668 1087 constituat?
682 1017 807 1106 Duplex
820 1017 913 1086 adest
926 1016 1103 1086 sententie.

169 1106 232 1188 Qui
260 1110 486 1180 affirmativam
507 1120 719 1199 sequuntur,
742 1129 779 1178 aa
801 1107 883 1197 tegis
903 1109 1031 1178 ratione
1052 1129 1106 1178 ar·

169 1214 367 1288 gementum
387 1204 577 1272 desumunt.
598 1203 680 1272 Nem
713 1221 809 1271 error
844 1221 1004 1291 personae
1031 1201 1106 1271 ideo

171 1294 323 1381 praecise
345 1295 597 1367 matrimonium
617 1296 748 1365 nullum
773 1294 909 1377 reddit,
931 1293 1009 1384 quie
1029 1315 1108 1365 con·

170 1406 290 1457 sensus
306 1389 443 1458 omnino
463 1390 567 1472 deast3
587 1389 645 1479 qui
664 1388 751 1457 enim
767 1399 868 1471 erret,
886 1408 953 1456 nen
966 1407 1106 1457 consen·

171 1480 210 1548 tit
226 1481 260 1550 in
281 1482 534 1552 determinatam
554 1500 740 1571 personam,
755 1501 831 1551 cum
847 1500 911 1570 qua
928 1480 1105 1559 contrahit,

167 1575 226 1642 sed
246 1573 280 1642 ie
301 1573 398 1642 aliam
430 1595 565 1663 prorsus
584 1573 758 1659 diversam,
780 1595 881 1664 quam
899 1586 1010 1644 mente
1026 1595 1105 1644 con-

168 1666 252 1754 cipit
270 1665 337 1756 (t).
356 1666 417 1748 Qui
439 1669 623 1756 negativam
650 1681 766 1739 tenent
788 1668 1004 1751 sententiam,
1027 1667 1105 1736 licet

167 1759 337 1829 fateantur
357 1781 459 1841 eum,
481 1762 537 1850 qui
571 1761 657 1831 circa
685 1780 860 1852 personam
892 1772 1006 1843 errat,
1036 1761 1104 1831 siue

166 1872 204 1920 en
225 1852 359 1942 proprie
388 1855 583 1937 oscitantia,
621 1866 680 1923 aut
712 1855 835 1941 culpa,
869 1854 937 1922 sire
965 1854 1103 1923 alterius

165 1945 283 2014 frande
306 1956 406 2027 erret,
430 1967 542 2016 revera
563 1966 630 2016 non
643 1946 833 2016 consentire
853 1945 887 2013 in
907 1965 979 2014 eam
994 1966 1104 2035 perso·

164 2057 254 2121 nara,
278 2059 365 2129 quae
384 2039 446 2109 sibi
465 2040 663 2131 preponitur
683 2051 716 2109 et
739 2057 895 2128 praesens
913 2048 986 2120 est,
1009 2039 1104 2109 adan·

164 2152 233 2220 qne
251 2133 427 2203 admittant
443 2153 592 2203 errorem
610 2134 772 2223 personae
787 2152 885 2200 suurn
904 2131 1102 2201 tundamen-

165 2235 235 2292 tum
256 2225 394 2295 haurire
413 2247 453 2295 ex
471 2246 652 2298 consensus
672 2227 821 2307 deiectu,
843 2234 954 2294 temen
975 2223 1101 2313 perim-

166 2328 216 2386 otc
234 2319 401 2408 denegant
419 2337 580 2408 personae
600 2339 749 2389 errorem
770 2338 845 2388 cum
866 2317 997 2385 deiectu
1026 2336 1103 2386 cnu-

164 2430 280 2481 aeusus
294 2412 463 2496 contundi,
480 2423 513 2481 et
528 2433 633 2482 unum
648 2413 806 2503 idemque
824 2409 1099 2500 impedimentum

163 2503 389 2586 constituere,
411 2505 607 2595 praesertim
636 2527 712 2575 oum
733 2506 774 2576 de
805 2523 968 2595 personae
986 2522 1101 2573 errore

164 2598 344 2686 separatim
364 2619 404 2667 eo
431 2598 584 2669 distincte
614 2600 647 2669 in
669 2601 742 2669 iure
761 2599 954 2669 disseratur.
976 2597 1099 2666 Eadem

164 2691 316 2779 quaestio
337 2691 370 2760 in
391 2691 493 2761 Gaitia
514 2692 635 2782 agitate
668 2693 742 2764 fuit.
766 2693 886 2763 Verum
907 2691 942 2761 in
961 2689 1097 2773 Galiiis,

32 2857 36 2864 ,
148 2781 287 2873 duplici
305 2784 459 2868 articulo,
477 2786 541 2869 lex,
559 2797 628 2856 tum
645 2787 687 2855 da
703 2806 818 2855 errore
835 2805 1008 2874 personae,
1027 2796 1098 2853 tutu

162 2877 203 2945 da
224 2877 355 2947 deiectu
376 2898 558 2949 consensus
587 2878 767 2948 distinctim
788 2877 950 2966 loquitur.
976 2875 1023 2945 Dc
1041 2875 1099 2945 de·

162 2969 249 3038 iectu
281 2990 462 3041 consensus
493 2971 644 3060 explicite
678 2989 787 3040 sermo
816 2969 1002 3038 habebatur
1033 2978 1095 3037 ert.
1145 3031 1147 3034 .

161 3060 243 3145 tte,
267 3063 324 3132 ubi
343 3064 481 3134 dicitur:
508 3064 573 3132 alt
590 3065 646 3154 o'p
661 3086 684 3133 o
698 3084 762 3153 poc
780 3064 820 3132 tie
833 3063 993 3149 moriope,
1015 3060 1098 3130 lora·

160 3156 251 3244 qu’il
277 3157 338 3245 n'p
356 3179 379 3226 o
405 3160 502 3248 pciut
534 3159 574 3226 da
592 3164 840 3228 comentem.
867 3179 883 3221 ›
909 3154 955 3223 De
982 3173 1098 3224 cruore

160 3268 323 3336 personae
341 3262 406 3319 art.
433 3248 504 3320 180
530 3251 655 3321 dicitur
687 3249 779 3319 hisce
810 3247 939 3318 terma:
965 3271 980 3313 a
1003 3247 1097 3316 Inre-

150 3343 500 3431 postponeretur
518 3341 1097 3435 consummatoremque

192 3555 232 3623 (t)
250 3551 316 3609 itte
332 3553 451 3609 Mareade
467 3565 489 3610 t.
510 3561 534 3622 i,
554 3562 614 3610 iit.
