2642 4175
512 400 676 482 munuum
693 435 728 482 11.
976 426 1041 483 515

150 541 237 600 state
259 532 492 622 transigendae
514 522 670 617 causalia
688 531 726 603 [ιο
742 533 830 623 qaod
848 534 972 604 oratrix
986 537 1027 605 ob
1044 536 1093 606 in·
1126 504 1130 513 Ι

149 637 271 787 {efflas
291 627 443 697 stimulos
464 628 571 697 carnis
591 648 626 697 sa
645 647 741 717 posse
761 628 968 699 continenter
984 630 1090 701 vivere

175 741 183 784 ι
246 732 283 803 rt,
302 734 366 790 etc.
864 768 866 771 .

436 839 490 908 die
585 839 709 909 mensis
811 922 813 925 ¹
917 842 995 910 anni

386 971 453 1041 NN.
476 971 703 1040 confessarius
723 972 881 1041 ecclesiae

185 1182 237 1234 Pro
260 1182 381 1234 masculis
406 1181 496 1234 eadem
520 1182 630 1251 petitio,
648 1193 779 1252 assumpto
809 1200 904 1253 genere
931 1175 1093 1249 mascui'ino,

151 1260 275 1328 usurpari
294 1267 385 1328 potest.

151 1561 231 1630 XXI.
254 1561 416 1630 Formala
430 1562 562 1652 peterrdi
581 1563 877 1632 consolidationem
891 1561 1095 1630 matrimonii

192 1678 259 1747 par
277 1657 549 1746 dispensationem
566 1678 622 1725 sea
638 1657 842 1726 sanationem
856 1658 892 1725 ia
910 1656 1032 1724 radice.

232 1863 463 1933 lltustrissime
483 1884 522 1932 ao
545 1863 831 1933 Reverendissime
848 1862 1010 1948 Domine,

202 2020 313 2092 Titius
334 2031 367 2091 et
384 2019 489 2104 Titia,
511 2019 677 2090 Diocaesis
696 2034 828 2091 nostrae
847 2018 994 2103 subditi,
1018 2041 1094 2089 oum

153 2137 232 2186 vero
255 2129 288 2185 et
306 2115 573 2184 sincero-natae
599 2133 761 2183 consensu
783 2114 839 2204 qui
861 2114 1020 2184 asseritur
1039 2115 1096 2183 ad-

156 2210 222 2280 huc
242 2229 467 2299 perseverare,
489 2207 738 2277 matrimonium
754 2210 786 2276 iu
800 2208 917 2276 faciem
931 2206 1095 2277 Ecclesiae

156 2314 396 2373 contraxerunt
416 2315 448 2372 et
468 2304 812 2371 consummarentur
830 2322 907 2369 vero
929 2300 1097 2368 matrimo-

158 2397 252 2465 nium
269 2419 385 2466 eorum
400 2408 450 2465 est
468 2395 647 2463 invalidum
660 2396 703 2463 ob
717 2396 869 2485 copulam
884 2392 1096 2463 fornicariam

157 2490 238 2558 Titii
253 2512 327 2558 cum
343 2510 458 2558 sorore
473 2489 589 2573 Titiae,
601 2488 695 2558 cuius
710 2487 938 2578 impedimenti
952 2486 1034 2556 Titia
1049 2500 1098 2556 est

159 2604 297 2672 prorsus
309 2583 425 2652 inscia.
435 2582 712 2672 impedimentum
723 2594 772 2652 est
783 2581 916 2651 omnino
931 2581 1096 2650 occultum

160 2697 223 2746 nec
243 2677 379 2746 timetur
411 2676 711 2759 manifestandum,
742 2677 798 2745 sed
819 2697 920 2765 super
948 2696 987 2745 ea
1007 2675 1097 2743 nulia

159 2770 363 2858 dispensatio
393 2771 495 2859 petita
515 2770 589 2839 snit.
621 2767 740 2838 Orator
763 2771 935 2859 poenitens
962 2769 1097 2837 fundate

162 2863 270 2946 timet,
294 2883 336 2930 ne
356 2861 382 2931 si
404 2862 629 2952 qualicunque
650 2864 747 2936 modo
768 2883 947 2931 consensus
965 2863 1100 2930 renora-

165 2957 210 3025 tio
229 2976 245 3023 a
265 2956 407 3044 putativa
427 2978 529 3025 uxore
547 2968 690 3045 petatur,
711 2978 784 3025 eam
802 2956 870 3044 ipsa
887 2955 938 3023 vel
954 2965 1096 3037 recuset,

163 3051 213 3119 vel
229 3048 256 3118 si
272 3070 339 3118 non
358 3048 490 3126 abnuat,
501 3070 695 3118 consensum
718 3071 888 3132 renovare,
906 3070 968 3138 pax
985 3048 1099 3117 dome·

163 3144 244 3213 stica
266 3144 308 3212 ab
327 3142 486 3212 violentas
512 3143 735 3232 suspiciones,
765 3144 839 3227 vet,
870 3141 1100 3212 acerbissimas

166 3256 276 3306 mores
295 3236 471 3325 compartis
492 3235 684 3324 gravissime
705 3237 781 3306 inde
802 3236 968 3305 turbetur.

213 3329 333 3413 Quare,
356 3329 433 3419 quia
450 3342 563 3398 orator
581 3340 673 3419 optat
693 3329 727 3398 in
745 3330 885 3417 gratiam
899 3329 956 3399 Dei
975 3327 1099 3408 redire,

168 3435 371 3513 campartem
394 3423 576 3511 gratiarum
596 3423 797 3491 matrimonii
816 3422 1008 3512 participem
1027 3421 1103 3490 red·

165 3514 247 3585 dere
268 3529 300 3586 et
319 3538 530 3586 numerosam
552 3514 699 3585 sobolem
727 3515 932 3603 legitimare,
954 3513 1111 3591 humilli-¹

170 3627 222 3678 me
242 3610 407 3701 supplicat
437 3609 683 3679 lltustrissimae
704 3609 925 3679 Dominatioui
943 3608 1104 3689 Vestrae,
