2642 4175
291 323 356 382 tet
622 334 726 383 maur
743 334 792 382 tn.

242 434 393 505 monium
415 433 593 519 dirimam
615 432 741 503 idcirco
761 431 1036 523 impedimentum
1056 432 1119 504 boc
1138 434 1181 505 ab
1299 431 1301 478 ἕ

242 528 388 599 Ecclesia
401 538 510 636 potest
526 526 714 619 dispensari
726 538 760 597 et
771 525 856 597 tolli.
874 525 922 597 lle
934 528 1071 619 quidem
1088 547 1177 614 rere,

242 621 277 693 ia
290 620 1179 713 monumentispriorumllccleslaesaeoalorumnulla
1300 641 1301 650 ¹

241 715 383 788 huiusce
401 715 631 807 impedimenti
651 727 815 806 apparent
837 715 998 805 vestigia3
1016 734 1097 786 sane
1114 716 1180 785 im·

241 808 469 899 pedimentum
489 830 510 879 a
530 804 766 880 iure'naturali
782 820 840 879 ant
852 808 964 879 divino
975 810 1179 880 descendens

241 915 370 975 consmt
389 902 558 993 prioribus
576 903 719 973 saeculis
735 922 803 981 non
817 902 921 973 luisse
938 902 1105 993 ignotum.
1120 902 1177 973 llla
1257 951 1260 955 -

240 996 341 1066 etiam
363 996 490 1068 accedit
506 996 706 1067 validissima
727 995 915 1086 rationale
933 1015 1055 1086 nempe
1073 996 1179 1087 impe-

238 1089 426 1162 dimentum
447 1090 543 1173 illud,
562 1092 652 1182 quod
671 1089 817 1161 Ecclesia
838 1091 888 1161 rel
905 1091 1107 1172 estendere,
1127 1091 1178 1161 vel

241 1204 301 1274 pro
318 1196 406 1255 notu
426 1185 631 1274 restringere
664 1195 794 1275 potest,
815 1196 906 1255 certe
931 1203 1001 1255 nnn
1025 1196 1080 1255 est
1105 1183 1178 1256 inre

240 1279 405 1362 naturali,
425 1289 484 1349 aut
505 1277 616 1349 divino
634 1277 868 1348 constitutum.
889 1278 957 1347 lam
978 1297 1056 1348 vero
1078 1277 1177 1366 buius

240 1371 362 1442 indolis
381 1392 420 1442 ac
438 1384 580 1441 naturae
600 1373 807 1462 comperitur
824 1371 1103 1463 impedimentum
1123 1392 1177 1442 oo·

240 1462 409 1552 gnatinms
426 1465 611 1555 spiritualis
626 1488 643 1548 ‚·
657 1464 823 1556 siquidem
844 1466 991 1536 Ecclesia
1011 1466 1094 1535 illud
1111 1478 1177 1535 tam

240 1557 306 1627 late
323 1558 481 1628 diffusum
502 1579 563 1649 pro
584 1571 693 1637 nutu,
713 1579 773 1629 seu
793 1561 903 1650 potios
927 1579 988 1650 pro
1016 1559 1176 1648 snpientia

240 1652 448 1741 temperavit,
470 1653 592 1741 partim
613 1653 696 1723 illud
716 1653 925 1737 auferendo,
946 1652 1066 1743 partim
1096 1651 1176 1722 illud
1300 1709 1301 1714 ,

241 1744 488 1834 restringendo,
501 1757 539 1815 ut
553 1745 708 1816 vidimus.
725 1746 866 1818 Eridens
880 1745 1018 1837 proinde
1031 1746 1177 1836 begnod
1300 1763 1301 1822 t

244 1835 521 1928 impedimentum
544 1839 608 1910 boo
628 1839 672 1909 ab
691 1839 837 1912 Ecclesia
855 1841 1009 1931 pendeat,
1027 1852 1063 1909 et
1078 1841 1121 1910 ab
1137 1855 1177 1910 et

244 1931 351 2021 possit
383 1933 538 2003 relaxari.
560 1932 654 2004 Unde
683 1934 838 2025 sequitur
857 1934 1006 2005 inlideles
1029 1952 1071 2002 en
1092 1934 1179 2004 inter

245 2043 283 2095 se
304 2045 371 2096 non
391 2025 568 2118 obstringi,
595 2048 658 2099 nec
677 2028 793 2105 fideles
812 2048 851 2100 eo
870 2027 1011 2099 detineri
1026 2047 1103 2097 cum
1120 2027 1178 2098 ba·

244 2118 359 2209 ptisati
378 2123 572 2212 parentibus
597 2120 811 2206 infidelibus,
832 2123 995 2212 siquidem
1024 2123 1178 2211 cognatio

247 2213 356 2284 oritur
375 2227 526 2305 tempore
545 2216 700 2307 baptismi
719 2216 842 2301 collati,
863 2218 908 2287 ita
924 2228 971 2298 ot,
993 2215 1021 2286 si
1038 2236 1079 2285 eo
1095 2229 1178 2287 tem·

243 2326 326 2396 pore
345 2319 418 2379 orta
438 2328 506 2380 non
525 2310 578 2389 sit,
598 2310 681 2379 oriri
699 2309 855 2401 deinceps
874 2319 1048 2402 nequeat.-

286 2399 357 2481 Duo
376 2402 486 2472 adhuc
505 2402 708 2474 observanda
726 2401 781 2474 hic
794 2417 886 2478 snat.
903 2404 938 2473 l.
954 2414 1016 2487 est,
1030 2400 1122 2493 qnod
1138 2402 1176 2485 is,

240 2490 299 2581 qui
317 2495 497 2566 carnaliter
515 2497 670 2584 cognorit
687 2516 876 2587 personam,
897 2514 971 2567 cunr
992 2516 1057 2587 qua
1074 2496 1178 2586 spiri·

242 2586 322 2654 tuali
340 2589 539 2676 cognatione
557 2590 727 2680 iungitur,
746 2591 774 2662 si
789 2590 1069 2682 dispensationem
1090 2590 1178 2660 obti-
1298 2606 1299 2617 ¹

240 2697 322 2749 nere
343 2681 434 2763 velit,
452 2702 520 2752 non
539 2684 638 2753 modo
655 2684 899 2774 cognationem,
921 2685 979 2755 sed
999 2695 1033 2753 ct
1050 2683 1178 2753 crimen
1298 2700 1299 2767 g

242 2784 410 2862 patratum
430 2777 464 2844 in
482 2776 725 2866 supplicatione
742 2779 926 2870 exprimere
941 2777 1051 2848 debet.
1067 2772 1101 2846 1.
1118 2789 1177 2860 eet,
1298 2824 1299 2843 ι

241 2868 331 2955 qnod
353 2868 417 2939 boc
435 2869 711 2961 impedimentum
744 2885 941 2963 perpetuum
960 2882 1032 2954 ert,
1051 2882 1086 2941 et
1102 2886 1179 2961 pro·

240 2959 318 3030 inde
338 2980 405 3032 non
421 2975 529 3034 cessat
540 2964 583 3034 ob
597 2977 738 3035 mortem
754 2968 927 3056 personae,
940 2964 985 3034 ob
1002 2982 1104 3054 guam
1124 2984 1179 3035 cn·

240 3053 353 3141 gnatia
373 3069 541 3128 contracta
560 3057 635 3128 luit.
652 3057 749 3130 ilatio
766 3072 828 3141 est,
841 3058 919 3151 quia
936 3059 1010 3129 iura
1025 3058 1179 3129 absolute

241 3147 304 3218 linc
321 3148 597 3241 impedimentum
617 3162 791 3235 statuunt,
810 3172 873 3223 nee
892 3153 981 3223 ullos
1000 3162 1108 3223 textus
1126 3172 1180 3222 re·
1297 3186 1298 3229 r

241 3241 394 3329 peritur,
416 3246 476 3335 qni
497 3245 537 3315 ad
560 3265 674 3317 casum
701 3247 891 3338 superstitis
910 3245 983 3315 eins
1002 3262 1177 3336 personae,

240 3334 322 3404 iilud
345 3337 478 3409 limitet.
499 3337 620 3410 Verum
651 3353 728 3425 est,
748 3341 840 3431 quod
869 3340 904 3409 in
926 3338 1015 3409 linea
1045 3338 1180 3429 obliqua

242 3426 518 3516 impedimentum
538 3434 747 3525 cognationis
776 3432 893 3523 legalis
919 3433 1106 3523 temporale
1125 3432 1177 3516 sit,
1296 3416 1297 3435 ³

240 3519 319 3608 quia
340 3539 483 3614 sequuta
507 3528 775 3618 emancipatione
793 3526 875 3597 illud
893 3537 1010 3597 cessat.
1039 3526 1082 3595 tt
1101 3526 1180 3595 baec
