2642 4175
375 355 420 398 nn
435 355 674 401 rurnnrununrs
693 355 891 401 uannruoun
989 347 1051 401 141

165 449 327 518 iudicium
348 449 579 536 gravissimum
601 464 661 534 est,
685 451 889 541 periculosae
908 452 1043 539 plenum
1072 474 1104 522 a·

165 545 249 625 leae,
278 563 341 610 nec
361 542 458 611 lacile
486 546 766 633 praesumendum
800 544 1033 615 contrahentes
1053 568 1104 614 ex·

167 634 319 704 trinsecis
347 635 562 724 qualitatibus
595 651 791 707 consensum
818 660 915 706 suurn
936 638 1103 728 alligasse.

164 728 414 798 Matrimonium
449 750 623 800 exerrare
653 732 800 813 nullum,
825 733 1001 802 accedente
1029 753 1103 802 con·

166 843 281 902 sensu,
304 823 513 892 convalescit.
534 826 584 893 dn
603 836 635 893 et
652 825 786 913 quando
805 846 984 894 consensus
1005 847 1103 895 reno·

166 915 376 984 varrdebear
406 936 517 984 coram
542 915 691 986 Paroclro
712 930 745 986 et
762 917 926 1000 testibus,
946 917 1103 1007 deinceps

165 1009 307 1077 dicetur.
332 1005 365 1076 Si
387 1028 502 1077 errans
535 1010 619 1079 nolit
644 1030 842 1079 consensum
869 1031 1049 1093 renovare,
1071 1025 1104 1079 et

165 1099 419 1169 matrimonium
439 1102 566 1171 solvere
590 1102 763 1183 intendat,
783 1101 944 1171 iudicium
961 1102 1104 1170 auctori·

166 1193 242 1263 tatis
263 1192 505 1264 ecclesiasticae
523 1195 684 1265 interesse
704 1197 814 1265 debet.

209 1288 308 1356 llodo
341 1298 377 1354 ut
410 1287 489 1356 huic
522 1289 762 1378 impedimento
795 1287 920 1357 erroris
952 1286 1103 1357 nltimam

165 1400 303 1448 manum
323 1378 545 1467 imponamus,
568 1403 689 1470 operae
710 1381 853 1470 pretium
874 1393 945 1463 est,
975 1393 1011 1448 ut
1030 1402 1105 1449 exa·
1189 1400 1195 1414 ‘

165 1472 346 1555 minemns,
369 1473 449 1561 quid
469 1474 646 1543 dicendum
678 1475 743 1555 sit,
766 1473 793 1543 si
827 1474 860 1542 in
880 1473 1106 1543 contrahendo

166 1565 382 1634 matrimonio
402 1579 555 1635 occurrat
572 1568 672 1635 simul
689 1589 784 1635 error
797 1567 872 1635 iacti
891 1588 928 1635 ac
948 1565 1041 1646 iuris,
1054 1569 1106 1635 vel

165 1679 263 1728 error
282 1659 358 1727 lacti
381 1671 414 1726 et
430 1660 566 1728 scientia
586 1661 681 1728 iuris.
706 1660 776 1728 Uta
797 1661 943 1729 secundo
959 1659 1107 1728 exordia·

165 1773 255 1834 mur,
278 1773 373 1820 error
392 1752 467 1821 lacti
488 1752 588 1840 simul
621 1765 655 1822 et
679 1753 815 1822 scientia
848 1753 931 1822 iuris
950 1773 1105 1821 occurre·

164 1855 218 1913 ret
237 1845 273 1911 in
292 1845 356 1913 hoc
374 1866 465 1913 casu.
484 1844 567 1914 Puta
588 1846 687 1923 Caius
715 1859 748 1914 et
767 1845 862 1914 Berta
889 1846 968 1913 dnm
995 1846 1107 1914 matri·

165 1938 317 2005 monium
337 1937 464 2018 ineunt,
481 1938 686 2008 arbitrantur
698 1959 733 2007 se
747 1939 844 2026 ligari
865 1938 1103 2026 impedimento

166 2030 281 2120 aliquo
298 2029 488 2122 dirimente,
509 2052 537 2098 v.
561 2053 613 2121 gr.
637 2031 945 2119 consanguinitatis,
969 2053 1035 2119 quo
1057 2042 1105 2100 ta·

165 2145 243 2193 men
265 2125 298 2191 in
319 2123 369 2192 rei
389 2124 526 2192 veritate
545 2126 743 2214 neutiquam
766 2124 924 2211 ligantur.
943 2123 992 2190 En
1010 2144 1105 2190 error

165 2217 256 2285 lacti.
280 2216 422 2285 Aliunde
440 2217 538 2286 etiam
561 2218 659 2287 Caius
680 2229 713 2285 et
731 2215 827 2286 Berta
841 2216 951 2284 sciunt
970 2227 1105 2303 propter

167 2311 230 2378 hoc
250 2310 538 2398 impedimentum,
561 2333 627 2399 quo
647 2332 683 2379 se
709 2311 791 2378 lalso
809 2320 927 2398 putant
946 2307 1100 2396 alligari,

167 2402 302 2471 irritum
322 2422 360 2469 ac
380 2403 508 2469 nullum
527 2424 598 2472 esse
619 2402 887 2484 matrimonium,
909 2402 997 2490 quud
1019 2413 1103 2470 exte·

167 2496 237 2564 rius
255 2495 304 2562 sic
324 2494 536 2562 contrahunt.
561 2496 608 2563 En
629 2496 766 2564 scicntia
788 2495 884 2563 iuris.
913 2494 985 2563 Non
1006 2495 1101 2583 pauci

167 2588 352 2676 opinantur
368 2608 441 2653 cum
458 2587 604 2658 Sanchcz
618 2589 640 2655 l.
658 2587 714 2671 al,
732 2590 810 2658 Mat.
826 2589 910 2677 disp.
928 2585 985 2669 33,
1002 2588 1036 2654 in
1050 2586 1102 2653 his

165 2679 439 2772 circumstantiis,
464 2681 604 2749 validum
624 2702 696 2750 esse
724 2680 988 2750 matrimonium.
1007 2682 1048 2748 At
1066 2682 1101 2747 ni

164 2774 327 2855 fallimur,
356 2774 543 2842 contrariae
563 2774 769 2857 sententiae,
801 2775 888 2863 quod
919 2793 1040 2859 nempe
1059 2773 1102 2841 sit

166 2869 313 2947 nullum,
331 2866 580 2935 adhaerendum
599 2879 659 2937 est.
683 2866 813 2936 Etenim
835 2864 1100 2935 contrahentium

167 2979 362 3042 consensus,
379 2980 452 3026 cum
467 2960 510 3027 sit
529 2972 621 3029 actus
640 2960 816 3029 voluntatis
835 2959 956 3029 utentis
976 2957 1102 3026 delibe-

167 3054 298 3122 ratione
319 3073 378 3121 sua
395 3073 432 3121 ac
451 3054 615 3136 libertate,
637 3053 772 3121 omnino
800 3055 955 3140 pendcta
977 3051 1100 3119 iudicio
1152 3101 1155 3108 .

169 3146 300 3224 mentis,
315 3146 459 3233 ideoque
471 3146 498 3214 si
512 3167 616 3227 mens,
639 3158 739 3234 prout
755 3145 788 3212 in
809 3147 871 3212 hoc
890 3166 979 3224 casu,
1002 3163 1100 3230 quem

168 3239 409 3320 examinamus,
430 3257 497 3307 non
515 3240 638 3307 iudicet
658 3258 753 3326 posse
777 3238 910 3305 firmare
936 3234 1102 3303 matrimo-

167 3334 260 3401 nium
282 3332 373 3420 quod
393 3332 618 3414 contrahitur,
640 3330 767 3398 firmari
788 3330 868 3398 illud
895 3349 961 3397 non
982 3328 1103 3415 poterit

168 3425 366 3507 deliberato,
389 3422 604 3513 legitimoque
624 3443 798 3492 consensu.
824 3425 866 3492 At
894 3422 921 3492 si
942 3422 1039 3489 Caius
1070 3435 1103 3488 et

23 3499 32 3512 ’
166 3517 264 3588 Berta
282 3528 438 3587 errarent
449 3517 549 3587 simul
562 3518 596 3587 in
615 3517 699 3587 iacto
721 3529 754 3587 et
773 3516 807 3586 in
822 3517 894 3586 iure
908 3514 996 3605 quod
1013 3534 1103 3581 nem·
