2642 4175
354 307 398 353 nn
417 311 652 368 annuntiandum
670 312 867 361 uararnoun
964 290 1029 363 257'

142 424 228 485 textu
247 429 412 504 perpenso
433 408 515 478 haec
543 409 644 479 habet
664 411 727 480 sub
750 433 845 482 num.
863 411 928 484 39:
959 414 1014 485 tir
1045 428 1079 494 et

142 507 263 576 molier
287 503 544 574 Ultraieetensea
575 503 729 574 timentes
756 505 1031 596 impedimentum
1058 531 1077 580 a

143 600 428 689 parantibus,cnm
444 597 484 665 ad
497 595 637 664 vicinam
647 598 763 668 urbem
773 602 1077 693 hcquisgranamsa

142 694 369 775 contulissem,
384 689 470 759 etibi
480 690 675 780 aliquandiu
692 694 811 764 morati
825 697 1077 768 matrimonium

142 787 394 865 contraxissent,
412 783 445 856 S.
469 784 505 853 C.
528 785 677 854 consulta
698 807 800 876 super
817 790 983 860 validitate
1003 812 1078 861 cen·

141 883 205 951 suit
225 879 479 971 exprimendum
505 887 646 967 tempus
679 901 746 969 qno
776 883 1010 954 contrahentes
1039 887 1079 953 ll·
1165 885 1170 894 '

142 977 342 1066 quisgrauae
359 983 565 1054 manserunt,
581 974 669 1061 qnod
687 973 714 1041 si
732 973 833 1043 luerit
847 976 963 1047 saltem
978 977 1079 1049 unius

142 1068 288 1149 mensis,
313 1068 454 1136 dandam
486 1085 557 1134 esse
591 1065 792 1135 decisionem
815 1089 876 1157 pro
894 1070 1076 1154 validitate,

142 1162 233 1246 alias,
258 1174 296 1231 ut
314 1160 427 1229 subdit
446 1160 643 1247 Fagnanns,
666 1161 706 1228 de
725 1180 809 1229 novo
838 1164 1077 1233 recurrendum

142 1257 173 1325 in
192 1253 500 1343 congregatione.»
514 1252 723 1341 llucspectat
743 1255 867 1325 decisio
886 1257 921 1325 S.
939 1257 1080 1347 inquisi-

141 1350 238 1419 tionis
252 1348 319 1418 diei
339 1346 359 1415 6
383 1347 462 1415 Nor.
486 1343 579 1413 l8ltd
599 1347 769 1436 sequentis
787 1351 930 1421 tenoris:
956 1351 1080 1420 eloan·
1197 1401 1199 1406 -

142 1463 197 1513 nes
210 1455 244 1513 et
256 1441 358 1511 ldaria
379 1438 576 1510 llechliniaa
594 1440 801 1511 domicilium
817 1443 977 1514 hebentes
994 1445 1079 1515 bon·

141 1536 255 1605 dinam
269 1532 738 1615 veniunt,etsineauotoritate
751 1545 785 1603 et
797 1535 928 1607 licentia
939 1559 1077 1608 suornm

141 1629 379 1711 Paroehorum,
392 1626 795 1699 unosolummodomense
809 1631 931 1722 elapso,
939 1632 1078 1701 londini

143 1723 392 1794 matrimonium
414 1720 626 1788 contrahunt.
662 1721 858 1809 Quaeritur,
882 1736 993 1794 utrum
1015 1725 1078 1796 hoc

147 1815 395 1886 matrimonium
417 1812 595 1881 invalidum
616 1818 659 1881 sit
681 1826 817 1904 propter
848 1818 1076 1908 supradictum

142 1910 312 1980 decretum
334 1908 435 1977 Conc.
459 1905 643 1976 Tridentini
665 1928 727 1976 nec
743 1909 845 1976 neta
875 1910 909 1978 S.
932 1912 1079 2001 Gangre·

142 2004 230 2091 gatio
248 2000 411 2093 reposuit:
437 2024 451 2066 a
476 1998 547 2069 Stet
566 1999 733 2089 Epistulae
753 1999 919 2072 Benedicti
940 2004 1006 2072 xlv
1038 2006 1078 2073 ad

143 2098 296 2187 hrehiep.
321 2095 506 2164 Gonnum.»
524 2093 704 2174 Quaeritur
718 2094 841 2182 itaque,
858 2117 900 2164 an
916 2098 956 2165 ad
972 2097 1079 2186 adipi·

141 2193 298 2261 scendum
322 2188 416 2279 quasi
437 2187 657 2268 domicilium,
681 2188 810 2276 praevia
832 2188 933 2258 unius
954 2189 1077 2277 mensis

141 2285 173 2354 in
193 2285 309 2374 aliquo
325 2284 398 2351 loco
411 2280 571 2349 habitatio
592 2281 698 2349 solum
717 2283 859 2370 spectari
874 2282 1004 2368 debeat,
1022 2303 1078 2352 ea·

141 2400 204 2468 qua
225 2389 356 2448 tantum
377 2375 417 2444 ad
440 2374 689 2443 matrimonium
710 2376 985 2455 contrahendum,
1005 2377 1079 2447 abs·

141 2494 202 2561 qne
217 2473 287 2541 ulla
302 2468 405 2538 animi
420 2468 655 2545 declaratione,
667 2468 859 2559 requiratur
872 2491 911 2538 ac
923 2470 1080 2542 sufficiat

142 2565 221 2636 Sunt
236 2564 295 2656 qui
315 2562 418 2632 innixi
441 2562 637 2631 auctoritate
658 2562 826 2632 Benedicti
837 2564 903 2632 XlV
922 2578 956 2635 et
972 2565 1005 2633 S.
1025 2566 1078 2634 ln·

141 2658 331 2748 quisitionis
351 2655 531 2734 decisione,
547 2656 753 2726 confidenter
771 2660 973 2747 respondent
988 2660 1079 2728 suffi-

140 2774 214 2823 cere
235 2752 311 2821 iura
332 2751 476 2841 quodam
496 2769 579 2817 novo
598 2749 698 2818 unius
719 2749 841 2819 mensis
862 2772 1005 2833 moram,
1029 2765 1077 2821 et·

141 2845 236 2916 iamsi
258 2866 295 2914 aa
314 2845 372 2913 irat
392 2841 512 2911 intuitu
533 2842 735 2911 matrimonii
757 2844 911 2927 ineundi,
935 2857 967 2914 et
990 2845 1077 2928 illico

139 2938 331 3009 recedendi.
354 2937 434 3005 Vide
455 2932 528 3004 Mel.
551 2932 680 3020 Theol,
703 2932 768 3005 shr.
791 2937 824 3018 l,
846 2959 877 3024 p.
901 2935 981 3020 aot,
1009 2936 1074 3008 sdr.

141 3032 182 3114 2,
201 3056 235 3122 p.
258 3030 340 3114 aaa,
363 3027 429 3101 ser.
449 3028 483 3112 3,
513 3050 545 3117 p.
567 3027 648 3112 348,
667 3041 700 3099 et
718 3030 794 3099 llev.
817 3027 930 3101 antor.
953 3029 1017 3102 ser.
1041 3030 1075 3114 3,

139 3148 173 3215 p.
205 3125 264 3195 25.
294 3125 357 3193 hlii
383 3133 500 3213 patant
519 3143 593 3190 oum
615 3124 770 3211 Fagnano
790 3124 956 3214 praeviam
977 3124 1077 3193 unius

141 3221 265 3289 mensis
284 3217 523 3287 habitationem
544 3216 696 3285 sufficere
719 3218 930 3286 «dummodo
953 3237 990 3285 ea
1011 3238 1078 3286 nnn

138 3311 183 3380 sit
201 3311 420 3381 recreationis
439 3310 565 3399 gratia,
590 3309 707 3378 autad
728 3311 851 3380 ruralia
874 3311 1074 3393 exercenda,

140 3406 205 3474 alia
223 3417 282 3475 ant
297 3426 334 3472 ex
352 3404 441 3474 brevi
457 3423 592 3472 cansa.»
607 3402 678 3470 Non
695 3402 814 3472 desunt
828 3406 885 3493 qui
903 3406 1078 3495 requirunt

137 3497 378 3568 habitationem
400 3499 433 3566 in
453 3498 526 3566 loco
547 3517 607 3586 per
627 3495 785 3565 maiorem
816 3498 893 3566 anni
924 3510 1074 3588 partam,

248 3630 285 3682 Da
302 3626 461 3684 Matrimonia
978 3631 1008 3678 tr
