2642 4175
342 345 386 388 nn
406 344 682 391 Pnoenmrarmus
700 346 899 392 nrnrnruom1
976 333 1041 393 397

149 442 240 532 puris
261 443 359 510 etiam
375 443 462 532 apud
478 442 779 512 lnlidelesuxorum
798 444 1021 532 pluralitatem
1036 468 1092 515 au·

25 581 28 587 ,
151 536 409 604 tumassetsNec
423 535 643 605 omittendum
665 539 752 626 quud
774 538 869 606 lncob
888 539 920 605 in
942 540 1091 629 llesopo·

151 629 287 697 tamiam
300 627 477 696 Gentilium
499 630 671 715 regionem
685 652 723 699 os
738 631 986 701 Labanlnfideli
1009 634 1091 702 duas

153 723 225 790 eius
257 722 344 789 silias
364 723 454 790 tiam
474 734 507 790 et
528 722 704 792 Rachelam
733 725 794 793 sibi
816 726 850 793 in
879 725 1094 795 matrimonio

153 815 405 904 iunxerit,quod
421 816 632 904 perpendens
646 815 895 906 &Augustinus
913 819 946 886 id
965 819 1054 888 licite
1073 840 1092 888 a

153 910 272 978 Iacobo
291 908 412 976 fectum
434 908 491 991 ait,
514 922 650 999 propter
671 930 760 995 eum,
783 911 842 1000 qui
860 912 1093 998 tuncvigehct,

154 1022 283 1089 morem
305 1000 553 1091 inculpabilem.
577 1001 753 1085 «Quando
783 1024 854 1072 mos
884 1016 956 1074 erat
976 1005 1090 1093 (verba

153 1108 233 1166 sunt
248 1094 398 1165 eiusdem
414 1094 448 1164 S.
465 1096 670 1187 Augustini),
686 1110 858 1186 peceatum
878 1116 946 1165 nou
964 1100 1046 1180 erat,
1063 1109 1097 1167 et
1179 1116 1180 1123 ’

152 1209 246 1260 nunc
263 1199 439 1278 propterea
459 1189 586 1259 crimen
602 1203 663 1272 est,
680 1191 761 1279 quia
779 1211 850 1259 mos
866 1210 933 1259 nnn
951 1191 1036 1258 est.»
1055 1191 1111 1258 m

153 1306 190 1353 re
212 1282 348 1372 quidem
369 1302 457 1365 vera,
476 1282 505 1350 si
525 1283 691 1353 Romanus
711 1283 951 1373 exceperimus,
975 1283 1032 1373 qui
1052 1284 1097 1351 le·
1137 1318 1155 1359 ς

153 1377 253 1469 gibus
286 1373 355 1445 suis
386 1373 612 1466 Pulygamiam
643 1378 875 1447 simultaneam
908 1386 1100 1446 constanter

155 1470 365 1552 reiecerunt,
392 1467 476 1538 aliae
496 1468 616 1538 Gentes
642 1470 675 1539 in
702 1491 739 1540 ea
762 1470 965 1542 admittenda
984 1469 1098 1539 riden-

153 1577 211 1634 tur
231 1562 477 1652 quodammodo
501 1563 722 1652 conspirasse.

219 1652 344 1744 Duplex
364 1667 474 1724 autem
510 1657 574 1726 fuit
593 1657 808 1748 dispensandi
840 1677 937 1726 eausa
960 1677 1035 1726 cum
1055 1658 1098 1724 A·

156 1747 340 1831 brohamo,
362 1749 588 1839 caeterisque,
611 1752 669 1840 qui
691 1762 764 1840 post
783 1751 945 1819 diluvium
966 1750 1095 1833 vixere,

157 1846 200 1913 ad
228 1841 540 1931 multiplicationem
561 1863 682 1934 nempe
699 1843 836 1932 generis
855 1843 993 1911 humani
1010 1893 1019 1925 ,
1038 1863 1100 1912 neo

159 1957 229 2006 non
250 1936 290 2003 ad
311 1935 500 2024 aliquorum
534 1937 768 2026 mysteriorum
802 1935 1096 2022 significationem:

159 2033 205 2100 ita
225 2028 261 2099 S.
279 2027 401 2099 Paulus
415 2028 448 2097 iu
463 2050 516 2119 ep.
538 2030 578 2098 ad
599 2028 729 2099 Galatas
745 2048 818 2118 cap.
835 2027 885 2096 4⁰:
905 2051 919 2094 c
936 2026 1000 2098 Per
1017 2026 1101 2097 duas

159 2121 343 2193 Abrahami
372 2143 490 2191 uxores
512 2122 626 2191 Sarum
649 2135 682 2192 et
709 2124 797 2210 Agar
823 2120 1018 2211 mysterium
1040 2121 1100 2189 ali·
1158 2143 1164 2152 ·

159 2219 250 2309 quod
268 2215 492 2305 significatum
516 2215 652 2285 luisset
676 2216 820 2286 affirmat
840 2213 876 2285 S.
896 2212 1102 2301 Augustinus

159 2313 334 2402 disputans
354 2322 468 2378 contra
489 2309 661 2394 Faustum,
686 2321 719 2379 et
738 2319 880 2377 tractatu
901 2306 1046 2375 secundo
1066 2305 1100 2374 in
1125 2369 1127 2374 .

159 2406 334 2487 loannem,
352 2404 432 2492 quid
455 2425 516 2494 per
533 2413 679 2493 quatuor
697 2423 818 2472 uxores
836 2400 958 2484 lncobi,
980 2419 1103 2487 nempe

160 2498 274 2581 Liam,
296 2497 492 2580 Rachelem,
516 2497 671 2586 Zelpham
693 2508 726 2566 et
744 2495 856 2587 Belem
878 2494 978 2563 luerit
997 2493 1102 2581 signi·

161 2591 297 2661 ficetum
320 2591 453 2680 exponit
475 2590 574 2682 (Vide
594 2590 832 2664 Bellarminum
855 2589 913 2657 lib.
934 2587 951 2654 l
975 2587 1017 2655 de
1034 2587 1101 2655 lla·

158 2686 254 2755 trim.
276 2705 304 2752 o.
327 2684 377 2774 dl.
401 2685 441 2752 m
461 2705 536 2752 cum
558 2684 611 2769 iis,
632 2684 783 2774 quiante
800 2683 960 2752 diluvium
977 2680 1100 2763 vixere,

161 2780 254 2848 nulla
275 2778 359 2846 iacta
378 2788 427 2846 est
446 2777 671 2866 dispensatio,
693 2778 804 2846 nullus
824 2775 912 2844 enim
933 2775 1099 2842 lusturum

161 2883 241 2941 ante
257 2872 418 2940 diluvium
440 2871 572 2959 legitur,
587 2871 675 2960 quod
693 2871 806 2957 plures
823 2866 955 2936 duxerit
968 2886 1101 2934 uxores.
1172 2875 1173 2878 ’

162 2964 319 3034 Omnium
330 2965 457 3054 primus
469 2963 610 3032 Lamech
624 2984 661 3032 ex
673 2960 863 3050 stirpellain
873 2959 903 3027 id
918 2958 1101 3041 attentavit,

163 3071 360 3135 nontamen
377 3059 448 3127 sine
468 3055 559 3145 gravi
575 3057 683 3145 culpa,
701 3066 733 3123 et
746 3054 1017 3143 reprehensione,
1031 3063 1101 3120 uta

164 3152 199 3221 S.
223 3153 391 3222 Ecclesiae
410 3151 564 3221 Patribus
583 3150 646 3219 luit
665 3150 884 3217 adnotatum:
916 3164 1027 3232 neque
1049 3164 1100 3225 ea,

162 3268 251 3336 quae
271 3244 546 3335 multi-plicatione
573 3243 712 3324 humani
733 3240 866 3329 generis
886 3239 1024 3306 deducta
1046 3256 1102 3304 su-

165 3342 279 3428 perius
297 3340 383 3410 ratio
406 3339 491 3423 luit,
515 3339 583 3407 ullo
605 3337 702 3406 modo
721 3336 776 3402 hic
800 3343 910 3421 urget.
932 3331 1101 3419 longaeva

6 3478 7 3485 κ
162 3434 331 3524 siquidem
354 3432 527 3501 hominum
549 3442 625 3500 ante
643 3429 802 3499 diluvium
832 3429 896 3495 vita
924 3423 1100 3512 multiplici

6 3524 7 3609 ζ
163 3530 260 3616 prule
279 3525 509 3616 suscipiendae
530 3545 642 3615 parem
658 3525 773 3609 fuisse,
795 3543 860 3591 non
880 3531 929 3591 est
948 3517 1102 3587 dubium.
