2642 4175
287 370 351 427 134
568 388 570 395 ·
621 377 725 423 cnrur
741 377 787 420 111.

237 496 293 551 tur
313 481 437 568 ineque,
460 499 501 546 an
529 476 762 567 postmortem
785 475 881 559 eius,
904 475 962 564 qui
983 473 1179 563 religionem
1241 545 1253 569 κ
1317 556 1318 565 ¹

239 573 407 662 professus
427 571 501 653 luit,
523 580 581 639 aut
600 589 711 639 sacros
725 594 726 597 ¹
742 567 880 638 Ordines
900 567 1068 656 suscepit,
1090 570 1179 638 alter

238 667 345 735 valide
363 663 612 734 matrimonium
631 661 717 730 inire
736 662 865 751 qneet‘l
882 661 1039 731 Nonnulli
1059 660 1175 731 Docto-

239 780 293 829 res
319 758 503 847 generatim
533 755 742 826 affirmarunt
772 753 935 824 eiusmodi
962 754 1175 824 matrimonia

239 852 335 921 irrita
355 872 438 935 esse,
460 852 549 940 quad
569 848 603 918 in
624 869 663 918 eo
684 868 784 930 cusu,
805 869 978 937 quonnus
997 847 1176 936 coniugum

237 944 434 1033 religionem
455 943 647 1033 profitetur,
680 954 793 1011 votum
813 942 950 1011 alterius
973 941 1124 1029 coniugis
1141 941 1177 1009 in

238 1038 369 1108 saeculo
389 1039 553 1107 manentis
572 1056 632 1124 per
650 1036 827 1124 quamdam
842 1034 1175 1104 communicationem

238 1130 339 1202 veluti
359 1130 611 1211 solemnizetur,
641 1141 741 1216 atque
761 1128 843 1197 adeo
875 1128 1008 1216 nuptias
1027 1126 1172 1196 dirimat

238 1225 275 1293 ln
295 1245 373 1292 casn
391 1236 514 1304 autern,
536 1242 602 1312 quo
615 1220 668 1288 vir
684 1220 724 1289 ad
743 1241 854 1290 sacros
865 1220 1004 1291 Ordines
1024 1240 1179 1290 conscen-

238 1316 297 1398 dit,
319 1327 487 1405 superstes
510 1314 631 1382 mulier
652 1334 719 1382 non
739 1315 768 1383 vi
790 1315 867 1396 voti,
890 1316 946 1384 sed
965 1335 1004 1383 ex
1024 1334 1096 1382 can.
1121 1311 1176 1381 Sn-

238 1428 350 1477 nnrru
369 1408 445 1476 dist.
468 1406 512 1475 32
532 1408 773 1503 vetatur‘alteri
794 1408 945 1490 nubere,
969 1421 1002 1477 et
1033 1408 1060 1476 si
1087 1407 1177 1495 quod

238 1502 279 1570 ab
299 1501 368 1591 ipsa
389 1501 636 1570 matrimonium
658 1512 862 1581 attentetur,
899 1501 1014 1570 eodem
1043 1501 1178 1571 Ganone

238 1595 373 1664 omniuo
405 1593 537 1662 irritum
558 1593 812 1682 pronuntiatum
837 1594 1034 1682 quinetiam
1056 1593 1178 1682 aliqui-

239 1688 301 1756 bus
322 1688 410 1763 visus
430 1699 480 1756 est
496 1687 530 1755 in
546 1699 689 1776 utroque
704 1708 781 1756 casn
795 1687 908 1757 Canon
937 1685 1092 1756 Samarra
1114 1686 1179 1755 sibi

239 1782 351 1849 iocum
371 1780 538 1849 vindicare
549 1803 559 1864 ;
581 1801 641 1870 par
655 1781 744 1848 enim
764 1781 848 1849 ratio
866 1780 975 1850 inesse
992 1781 1123 1849 videtur
1139 1801 1181 1847 n-

241 1873 354 1962 triqne
373 1873 507 1962 speciei,
523 1874 730 1943 reverentiae
744 1873 895 1942 videlicet
914 1886 983 1942 tum
1004 1873 1180 1962 religiosae

243 1967 452 2055 professioni,
475 1977 545 2036 tum
567 1967 669 2035 sacris
688 1965 868 2036 Ordinibus
885 1967 1100 2036 exhibendae.

277 2157 350 2209 liene
367 2154 569 2223 disputetionenn
582 2152 614 2206 de
633 2162 744 2222 utreque
763 2154 822 2206 irati
840 2155 925 2224 specie
939 2157 989 2208 late
1001 2155 1104 2208 disserit
1115 2159 1181 2207 sne-

238 2234 302 2285 ebez
330 2232 363 2284 de
392 2231 505 2284 Matrim.
535 2231 582 2284 lib.
602 2236 637 2294 l,
661 2230 729 2300 disp.
748 2236 781 2283 32
805 2241 832 2284 et
849 2238 892 2285 to.
912 2232 978 2285 vide
995 2235 1072 2287 etiam
1092 2233 1182 2286 Bene-

239 2312 339 2363 dietum
358 2308 419 2363 xiv
438 2309 470 2360 de
489 2308 553 2375 Syn.
574 2308 693 2361 Dioeces.
712 2307 758 2361 lib.
778 2314 820 2372 13,
835 2326 893 2378 cap.
907 2315 949 2373 ts,
969 2328 997 2363 n.
1017 2318 1045 2363 ll
1067 2319 1161 2382 etseq.

658 2599 753 2688 gns.

444 2779 488 2835 Ite
506 2777 730 2849 impedimentis
748 2781 975 2841 dirimentibus.

286 2967 525 3057 impedimenta
547 2970 749 3055 dirimentia,
769 2974 797 3042 si
828 2973 879 3043 ius
905 2973 1078 3065 antiquum
1099 2997 1178 3066 spe·

239 3073 356 3139 cietur,
373 3061 417 3130 rb
439 3064 604 3134 recenseri
624 3087 641 3134 a
664 3066 849 3137 Cenonistis
869 3088 906 3136 ac
933 3068 1099 3157 theologis
1118 3091 1177 3139 so·

239 3157 321 3225 lent.
343 3155 401 3225 llis
421 3157 487 3227 dno
507 3157 563 3226 alii
597 3160 741 3242 addunt,
771 3160 870 3230 veluti
903 3181 962 3251 par
988 3162 1176 3231 Concilium

239 3248 468 3319 Tridentinnm
488 3250 627 3321 inrecta.
645 3251 763 3323 Omnia
788 3265 898 3323 autem
926 3254 1009 3324 haec
1032 3254 1173 3344 impedi·
1234 3328 1237 3331 ,

240 3343 549 3422 mente,memoriae
563 3344 722 3415 iuvandae
738 3347 906 3429 causa,his
919 3348 1174 3418 versiculiscon-

239 3433 405 3539 sinentur,
428 3448 461 3506 et
488 3458 575 3527 quae
600 3439 768 3528 prioribus
789 3442 1012 3523 adnotentur,
1035 3452 1112 3511 sunt
1131 3443 1175 3511 de

241 3547 313 3597 rnre
332 3529 458 3616 reteri,
481 3533 814 3619 quaererodnobus
833 3534 1009 3623 postremis
1025 3534 1182 3605 versibus
