2642 4175
269 360 335 419 280
605 372 709 448 οιιιιι
724 347 772 417 ιιι.

224 473 329 541 torma
350 493 367 540 a
388 470 479 539 'lrid
502 470 729 561 praescripta,
751 489 818 541 non
838 469 968 540 luerit
959 490 993 539 ιιι
1012 468 1055 539 iis
1074 470 1164 539 oele-

222 557 358 635 beandis
373 575 512 648 servata,
534 564 715 633 dummodo
730 564 820 634 aliud
840 585 906 634 non
926 562 1092 634 adstiterit
1106 584 1162 632 ea·

223 657 378 728 nonioum
401 657 690 766 impedimentum,
712 679 773 747 pro
793 658 909 728 validis
928 657 1079 726 habenda
1107 677 1161 726 es·

221 773 282 834 se,
305 750 501 842 adeoque
474 773 503 820 st
523 751 694 840 contingat
719 763 901 843 utrumque
920 751 1098 840 coniugum
1119 752 1161 819 ad

222 846 404 915 catholicae
429 844 596 915 Ecclesiae
620 844 731 914 sinum
764 866 799 915 se
832 845 1006 935 recipere,
1040 846 1159 914 eodem

222 961 290 1029 quo
310 952 406 1010 anteo
426 939 593 1029 coniugali
612 939 742 1009 vinculo
761 939 849 1028 ipsos
875 939 1012 1008 omniuo
1032 938 1158 1021 teneri,

222 1033 352 1102 etiamsi
380 1044 516 1102 mutuus
545 1053 725 1102 consensus
745 1053 857 1102 eoram
876 1032 1026 1101 Parooho
1047 1031 1161 1101 natho-

220 1126 285 1196 lioo
304 1127 345 1195 ab
366 1126 406 1196 iis
426 1148 492 1196 non
511 1141 701 1209 renovatum
724 1126 775 1196 sin
796 1139 908 1216 autem
927 1145 1013 1195 unus
1032 1135 1161 1195 tuntum

222 1241 260 1289 ex
280 1220 492 1309 coniugibus,
511 1221 579 1290 sive
600 1221 779 1304 masculus,
797 1221 864 1290 sive
883 1220 1004 1289 lemine
1025 1239 1162 1289 conuer-

219 1325 338 1397 totur,
361 1326 519 1384 neutrum
540 1315 658 1420 posse,
689 1314 849 1403 quamdiu
878 1315 962 1385 altar
993 1326 1163 1402 superstes

222 1407 299 1490 erit,
321 1407 362 1475 ad
383 1407 464 1476 olias
481 1407 613 1498 nuptias
633 1408 787 1477 transire
817 1406 853 1474 2⁰
873 1407 963 1477 Idem
984 1407 1161 1476 ditandum

222 1520 294 1568 esse
313 1500 354 1567 de
375 1500 597 1570 matrimoniis
615 1501 724 1571 mixtis
754 1501 789 1569 in
808 1501 924 1570 iisdem
947 1501 1149 1590 pariterue
1093 1500 1163 1568 loe-

224 1592 347 1661 deratis
366 1593 470 1682 Belgii
489 1595 688 1682 provinciis,
711 1587 838 1702 absque
863 1594 966 1663 lorma
987 1614 1005 1662 a
1023 1592 1163 1662 Triden-

225 1680 293 1754 tino
307 1696 441 1765 statuto,
455 1688 605 1777 adeoque
620 1709 656 1757 ea
677 1687 900 1772 matrimonia,
916 1687 982 1757 alio
997 1707 1064 1755 non
1084 1707 1163 1755 eon-

225 1793 381 1850 eurrente
402 1781 560 1851 canonico
595 1781 857 1872 impedimento,
884 1781 989 1850 valide
1009 1780 1163 1849 babendo

226 1892 317 1956 esse,
341 1885 375 1942 et
393 1884 549 1944 neutrum
569 1896 608 1944 ex
627 1875 847 1964 coniugibus,
869 1875 975 1944 donec
1002 1875 1088 1943 aller
1105 1894 1164 1943 eo-

228 1985 302 2034 rum
322 1968 550 2057 supervixerit,
571 1970 737 2038 ullatenus
756 1988 863 2058 posse,
879 1969 941 2037 sub
958 1967 1095 2037 obtentu
1113 1967 1164 2035 di-

230 2070 301 2130 ctae
320 2060 447 2132 lormae
477 2083 543 2132 non
571 2074 740 2148 servatae,
767 2082 887 2132 ¹nouum
910 2059 1161 2131 matrimonium

228 2153 326 2224 inire.
356 2153 392 2223 3⁰
413 2156 578 2247 Quidquid
601 2157 761 2226 haetenus
785 2157 948 2226 sanoitum
969 2156 1163 2244 dictumque

225 2261 300 2333 est,
324 2248 465 2340 intelligi
487 2251 584 2320 etiam
607 2252 648 2319 de
667 2250 832 2320 similibus
852 2249 1084 2331 matrimoniis,
1107 2270 1163 2316 ex-

225 2351 275 2410 tra
309 2343 391 2413 fines
422 2344 561 2413 dominii
597 2346 779 2413 eorundem
806 2343 1050 2412 foederatorum
1070 2341 1164 2410 ordi-

223 2456 303 2502 num
324 2439 500 2505 eontractis
520 2438 599 2507 ab
578 2460 629 2519 us,
650 2461 706 2529 qui
699 2438 843 2507 addicti
862 2448 941 2506 sunt
955 2435 1159 2524 legionibus,

223 2549 283 2596 seu
304 2529 503 2599 militaribus
521 2531 643 2639 copiis,
672 2552 757 2622 quae
778 2532 819 2600 ab
840 2531 957 2600 iisdem
977 2528 1159 2599 laederetis

223 2621 397 2690 ordinibus
416 2624 594 2694 transmitti
614 2626 723 2694 solent
752 2626 792 2694 ad
809 2624 1060 2706 custodiendas,
1084 2642 1159 2690 rnn-

222 2713 360 2784 niendaa
345 2736 428 2804 que
446 2737 539 2787 arces
554 2720 787 2802 conterminas,
804 2719 903 2825 vulgo
921 2717 1024 2786 dictes
1040 2717 1077 2784 di
1089 2717 1163 2785 der·

221 2808 320 2888 riern,
341 2808 519 2880 dummodo
540 2824 649 2881 tanuen
671 2824 813 2902 uterque
830 2810 949 2880 coniux
969 2810 1008 2879 ad
1024 2808 1160 2879 easdem

224 2902 357 2990 copias,
376 2903 444 2972 sive
476 2905 625 2994 legiones
649 2907 828 3013 pertineat
847 2904 885 2972 [ιο
906 2905 992 2973 hane
1010 2904 1162 2973 declara·

224 2994 347 3064 tionem
362 2999 536 3087 complecti
553 2999 652 3068 etiam
667 2999 831 3069 civitatem
846 2999 954 3068 Mosae
968 2997 1160 3066 Traiectan·

224 3087 292 3174 sis,
320 3111 337 3158 a
367 3088 547 3181 Republica
573 3092 820 3172 loederatorum
848 3093 1162 3197 ordindm,t1uam·

223 3181 270 3252 vis
289 3204 356 3252 non
371 3184 445 3253 iure
464 3186 615 3270 dominii,
635 3187 692 3254 sed
714 3197 841 3255 tantum
859 3183 1159 3275 oppignorationis,

223 3287 261 3345 ut
287 3276 401 3356 aiunt,
410 3281 557 3348 nomine
582 3300 781 3368 possessam.
804 3278 840 3347 5⁰
861 3278 913 3349 Nil
945 3277 1080 3346 decerni
1102 3288 1162 3346 aut

156 3387 160 3395 ·
224 3364 385 3445 deelarari
400 3373 440 3441 da
454 3372 629 3461 coniugiis,
646 3394 732 3463 quae
746 3374 821 3443 vel
813 3393 846 3441 ιιι
859 3370 1054 3460 regionibus
1069 3369 1160 3477 prin·

224 3460 333 3568 ripum
355 3464 594 3534 catholicorum
615 3468 655 3535 ab
678 3467 875 3536 habentibus
894 3464 1132 3534 domicilium
1124 3484 1159 3531 ιιι

224 3553 403 3641 provinciis
420 3558 625 3629 loederotis
616 3572 784 3642 ineuntur,
803 3562 853 3630 vel
871 3560 911 3628 de
929 3558 1005 3642 illis,
1025 3557 1163 3647 quaein
