2642 4175
446 393 490 437 nn
507 392 638 438 nannum
656 394 854 439 nnrmuonn
1003 381 1067 439 107

175 490 317 578 proprio
348 489 455 558 valeat
479 489 670 559 testimonio
692 489 887 574 infirmare,
914 515 928 557 r
954 504 990 562 ut
1006 492 1117 582 inquit

179 583 394 652 innocentius
408 582 457 649 lll
477 582 511 650 in
528 605 601 673 cap.
627 581 695 651 Pan
725 603 808 652 runs
826 582 871 652 ltl
892 585 932 654 de
952 584 1087 655 Probat.
1104 609 1113 670 ;

179 696 277 744 secus
297 675 387 744 enirn
408 675 557 746 divortiis
576 688 609 745 et
623 707 624 711 ¹
639 678 811 747 adulteriis
830 680 881 746 ria
899 678 1113 768 aperiretur,

180 770 262 836 dum
283 790 384 858 quem
401 768 556 859 propriae
577 770 689 838 uxoris
704 772 912 859 poeniteret,
931 771 1026 841 facile
1041 794 1118 861 pos-

180 874 233 931 set
253 862 421 931 fictionem
443 883 623 932 consensus
640 865 801 950 allegare,
828 877 865 932 ut
883 864 945 932 sibl
966 866 1014 933 las
1030 876 1118 935 esset

181 956 224 1024 ad
243 956 324 1024 alias
345 956 478 1044 nuptias
497 959 683 1025 convolare.
705 956 737 1025 Si
758 958 931 1047 probatum
949 958 1049 1029 luerit
1064 981 1116 1027 re-

183 1049 256 1137 ipsa
278 1049 423 1117 defuisse
448 1070 644 1119 consensum
677 1050 896 1135 interiorem,
917 1070 979 1120 nec
998 1051 1117 1120 adduci

183 1142 254 1210 ullo
283 1143 383 1211 modo
403 1144 505 1232 possit
524 1144 591 1223 ille,
620 1143 680 1232 qui
704 1143 899 1214 interiorem
919 1164 1115 1213 consensum

184 1254 253 1304 non
273 1236 454 1324 praebuit,
490 1249 527 1305 ut
544 1257 661 1306 rursus
678 1237 863 1307 consentiat
892 1236 926 1305 in
947 1238 1118 1306 matrimo-

183 1328 296 1412 nium,
320 1340 398 1398 tnnc
418 1345 492 1419 post
512 1342 702 1419 reparatum
725 1331 809 1420 parti
830 1331 939 1399 laesae
959 1332 1118 1399 damnum

182 1422 414 1511 expletumque
429 1445 489 1512 pro
508 1423 680 1493 mendacio
700 1436 734 1493 et
753 1423 875 1493 iniuria
895 1422 1061 1493 Ecclesiae
1079 1423 1118 1491 il-

181 1515 250 1584 lata
271 1517 534 1604 poenitentiam,
567 1517 689 1606 poterit
710 1538 769 1606 per
801 1517 947 1587 iudicem
968 1517 1120 1586 ecclcsia-

182 1608 305 1678 sticum
322 1611 449 1678 nullum
468 1608 628 1680 declarari
649 1611 912 1693 matrimonium,
929 1632 991 1680 nec
1006 1609 1120 1681 licebit

182 1700 227 1771 ad
250 1701 331 1771 alias
349 1704 493 1773 transire
512 1704 669 1793 nuptias,
689 1704 752 1772 nisi
782 1716 857 1794 post
876 1704 1043 1773 licentiam
1064 1704 1120 1773 lu·

184 1794 269 1864 dicis
283 1796 508 1868 ecclesiastici.

233 1891 274 1958 nt
299 1911 392 1959 casus
415 1890 520 1980 magis
540 1891 715 1981 perplexus
729 1901 789 1974 est,
806 1889 832 1957 si
850 1890 876 1959 is
890 1890 948 1979 qui
962 1910 1035 1958 cum
1053 1911 1120 1959 una

186 1982 265 2052 ficte
287 1983 465 2068 consensit,
481 2005 556 2053 cum
571 1986 674 2054 altera
691 2004 767 2053 rere
787 1995 820 2053 et
836 1983 964 2053 sincere
981 2003 1119 2053 consen·

187 2075 278 2147 tirel.
302 2077 458 2148 Doctores
477 2099 618 2147 numero
636 2076 732 2167 pauci
752 2097 787 2145 se
806 2077 848 2145 ab
868 2076 930 2144 hac
949 2075 1121 2145 difficulta-

188 2170 336 2240 telacile
370 2172 558 2279 expediunt,
581 2172 661 2239 dom
682 2181 926 2240 asseranteum
946 2189 1022 2238 vere
1041 2189 1119 2237 con·
1184 2221 1188 2225 .

188 2264 340 2347 trahere,
366 2267 422 2354 qui
442 2265 529 2335 serio
550 2276 584 2334 et
600 2263 706 2332 libere
727 2274 860 2332 externa
881 2260 1051 2351 prolert
1025 2281 1120 2368 signo

186 2369 220 2427 et
248 2358 377 2441 verba,
401 2359 522 2448 quibus
543 2356 786 2427 matrincnialis
812 2374 992 2424 consensus
1011 2354 1120 2443 expri-

188 2461 312 2535 matur3
338 2452 489 2541 quamvis
508 2452 630 2520 lrabeat
648 2462 809 2521 statutum
830 2447 941 2518 animo
960 2468 1027 2518 non
1041 2468 1119 2517 con-

187 2544 344 2614 trahendi
363 2548 422 2615 sed
454 2545 654 2635 decipiendi
685 2543 856 2614 Ostentant
887 2542 1118 2612 auctoritatem

180 2637 336 2725 llagistri
357 2638 616 2722 Sententiarum,
633 2637 692 2728 qui
711 2638 790 2707 dist.
810 2634 901 2705 27
875 2658 923 2707 sto
942 2636 1116 2726 loquitur:

189 2754 205 2796 ι
223 2730 257 2800 Sl
278 2744 390 2801 autem
405 2732 514 2802 verbis
527 2732 690 2841 euplicant
707 2731 796 2821 quod
816 2742 924 2800 tamen
939 2731 1038 2799 corde
1049 2750 1118 2798 non

186 2826 320 2908 uolunt,
345 2826 372 2894 si
393 2846 459 2896 non
477 2826 521 2895 sit
538 2826 664 2895 coactio
684 2826 731 2894 ibi
751 2826 801 2895 vel
819 2826 915 2894 dolus
931 2823 1118 2910 ,obligatio

187 2919 243 2988 illa
263 2919 454 3000 verborum,
474 2917 821 3010 quibusconscntiunt
838 2917 1011 2987 dicentes:
1033 2916 1119 2984 acci-

187 3012 242 3101 pio
255 3024 289 3083 te
307 3012 341 3081 in
357 3013 475 3095 virum,
489 3026 522 3083 et
538 3033 599 3103 ego
617 3025 650 3083 te
664 3014 699 3081 in
711 3033 860 3092 uxorem,
869 3008 1117 3081 matrimonium

185 3107 278 3176 iacit.
305 3130 319 3172 r
343 3107 449 3177 liuius
471 3119 580 3176 autern
602 3108 786 3176 sententiae
811 3115 1013 3209 argumenta
1027 3114 1116 3184 sont,

187 3202 276 3289 qnod
298 3201 390 3270 fraus
423 3213 455 3271 et
491 3201 585 3270 dolos
605 3199 731 3270 nemini
751 3199 870 3267 debeat
889 3193 1118 3286 patrocinari,

187 3295 346 3384 quodque
365 3294 475 3363 omnin
504 3294 742 3402 propemodum
764 3287 974 3359 matrimonia
993 3288 1119 3357 incerta

187 3387 322 3471 locent,
343 3399 401 3456 aut
420 3387 566 3458 saltem
557 3409 592 3474 ιιι
613 3384 870 3456 controversiam
889 3394 922 3452 et
940 3380 1118 3451 discrimen

187 3481 447 3551 adducerentur.
481 3463 602 3551 Verum
635 3481 697 3550 hae
718 3478 863 3549 rationes
884 3475 1024 3546 alicuius
1049 3494 1120 3541 mo·

189 3574 290 3668 menti
305 3585 427 3655 essent,
442 3595 469 3645 sr
461 3574 525 3643 de
540 3574 695 3644 humanis
710 3572 935 3643 contractibus
950 3579 1122 3658 ageretur,
