2642 4175
348 373 393 421 nn
407 369 642 419 nmnnmanrss
658 370 857 419 unrnmorn
955 359 1021 418 aab

135 469 242 555 stitit,
263 469 297 539 in
325 470 388 540 alia
423 468 580 560 parochia
608 468 814 538 domicilium
842 489 909 540 non
932 468 1065 554 babeat,

137 578 213 635 tnnc
237 565 426 655 parochus,
450 565 485 632 in
514 563 611 631 cuius
645 562 801 651 parocbia
822 575 873 634 est
900 577 1067 636 monaste·

136 659 221 729 rium
235 659 406 728 acdomus
422 656 509 740 heri,
530 657 676 746 puellam
697 655 731 725 in
753 657 965 728 matrimonio
988 680 1066 730 con·

137 752 265 841 iunget3
285 751 336 821 sin
357 764 468 822 antem
485 761 682 840 paternum,
706 761 905 838 maternum,
931 753 981 822 vel
1001 753 1066 824 lra-

137 859 267 915 teruum
288 845 493 915 domicilium
514 843 674 926 habebit,
697 855 776 914 tunc
809 843 990 931 Pnroohus,
1012 847 1064 917 cui

137 938 340 1010 domicilium
362 939 449 1008 idem
474 936 662 1020 subiicitur,
685 958 745 1027 pro
771 939 976 1010 conficiendo
996 961 1066 1011 mu·

137 1032 294 1103 trimonio
312 1052 468 1123 praeseus
485 1030 627 1101 assistet.
647 1030 685 1101 ln
706 1043 848 1121 utraque
868 1053 946 1102 vero
969 1054 1065 1122 paro·

136 1127 220 1209 chia,
241 1126 298 1198 ubi
317 1147 436 1216 nempe
452 1124 657 1194 domicilium
673 1126 950 1195 etmcnasterium
960 1128 1066 1215 posita

136 1220 323 1304 sunt,iuxta
337 1220 504 1289 Ecclesiae
524 1218 798 1289 consuetudinem
814 1218 1064 1290 matrimonium

138 1326 232 1383 antea
250 1312 538 1384 denuntiabitur.»
554 1312 658 1381 Porro
677 1312 757 1383 lost.
775 1310 820 1382 88
846 1314 998 1403 pluribus
1014 1335 1067 1384 cx·

138 1408 237 1496 plicet
252 1407 413 1488 Pontifex,
430 1427 490 1475 cnr
508 1405 540 1473 id
565 1405 827 1496 praescripserit,
840 1418 873 1476 et
886 1408 1065 1480 auctorite-

136 1513 199 1570 tem
221 1499 942 1583 tumclericati,tumCardinalisBarhadicos
956 1501 1063 1588 allent,

136 1595 191 1684 qui
208 1606 362 1664 asserunt
376 1593 409 1662 iu
427 1613 506 1662 casu
524 1593 613 1661 haud
629 1593 846 1664 omittendum
860 1595 1064 1666 domicilium

136 1700 309 1776 paternum
331 1708 390 1776 per
407 1686 471 1756 hoc
487 1688 575 1776 quod
595 1707 694 1756 causa
713 1688 918 1759 educationis
942 1690 977 1759 in
999 1710 1066 1760 mc·

135 1780 280 1850 hastario
298 1781 435 1868 degunt.
451 1780 487 1848 S.
505 1780 541 1849 C.
557 1779 592 1849 C.
612 1780 737 1869 pluries
754 1782 909 1867 decrevit,
927 1795 963 1852 ut
978 1782 1066 1853 idam

138 1873 290 1964 Episcopi
311 1895 371 1963 pro
391 1895 448 1943 sua
464 1873 606 1942 dioecesi
622 1874 945 1962 praescriberentur
958 1897 1068 1947 serra·

136 1980 222 2037 rent
240 1967 293 2036 Sic
306 1966 515 2037 eademSMC
531 1965 664 2057 abEpis
666 1967 1068 2056 copollugubinoaentcn·

136 2061 214 2130 tiam
229 2073 363 2152 rogata:
377 2062 448 2130 rho
465 2058 688 2130 matrimoniis
699 2060 900 2130 famularum
914 2062 1067 2132 assistere

136 2155 255 2224 debeat
273 2154 442 2224 Parochos
459 2153 618 2222 domicilii
634 2152 776 2243 paterni,
785 2156 1067 2244 seupotiusaltcr‚

135 2248 168 2316 in
188 2248 284 2318 cuius
311 2248 466 2355 parochia
480 2248 611 2336 puellae
625 2247 819 2317 famulatum
839 2248 1066 2337 praesumta

134 2330 272 2411 subdio
292 2340 339 2410 aa
359 2341 438 2411 mais
430 2337 551 2410 7788
566 2341 754 2449 respondit:
781 2367 795 2408 ι
814 2342 996 2432 Episcopus
1009 2363 1069 2432 per

135 2437 304 2507 decretum
325 2435 450 2514 iubeat,
470 2447 506 2504 nt
523 2434 744 2504 matrimoniis
759 2437 959 2525 puellarum,
982 2457 1069 2527 quae

135 2529 329 2598 famulatum
360 2527 505 2617 Eugnbii
526 2538 717 2617 praestant,
741 2529 871 2600 assistat
902 2529 1069 2600 Pnroohus

135 2622 293 2691 domicilii
313 2623 455 2712 paterni,
477 2622 630 2706 materni,
648 2624 784 2693 fraterni
806 2625 954 2695 eiusdem
970 2625 1063 2715 puel-

136 2716 198 2800 lae,
221 2727 386 2805 quatenus
406 2716 487 2784 illud
510 2715 653 2786 habeant
671 2717 704 2785 lo
732 2719 848 2788 eadem
865 2718 1019 2802 Civitate3
1040 2718 1068 2789 sl

135 2828 201 2879 non
228 2810 383 2892 habeant,
412 2809 542 2878 assistat
568 2810 733 2898 parochus
750 2811 921 2895 domicilii,
943 2811 978 2880 in
999 2833 1067 2902 qno

136 2902 279 2992 degunt,
297 2914 463 2993 quatenus
479 2903 513 2971 in
532 2903 653 2971 eedem
666 2902 797 2974 civitate
816 2905 1067 2974 matrimonium

135 2998 345 3067 contrahant.
365 3020 380 3061 a
403 2995 481 3065 llide
501 2996 602 3064 decis.
630 2994 760 3065 Pisaur.
781 2996 904 3078 Quarta
932 2998 1068 3068 lunera·

136 3087 186 3173 lis,
205 3089 250 3159 89
271 3089 346 3159 llail
367 3102 401 3161 et
423 3088 468 3158 86
488 3089 586 3157 lunii·
599 3086 702 3170 teau,
732 3111 771 3158 ac
802 3090 951 3161 Floreat.
986 3089 1067 3159 Bre-

137 3183 227 3270 phot.
247 3183 362 3266 Quoad
383 3182 461 3252 blut.
487 3180 530 3250 17
561 3181 652 3273 Sept.
681 3179 786 3253 1878.
813 3181 904 3263 Quae
923 3202 998 3251 cum
1020 3182 1065 3250 ita

137 3274 217 3361 sint,
238 3276 322 3345 illud
343 3276 377 3345 in
400 3276 538 3346 dubium
563 3277 740 3347 adducitur
760 3298 801 3347 an
822 3276 913 3346 hisce
933 3275 967 3346 in
985 3274 1069 3346 oasi-

137 3368 196 3438 bus
221 3370 290 3439 veri
320 3368 479 3439 domicilii
500 3366 666 3459 parochus
686 3370 730 3440 ita
751 3369 938 3442 necessario
956 3390 1068 3441 accer-

136 3463 254 3547 sendus
275 3461 339 3547 sit,
365 3474 402 3532 ut
422 3462 673 3533 matrimonium
705 3466 834 3534 nullum
870 3485 907 3535 ae
935 3464 1068 3535 irritum

137 3554 208 3626 iure
222 3566 412 3641 censeatur,
434 3556 462 3626 si
482 3577 593 3626 coram
614 3559 760 3648 parocho
784 3558 861 3627 iniri
882 3559 1065 3646 contingat,
