2642 4175
423 350 468 395 BE
482 349 612 395 NATURA
629 349 828 396 mammona
984 341 1045 397 121

151 448 283 520 fiebant
300 445 439 537 nuptiae
459 446 582 537 triplici
605 448 715 528 modo,
734 469 795 537 per
816 469 927 532 usum,
951 470 1013 538 per
1029 470 1096 520 em·

152 544 318 634 ptionom,
334 561 395 629 per
414 540 729 623 confarreationem
748 552 887 632 eratque
901 542 936 612 in
953 542 1094 614 arbitrio

154 636 219 706 viri
239 635 399 725 positum,
419 652 563 723 quonam
586 653 626 704 ex
640 632 692 703 his
711 635 826 705 mallet
844 657 980 707 uxorem
996 637 1096 707 dirce·

154 751 209 800 re.
225 729 343 818 ltaque
357 727 386 796 si
400 726 537 816 nuptiae
556 747 617 816 per
633 727 932 800 confarreationem
945 730 1093 800 celebra·

155 834 289 906 rentur,
312 831 383 889 tum
405 841 488 889 naor
507 831 580 890 erat
598 820 764 911 particeps
784 836 969 907 sacrorum,
991 823 1091 893 bono·

156 937 249 998 rum,
269 912 439 998 nominis,
461 924 495 983 et
511 913 684 1002 dignitatis
709 914 845 987 mariti:
867 916 894 984 si
913 937 974 1005 per
991 937 1090 986 usum

157 1020 194 1079 et
211 1006 438 1098 emptionem,
457 1027 526 1076 non
545 1007 651 1093 icem3
674 1008 715 1077 de
734 1029 803 1097 quo
822 1009 937 1079 confer
956 1008 1092 1098 Ludwig

157 1103 202 1171 de
215 1101 323 1170 differ.
342 1100 412 1170 Iur.
427 1101 525 1169 Rom.
544 1112 578 1171 et
591 1099 704 1170 Germ.
722 1100 755 1171 in
768 1101 889 1191 dignit.
912 1121 1006 1171 uxor.
1026 1102 1093 1172 dis·

157 1206 240 1266 sert.
261 1192 284 1261 2
303 1192 339 1262 in
357 1205 430 1263 not.
449 1192 500 1263 lit.
522 1194 568 1263 E.
586 1195 628 1262 dt
647 1195 815 1285 praedicta
837 1194 996 1279 conditio,
1012 1216 1094 1284 qua·

159 1301 257 1358 tenus
273 1286 362 1356 salios
379 1298 470 1356 arcet
487 1308 506 1356 a
526 1287 713 1372 nobilitate,
734 1289 943 1374 munoribus,
966 1300 1000 1359 et
1018 1308 1094 1358 soc·

157 1381 310 1450 cessione
328 1379 362 1449 in
378 1378 466 1450 hona
482 1390 620 1469 paterna
634 1381 774 1466 etevita,
791 1383 888 1472 plane
902 1382 1095 1452 adversatur

157 1474 225 1543 iuri
247 1473 430 1556 communi;
453 1474 725 1564 quandoquidem
739 1476 773 1544 in
789 1476 824 1544 t.
848 1474 916 1545 7ff.
936 1473 1095 1545 debonis

74 1580 80 1589 ’
158 1569 323 1649 damnat,
346 1566 429 1636 heco
448 1568 634 1656 leguntur:
660 1592 675 1634 r
699 1568 781 1638 Cum
804 1569 888 1639 ratio
907 1567 1094 1653 naturalis,

157 1660 255 1751 qnasi
276 1660 329 1730 tex
345 1659 507 1749 quaedam
527 1662 652 1744 tacita,
674 1661 790 1732 liberis
819 1676 996 1753 parentum
1016 1662 1096 1731 hae·

158 1754 339 1824 redientem
356 1752 503 1837 adiiciat,
525 1754 668 1825 velutad
686 1755 832 1826 debitam
850 1754 1094 1826 successionem

157 1869 217 1917 eos
232 1847 389 1931 vocando,
409 1849 648 1937 propterquod
663 1857 697 1917 et
711 1848 747 1918 iu
761 1849 836 1919 iure
853 1849 940 1919 civili
956 1868 1095 1919 suorum

158 1941 345 2010 tancredum
360 1960 483 2009 nomen
500 1940 551 2010 eis
569 1940 714 2011 inditum
735 1953 799 2012 est.
818 1966 833 2009 r
852 1945 899 2011 Ac
914 1962 958 2013 ue
972 1940 1096 2011 iudicio

161 2034 300 2125 quidem
320 2032 486 2123 parentis,
508 2034 572 2106 nisi
594 2034 723 2106 meritis
744 2035 937 2119 decausis,
962 2036 1098 2105 sobmo-

160 2128 229 2197 vcri
248 2126 293 2196 ab
311 2147 350 2195 ea
367 2127 575 2197 successione
593 2128 732 2218 possint,
753 2129 955 2218 aequissime
973 2128 1099 2197 iudica·

160 2233 231 2290 tum
254 2232 318 2290 est.
339 2218 373 2302 Si
394 2220 483 2290 enim
514 2220 600 2290 hona
632 2231 769 2310 paterna
796 2221 870 2290 iore
891 2220 1046 2300 scitatis,
1067 2230 1100 2289 et

162 2313 294 2384 ratione
316 2313 460 2384 naturali
480 2314 650 2398 dictante,
682 2313 848 2384 debentur
880 2313 970 2397 filiis,
1004 2312 1097 2402 ipsis,

159 2407 226 2477 nisi
239 2407 391 2496 ingratis,
403 2419 576 2498 nequeunt
589 2407 857 2498 auferriltaque
870 2407 953 2476 iltod
967 2415 1099 2496 pactum
1182 2421 1184 2426 ’

159 2513 276 2572 contra
298 2499 382 2571 iuris
398 2501 586 2571 communie
603 2504 765 2571 rationem
787 2502 959 2572 inductum
978 2499 1099 2590 proba·

160 2605 304 2684 tumque
327 2606 377 2664 est
396 2615 413 2662 a
435 2592 511 2664 iure
531 2594 655 2665 feudati
678 2594 721 2664 ob
747 2594 914 2685 duplicem
936 2614 1096 2676 causam,

161 2699 233 2756 tam
256 2699 295 2756 ut
315 2686 574 2758 incontinentiae
592 2688 737 2777 peccatis
757 2689 868 2758 aditus
895 2688 1099 2759 interclude·

159 2794 268 2865 meur,
289 2791 360 2849 tum
376 2793 413 2850 ut
430 2780 507 2866 filiis
523 2781 678 2870 exprimi
699 2781 914 2852 matrimonio
935 2779 1098 2869 susceptis

160 2885 221 2944 aut
249 2873 380 2963 agnetis
412 2894 472 2964 per
501 2874 697 2944 divisionem
730 2875 896 2946 bonorum
923 2895 1000 2945 cum
1022 2871 1101 2942 [iliis

162 2967 303 3039 secundi
321 2966 508 3058 inaequalis
528 2967 676 3057 coniugii
699 2968 941 3057 praeiudicium
962 2987 1029 3037 non
1054 2965 1101 3035 at·

162 3062 322 3145 ferretur,
344 3060 441 3131 etita
461 3060 609 3131 familiae
630 3062 761 3132 nobiles
777 3062 811 3131 in
829 3062 969 3151 pristino
988 3059 1102 3149 splen·

162 3156 245 3224 dore
265 3167 553 3238 conservarentur;
585 3154 687 3245 idque
708 3155 913 3244 reipublicae
940 3154 1101 3221 interesse

162 3247 271 3317 nisum
292 3259 355 3316 est.
377 3245 488 3320 Prima
506 3247 607 3317 huius
620 3247 706 3338 pacti
723 3246 849 3318 mentio
868 3247 907 3315 fit
923 3246 957 3313 in
974 3253 1062 3313 textu
1080 3240 1101 3310 2

163 3340 270 3409 Feud.
291 3336 349 3408 29.
372 3341 411 3409 dt
441 3361 501 3429 per
529 3340 626 3414 verba
663 3339 752 3409 itlius
773 3349 904 3422 textus,
927 3338 1007 3406 dum
1028 3332 1097 3407 ait:

167 3457 182 3499 r
206 3432 275 3502 Nec
291 3430 352 3501 filii
371 3433 513 3522 amptius
526 3432 672 3503 habeant
690 3433 731 3502 de
748 3430 846 3502 bonis
858 3430 975 3522 petris,
993 3450 1095 3521 quam

165 3524 285 3595 dixerit
303 3536 453 3614 tempore
465 3526 711 3615 sponsaliorum
726 3547 756 3594 r.
776 3546 827 3613 gr.
849 3526 963 3595 decem
983 3525 1101 3598 libres,
