2642 4175
320 341 363 386 nn
381 339 657 387 rnormunarraus
675 338 876 385 namucum
953 326 1020 385 417

132 438 189 509 tiis
208 457 345 527 agemtu
367 459 502 509 necesse
521 450 585 509 eat.
604 434 786 508 [liventium
813 458 833 506 a
861 440 1003 527 teredio
1018 441 1070 511 di·

132 545 216 615 stat,
242 543 279 603 ut
294 532 454 621 speciest
470 552 615 621 gauere:
637 531 738 601 latius
757 531 897 621 proinde
917 545 1008 622 patet
1019 555 1072 605 re·

132 626 286 718 pudium‚
309 627 397 716 qued
429 626 528 695 etiam
557 645 700 714 spamus
722 645 863 714 sponsae
893 625 973 698 dara
992 649 1072 699 cana

133 721 299 803 suererit3
321 724 388 808 leg.
406 718 487 794 lot,
508 732 541 790 et
557 719 620 789 lttt
645 719 681 788 ll.
700 720 742 788 de
762 719 853 791 verb.
875 729 908 788 et
929 741 997 790 rar.
1025 721 1072 792 si·

25 886 26 889 ,
134 812 347 903 gniqutepe
376 825 487 901 tamen
513 813 691 882 divortium
717 825 750 883 et
774 812 951 900 repudium
969 815 1072 886 veluti

133 907 309 1000 synonima
339 919 544 996 usurpantur
564 904 694 976 in‘iure
724 906 828 975 cirili.
862 905 1022 998 Theologi
1041 921 1075 979 et

132 1001 332 1071 Canonistae
352 1002 473 1090 duplex
491 1000 621 1073 divortii
638 1021 745 1089 genus
758 998 949 1089 'agnoscunt
966 1023 1006 1070 ac
1023 1023 1074 1072 se·

25 1112 27 1117 ’
132 1106 290 1172 cernunt,
313 1114 432 1183 nempe
450 1096 560 1185 quoad
582 1094 763 1176 vinculum,
779 1106 813 1163 et
830 1086 939 1183 quoad
961 1106 1073 1164 torum

133 1201 166 1258 et
177 1187 472 1259 cohabitationem.
483 1188 824 1257 lamverodirortium
837 1187 946 1277 quoad
961 1201 1072 1259 torum

133 1295 166 1352 et
186 1282 468 1351 cohabitationem
499 1293 699 1370 potestesse
719 1293 778 1351 aut
797 1293 996 1371 perpetuum
1017 1296 1075 1354 aut

25 1408 27 1415 =
134 1378 338 1464 temporale;
362 1390 562 1464 perpetuum
582 1388 653 1444 esse
673 1375 850 1447 divortium
870 1388 977 1465 potest
992 1378 1075 1445 duo·

25 1496 26 1499 ¹
133 1471 199 1539 bns
219 1471 338 1550 modis,
361 1469 469 1558 prime
491 1490 622 1558 nempe,
645 1471 724 1559 quta
744 1481 856 1540 ratum
877 1470 1075 1541 solemnem

25 1574 27 1591 ²
133 1563 346 1652 suscipiendo
367 1584 460 1631 sacro
481 1564 597 1633 ordine
619 1566 666 1633 rel
694 1564 896 1653 professione
917 1565 1073 1653 religiosa

25 1690 27 1707 a
133 1657 240 1727 fuerit
260 1656 418 1726 emissum
435 1657 477 1727 ab
497 1657 788 1747 unoconiugum,
814 1658 919 1728 altero
937 1680 1078 1729 eonsen-

25 1802 27 1831 ‚
134 1752 254 1833 tiente,
277 1763 311 1820 et
330 1751 605 1821 concurrentibus
624 1752 811 1841 requisitis,
838 1752 879 1822 de
900 1752 1021 1840 quibus
1042 1775 1077 1823 a·

134 1845 200 1915 lias
217 1856 343 1913 actum.
362 1843 513 1913 Seertndo
529 1845 571 1914 ab
592 1846 819 1927 adulterium,
841 1845 882 1913 de
903 1867 968 1933 quo
988 1867 1078 1916 nnnc

25 1942 27 1967 ³
133 1940 245 2009 fusius
263 1951 314 2019 est
334 1939 513 2026 agendum.
534 1938 651 2028 ltaque
671 1939 714 2007 ob
735 1938 929 2007 alterutrius
949 1940 1079 2009 adulte·

133 2034 227 2106 rium
246 2053 324 2122 pars
343 2033 522 2116 innocens,
545 2034 647 2103 altera
674 2044 768 2122 parte
792 2030 891 2101 etiam
911 2030 1023 2115 inrita,
1046 2045 1080 2103 et

136 2127 444 2197 reconciliationum
459 2138 604 2216 petente,
621 2128 695 2194 iare
707 2138 816 2215 potest
829 2126 863 2193 in
877 2137 1078 2214 perpetuum

137 2221 498 2314 separer-indonatum
530 2220 613 2290 haec
645 2230 695 2288 est
727 2220 878 2288 amnium
898 2218 1078 2288 catholico-

25 2313 26 2316 ’
137 2337 215 2384 rum
248 2316 409 2394 sententia
430 2315 565 2383 suffulta
585 2314 700 2382 llattlr.
732 2314 771 2395 V,
801 2311 863 2395 32,
885 2323 918 2382 et
941 2312 1021 2396 XlX‚
1041 2313 1075 2382 9.

25 2431 27 2438 ’
138 2408 225 2489 Quin
248 2407 315 2477 imo
334 2429 410 2495 pars
427 2409 586 2477 innocens
606 2407 723 2496 potest
739 2409 812 2477 siue
844 2406 981 2476 alterins
1000 2429 1079 2476 con-

138 2524 241 2572 sensu
261 2501 359 2570 vitam
381 2502 594 2572 monasticem
616 2501 790 2591 profiteri,
825 2504 875 2572 vel
900 2502 1004 2571 sacris
1019 2501 1079 2571 Or·

25 2669 26 2674 ,
139 2597 275 2664 dinibus
311 2594 435 2664 initiari
449 2618 457 2678 ;
481 2597 645 2665 adulterio
666 2597 754 2666 enim
776 2598 932 2678 admisso,
959 2597 1080 2666 coniux

140 2691 230 2759 cadit
251 2691 324 2757 iure
345 2688 378 2757 in
397 2690 534 2758 alterius
556 2710 675 2778 corpus
695 2691 862 2778 quaesito.
886 2693 927 2759 dt
946 2692 1081 2779 quaeri·

141 2797 209 2866 tur,
232 2804 313 2850 rrum
331 2783 450 2851 coniux
468 2783 626 2852 innocens
647 2785 835 2853 adulterum
853 2785 1022 2853 dimittere
1036 2799 1081 2852 te·

141 2877 289 2947 neatur‘l
323 2876 391 2956 Qua
413 2878 446 2945 in
476 2898 513 2945 re
544 2897 747 2965 quamquam
773 2876 904 2944 divortii
924 2877 1080 2952 [faciendi

142 2972 196 3041 ius
227 2990 382 3040 excausa
403 2969 557 3040 adulterii
579 2981 644 3037 tam
666 2970 759 3051 viro,
795 2991 895 3057 quam
915 2970 1080 3049 foeminae
1108 3047 1110 3062 ι

119 3076 323 3155 ,competere
345 3077 458 3133 contra
479 3086 518 3133 ec
537 3064 638 3143 sentit
654 3063 841 3146 Caietanus,
864 3064 952 3152 quod
971 3076 1080 3131 tamea

143 3159 384 3248 obligationem
404 3168 545 3247 spectat,
568 3158 725 3225 Doctores
752 3157 974 3225 communiter
994 3156 1082 3223 inter

25 3279 27 3338 j
142 3254 252 3322 uirum
275 3262 309 3321 et
328 3273 463 3321 uxorem
484 3252 663 3320 discrimen
682 3250 819 3318 faciunt.
843 3244 984 3319 sienim
1007 3271 1082 3317 rnu-

25 3387 27 3434 3
143 3347 210 3418 lier
229 3347 378 3415 adultera
398 3346 472 3428 luit,
495 3346 608 3434 plures
622 3356 773 3414 auctores
789 3354 907 3433 putant
925 3343 1080 3411 maritum

25 3441 26 3458 *
145 3443 311 3511 divertere
330 3439 465 3509 omnino
482 3440 616 3508 debere.
635 3439 716 3508 Nam
732 3437 827 3507 Prov.
839 3438 947 3521 lllllll,
963 3437 1019 3520 ⁰22,
1037 3438 1081 3506 ita

26 3613 27 3616 Ἴ
145 3536 309 3625 legimus:
335 3533 430 3614 «Qui
458 3534 590 3624 expellit
613 3533 788 3603 mulierem
809 3532 929 3603 bonam
950 3532 1084 3620 expellit

250 3670 288 3721 De
305 3665 465 3720 Matrimonia
982 3669 1014 3717 27
