2642 4175
333 388 378 431 ns
395 386 630 432 mrcnmmrms
648 386 849 436 meramnum
946 380 1011 438 335

118 495 202 553 runt
220 504 260 553 ex
291 475 438 550 civilium
460 483 635 553 ellectuum
665 485 847 575 privatione
867 488 1059 576 gravissima

120 579 255 660 damna,
272 586 343 645 tum
358 576 433 659 sibi,
451 587 520 644 tum
541 577 654 646 liberis
668 579 862 649 imminere.
877 581 947 649 Hoc
965 595 1060 671 pacto

120 670 194 738 iura
212 669 390 758 utriusque
408 670 579 760 potestatis
596 670 683 740 circa
699 669 947 743 matrimonium
970 676 1059 746 clare

122 763 258 832 delinita
280 772 359 831 sunt
378 782 417 830 ac
435 763 676 847 determinata,
700 764 826 855 integra
847 780 1004 853 manent,
1028 782 1063 844 ct

122 866 319 925 sartatecta
340 867 525 924 servamur.
548 856 643 924 Nulla
671 875 787 946 reapse
818 858 905 928 inter
935 872 1062 932 utram·

124 969 191 1038 que
210 959 409 1038 potestatem
441 970 575 1037 pugne,
599 970 673 1019 cum
695 950 930 1036 matrimonio,
953 956 1061 1044 quoad

123 1042 296 1110 vinculum
316 1094 325 1122 ,
346 1042 503 1124 Ecclesia,
528 1053 561 1110 et
579 1041 761 1132 Princeps,
785 1046 894 1133 quoad
927 1046 1063 1115 effectus

124 1146 255 1204 tantum
288 1134 423 1217 civiles,
446 1133 652 1204 conditiones
674 1138 821 1225 apponit.
843 1138 929 1207 Deus
949 1150 1064 1207 auctor

124 1228 215 1316 pacis
236 1237 275 1295 et·
289 1226 415 1295 ordinis
442 1240 618 1317 utramque
650 1238 846 1317 potestatem
866 1231 1061 1315 constituit,

125 1320 262 1409 utrique
279 1340 357 1388 suos
378 1321 461 1389 fines
481 1321 717 1410 praescripsit,
741 1322 826 1392 intra
846 1345 930 1412 quos
963 1343 1065 1413 quae·

125 1414 207 1483 libet
226 1413 396 1482 continere
417 1434 452 1483 se
470 1414 579 1483 debet.
1057 1483 1059 1488 ,

184 1507 226 1575 lit
240 1526 317 1575 vero
340 1526 505 1596 quaenam
526 1506 721 1576 adversariis
742 1508 826 1576 ratio
847 1520 921 1591 cst,
946 1531 1065 1600 quam-

126 1600 409 1688 obrem‘potcstas
440 1600 677 1688 impedimenta
703 1599 954 1670 matrimonium
984 1602 1067 1670 cliri-

127 1692 251 1762 mentia
269 1694 376 1781 quoad
398 1692 565 1760 vinculum
593 1690 814 1763 constituendi
836 1695 880 1762 in*
895 1694 1067 1785 Principes

127 1786 227 1880 etiam
250 1786 464 1854 conferatur?
483 1786 547 1875 lpsi
570 1786 663 1854 enim·
680 1786 784 1869 aiunl,
807 1788 921 1875 plures
942 1810 1067 1879 eosque

127 1899 243 1967 graves
263 1879 414 1947 doctores
434 1879 575 1960 docere,
605 1878 853 1947 matrimonium
878 1881 948 1949 sinc
969 1881 1068 1949 mini·

127 1985 195 2041 stro
218 1969 407 2054 Ecclesiae,
430 1982 464 2040 ct
482 1971 554 2040 sinc
574 1971 685 2061 aliqua
705 1971 877 2058 religionis
897 1993 1068 2043 caeremo-

127 2065 179 2133 nia
195 2064 327 2145 initum,
343 2083 409 2133 non
424 2085 496 2133 csse
511 2083 589 2133 rere
608 2076 640 2133 ct
657 2064 792 2153 proprie
805 2076 1065 2149 sacramentum,

127 2159 183 2227 sed
216 2157 645 2241 tamonverum,s1rmum
673 2169 706 2226 cl
738 2156 925 2245 legitimum
954 2159 1074 2226 matri·-

129 2251 277 2321 monium
309 2250 498 2319 habendum
519 2271 590 2319 esse
605 2273 614 2334 ;
650 2268 749 2338 quum
785 2249 919 2339 quidem
940 2250 1071 2340 opinio-

128 2365 204 2414 nem
229 2344 387 2412 llalchior
406 2343 515 2412 Genus
544 2344 584 2413 de
614 2343 695 2412 locis
713 2343 862 2431 theolog.
879 2343 902 2410 l.
926 2339 972 2426 8,
995 2364 1025 2412 c.
1048 2341 1069 2411 6

128 2450 293 2527 >quantum
314 2437 445 2525 potuit,
469 2436 555 2505 tueri
588 2447 620 2505 et
652 2435 820 2506 illustrare
848 2450 985 2507 conatus
1005 2449 1066 2506 cst.

131 2533 210 2600 Cum
232 2531 335 2618 igitur
354 2541 597 2599 sacramentum
613 2550 631 2598 a
646 2542 818 2599 contractu
835 2529 934 2598 dividi
953 2550 1070 2619 reapse

132 2624 244 2712 possit,
259 2623 291 2690 id
312 2643 519 2711 consequens
533 2632 593 2703 cst,
614 2623 692 2713 (hac
705 2624 834 2694 ratione
851 2623 1068 2714 concludunt)

133 2729 168 2786 ut
199 2715 393 2809 Principes,
418 2716 526 2804 quoad
546 2727 752 2785 contractum
788 2714 1071 2807 legesirritantes

135 2811 231 2878 edere
251 2808 378 2897 possint
409 2829 448 2876 ac
476 2809 617 2877 valeant.
640 2808 786 2878 Ulterius
807 2810 932 2893 dicunt,
955 2810 1071 2880 matri-

136 2900 307 2983 monium,
331 2900 480 2989 quamris
500 2902 540 2968 ad
565 2901 765 2970 sacramenti
785 2900 979 2993 dignitatem
1002 2903 1071 2969 ela-

135 3007 203 3064 tum
221 2994 282 3076 sit,
304 3004 420 3082 suapte
446 3005 565 3062 natura
585 3005 695 3061 tamen
720 3003 754 3061 ct
773 2993 880 3082 primo
909 2994 981 3063 loco
1011 3015 1071 3062 na·

136 3090 273 3158 turalem
308 3087 504 3175 civilemque
538 3096 744 3154 contractum
771 3105 866 3168 esse,
895 3099 929 3154 et
961 3106 1071 3155 sacra-

137 3181 382 3250 mentum'non
416 3180 535 3248 tollere
570 3188 805 3261 contractum;
842 3198 958 3259 omncs
992 3198 1071 3246 vero

137 3284 322 3342 contractus
355 3283 490 3361 propter
518 3273 642 3340 honum
678 3271 848 3360 publicum
882 3269 1072 3340 auctoritati

138 3366 327 3455 Principum
349 3365 507 3434 obnoxios
527 3385 611 3444 esse,
638 3385 745 3454 eaque
762 3365 803 3434 de
823 3384 933 3445 causa,
953 3364 1073 3432 matri·

140 3460 239 3527 monii
257 3470 502 3537 contractumssa
521 3458 731 3547 Principibus
752 3457 883 3528 irritum
905 3459 977 3528 ficri
996 3470 1072 3547 pos*

139 3571 186 3619 sc.
206 3554 322 3643 Neque
342 3573 381 3622 co
404 3560 480 3622 casu
495 3603 505 3631 ,
522 3553 571 3622 uti
592 3552 770 3622 adversarii
790 3563 973 3643 negarunt,
993 3549 1073 3620 ciri-
