<?xml version="1.0" encoding="UTF-8"?>
<!DOCTYPE html PUBLIC "-//W3C//DTD XHTML 1.0 Transitional//EN"
    "http://www.w3.org/TR/xhtml1/DTD/xhtml1-transitional.dtd">
<html xmlns="http://www.w3.org/1999/xhtml" xml:lang="en" lang="en">
 <head>
  <title>
</title>
<meta http-equiv="Content-Type" content="text/html;charset=utf-8" />
  <meta name='ocr-system' content='tesseract 3.04.00' />
  <meta name='ocr-capabilities' content='ocr_page ocr_carea ocr_par ocr_line ocrx_word'/>
</head>
<body>
  <div class='ocr_page' id='page_1' title='image "./septimiimariaev00veccgoog_0514.png"; bbox 0 0 2642 4175; ppageno 0'>
   <div class='ocr_carea' id='block_1_1' title="bbox 491 506 903 677">
    <p class='ocr_par' dir='ltr' id='par_1_1' title="bbox 491 506 903 677">
     <span class='ocr_line' id='line_1_1' title="bbox 491 506 903 677; baseline -0.01 -1"><span class='ocrx_word' id='word_1_1' title='bbox 491 506 816 677; x_wconf 76' lang='lat' dir='ltr'><strong>serenent</strong></span> <span class='ocrx_word' id='word_1_2' title='bbox 855 580 903 672; x_wconf 89' lang='lat'><strong>11</strong></span> 
     </span>
    </p>
   </div>
   <div class='ocr_carea' id='block_1_2' title="bbox 347 796 1053 862">
    <p class='ocr_par' dir='ltr' id='par_1_2' title="bbox 347 796 1053 862">
     <span class='ocr_line' id='line_1_2' title="bbox 347 796 1053 862; baseline 0 0"><span class='ocrx_word' id='word_1_3' title='bbox 347 802 403 862; x_wconf 80' lang='lat' dir='ltr'><strong>DE</strong></span> <span class='ocrx_word' id='word_1_4' title='bbox 425 798 622 862; x_wconf 85' lang='lat' dir='ltr'>FORMULIS</span> <span class='ocrx_word' id='word_1_5' title='bbox 645 796 865 859; x_wconf 82' lang='lat' dir='ltr'>SUPPLICUM</span> <span class='ocrx_word' id='word_1_6' title='bbox 888 799 1053 862; x_wconf 85' lang='lat' dir='ltr'><strong>PREOUM</strong></span> 
     </span>
    </p>
   </div>
   <div class='ocr_carea' id='block_1_3' title="bbox 560 1012 838 1022">
    <p class='ocr_par' dir='ltr' id='par_1_3' title="bbox 560 1012 838 1022">
     <span class='ocr_line' id='line_1_3' title="bbox 560 1012 838 1022; baseline -0.004 0"><span class='ocrx_word' id='word_1_7' title='bbox 560 1012 838 1022; x_wconf 76' lang='lat'><strong>———-—-—-</strong></span> 
     </span>
    </p>
   </div>
   <div class='ocr_carea' id='block_1_4' title="bbox 227 1272 1171 2085">
    <p class='ocr_par' dir='ltr' id='par_1_4' title="bbox 227 1272 1171 2085">
     <span class='ocr_line' id='line_1_4' title="bbox 287 1272 1171 1366; baseline -0.002 -20"><span class='ocrx_word' id='word_1_8' title='bbox 287 1272 581 1366; x_wconf 74' lang='lat' dir='ltr'><strong>operaepretium</strong></span> <span class='ocrx_word' id='word_1_9' title='bbox 602 1294 674 1344; x_wconf 88' lang='lat' dir='ltr'><strong>esse</strong></span> <span class='ocrx_word' id='word_1_10' title='bbox 695 1273 770 1342; x_wconf 79' lang='lat' dir='ltr'><strong>duri</strong></span> <span class='ocrx_word' id='word_1_11' title='bbox 793 1272 908 1342; x_wconf 85' lang='lat' dir='ltr'><strong>breues</strong></span> <span class='ocrx_word' id='word_1_12' title='bbox 928 1293 966 1342; x_wconf 87' lang='lat' dir='ltr'><strong>ac</strong></span> <span class='ocrx_word' id='word_1_13' title='bbox 989 1272 1171 1344; x_wconf 86' lang='lat' dir='ltr'><strong>concinnas</strong></span> 
     </span>
     <span class='ocr_line' id='line_1_5' title="bbox 229 1390 1171 1485; baseline -0.001 -19"><span class='ocrx_word' id='word_1_14' title='bbox 229 1397 418 1479; x_wconf 76' lang='lat' dir='ltr'><strong>formulas,</strong></span> <span class='ocrx_word' id='word_1_15' title='bbox 443 1390 566 1485; x_wconf 79' lang='lat' dir='ltr'><strong>quibus</strong></span> <span class='ocrx_word' id='word_1_16' title='bbox 598 1392 862 1483; x_wconf 76' lang='lat' dir='ltr'><strong>dispensationes</strong></span> <span class='ocrx_word' id='word_1_17' title='bbox 895 1403 1080 1482; x_wconf 84' lang='lat' dir='ltr'><strong>petuntur,</strong></span> <span class='ocrx_word' id='word_1_18' title='bbox 1113 1394 1171 1465; x_wconf 91' lang='lat' dir='ltr'><strong>bic</strong></span> 
     </span>
     <span class='ocr_line' id='line_1_6' title="bbox 229 1512 1170 1605; baseline -0.003 -19"><span class='ocrx_word' id='word_1_19' title='bbox 229 1517 441 1586; x_wconf 76' lang='lat' dir='ltr'><strong>subnectere.</strong></span> <span class='ocrx_word' id='word_1_20' title='bbox 477 1515 561 1583; x_wconf 85' lang='lat' dir='ltr'><strong>Dum</strong></span> <span class='ocrx_word' id='word_1_21' title='bbox 591 1512 623 1582; x_wconf 91' lang='lat' dir='ltr'><strong>id</strong></span> <span class='ocrx_word' id='word_1_22' title='bbox 645 1535 794 1605; x_wconf 80' lang='lat' dir='ltr'><strong>perago,</strong></span> <span class='ocrx_word' id='word_1_23' title='bbox 816 1533 883 1583; x_wconf 90' lang='lat' dir='ltr'><strong>nou</strong></span> <span class='ocrx_word' id='word_1_24' title='bbox 903 1534 940 1582; x_wconf 91' lang='lat' dir='ltr'><strong>ea</strong></span> <span class='ocrx_word' id='word_1_25' title='bbox 970 1533 1066 1582; x_wconf 90' lang='lat' dir='ltr'><strong>mens</strong></span> <span class='ocrx_word' id='word_1_26' title='bbox 1086 1515 1170 1583; x_wconf 88' lang='lat' dir='ltr'><strong>mibi</strong></span> 
     </span>
     <span class='ocr_line' id='line_1_7' title="bbox 230 1632 1171 1722; baseline -0.002 -18"><span class='ocrx_word' id='word_1_27' title='bbox 230 1646 291 1717; x_wconf 91' lang='lat' dir='ltr'><strong>est,</strong></span> <span class='ocrx_word' id='word_1_28' title='bbox 308 1645 346 1703; x_wconf 90' lang='lat' dir='ltr'><strong>ut</strong></span> <span class='ocrx_word' id='word_1_29' title='bbox 357 1635 515 1704; x_wconf 86' lang='lat' dir='ltr'><strong>lectorem</strong></span> <span class='ocrx_word' id='word_1_30' title='bbox 531 1633 570 1702; x_wconf 89' lang='lat' dir='ltr'><strong>ed</strong></span> <span class='ocrx_word' id='word_1_31' title='bbox 590 1653 645 1702; x_wconf 88' lang='lat' dir='ltr'><strong>aas</strong></span> <span class='ocrx_word' id='word_1_32' title='bbox 662 1632 812 1714; x_wconf 76' lang='lat' dir='ltr'><strong>centenis,</strong></span> <span class='ocrx_word' id='word_1_33' title='bbox 828 1632 855 1701; x_wconf 90' lang='lat' dir='ltr'><strong>si</strong></span> <span class='ocrx_word' id='word_1_34' title='bbox 871 1645 1062 1722; x_wconf 87' lang='lat' dir='ltr'><strong>quaesunt,</strong></span> <span class='ocrx_word' id='word_1_35' title='bbox 1086 1634 1171 1704; x_wconf 88' lang='lat' dir='ltr'><strong>auti-</strong></span> 
     </span>
     <span class='ocr_line' id='line_1_8' title="bbox 228 1751 1166 1845; baseline -0.001 -21"><span class='ocrx_word' id='word_1_36' title='bbox 228 1753 403 1845; x_wconf 87' lang='lat' dir='ltr'><strong>quioribus</strong></span> <span class='ocrx_word' id='word_1_37' title='bbox 424 1753 657 1843; x_wconf 70' lang='lat' dir='ltr'><strong>praeferendas</strong></span> <span class='ocrx_word' id='word_1_38' title='bbox 673 1753 840 1836; x_wconf 81' lang='lat' dir='ltr'><strong>inducam,</strong></span> <span class='ocrx_word' id='word_1_39' title='bbox 859 1754 915 1822; x_wconf 90' lang='lat' dir='ltr'><strong>sed</strong></span> <span class='ocrx_word' id='word_1_40' title='bbox 931 1751 1004 1823; x_wconf 88' lang='lat' dir='ltr'><strong>eius</strong></span> <span class='ocrx_word' id='word_1_41' title='bbox 1024 1752 1166 1823; x_wconf 83' lang='lat' dir='ltr'><strong>arbitrio</strong></span> 
     </span>
     <span class='ocr_line' id='line_1_9' title="bbox 227 1870 1167 1964; baseline 0 -22"><span class='ocrx_word' id='word_1_42' title='bbox 227 1873 321 1958; x_wconf 88' lang='lat' dir='ltr'><strong>alias,</strong></span> <span class='ocrx_word' id='word_1_43' title='bbox 344 1893 431 1964; x_wconf 86' lang='lat' dir='ltr'><strong>quae</strong></span> <span class='ocrx_word' id='word_1_44' title='bbox 449 1871 555 1962; x_wconf 81' lang='lat' dir='ltr'><strong>magis</strong></span> <span class='ocrx_word' id='word_1_45' title='bbox 574 1870 636 1962; x_wconf 89' lang='lat' dir='ltr'><strong>ipsi</strong></span> <span class='ocrx_word' id='word_1_46' title='bbox 651 1883 748 1961; x_wconf 87' lang='lat' dir='ltr'><strong>aptae</strong></span> <span class='ocrx_word' id='word_1_47' title='bbox 765 1871 951 1956; x_wconf 90' lang='lat' dir='ltr'><strong>videantur,</strong></span> <span class='ocrx_word' id='word_1_48' title='bbox 967 1872 1113 1962; x_wconf 79' lang='lat' dir='ltr'><strong>eligendi</strong></span> <span class='ocrx_word' id='word_1_49' title='bbox 1129 1894 1167 1942; x_wconf 91' lang='lat' dir='ltr'><strong>o·</strong></span> 
     </span>
     <span class='ocr_line' id='line_1_10' title="bbox 230 1990 1169 2085; baseline 0 -22"><span class='ocrx_word' id='word_1_50' title='bbox 230 1993 377 2085; x_wconf 89' lang='lat' dir='ltr'><strong>ptionem</strong></span> <span class='ocrx_word' id='word_1_51' title='bbox 393 1993 595 2084; x_wconf 77' lang='lat' dir='ltr'><strong>relinquam.</strong></span> <span class='ocrx_word' id='word_1_52' title='bbox 614 1992 721 2062; x_wconf 85' lang='lat' dir='ltr'><strong>Porro</strong></span> <span class='ocrx_word' id='word_1_53' title='bbox 735 2003 772 2060; x_wconf 90' lang='lat' dir='ltr'><strong>ut</strong></span> <span class='ocrx_word' id='word_1_54' title='bbox 787 1990 821 2060; x_wconf 91' lang='lat' dir='ltr'><strong>in</strong></span> <span class='ocrx_word' id='word_1_55' title='bbox 835 1991 926 2062; x_wconf 89' lang='lat' dir='ltr'><strong>hisce</strong></span> <span class='ocrx_word' id='word_1_56' title='bbox 943 1992 1098 2062; x_wconf 82' lang='lat' dir='ltr'><strong>formulis</strong></span> <span class='ocrx_word' id='word_1_57' title='bbox 1112 1994 1169 2063; x_wconf 90' lang='lat' dir='ltr'><strong>de·</strong></span> 
     </span>
    </p>
   </div>
   <div class='ocr_carea' id='block_1_5' title="bbox 228 2112 1167 2323">
    <p class='ocr_par' dir='ltr' id='par_1_5' title="bbox 228 2112 1167 2323">
     <span class='ocr_line' id='line_1_11' title="bbox 228 2112 1167 2204; baseline 0.002 -21"><span class='ocrx_word' id='word_1_58' title='bbox 228 2114 410 2185; x_wconf 83' lang='lat' dir='ltr'><strong>scribendis</strong></span> <span class='ocrx_word' id='word_1_59' title='bbox 424 2112 544 2204; x_wconf 84' lang='lat' dir='ltr'><strong>aliquis</strong></span> <span class='ocrx_word' id='word_1_60' title='bbox 558 2124 707 2181; x_wconf 88' lang='lat' dir='ltr'><strong>servetur</strong></span> <span class='ocrx_word' id='word_1_61' title='bbox 721 2113 802 2181; x_wconf 89' lang='lat' dir='ltr'><strong>ordo</strong></span> <span class='ocrx_word' id='word_1_62' title='bbox 817 2113 1110 2201; x_wconf 83' lang='lat' dir='ltr'><strong>pertractationem</strong></span> <span class='ocrx_word' id='word_1_63' title='bbox 1121 2113 1167 2185; x_wconf 90' lang='lat' dir='ltr'><strong>ita</strong></span> 
     </span>
     <span class='ocr_line' id='line_1_12' title="bbox 229 2231 1167 2323; baseline 0.001 -20"><span class='ocrx_word' id='word_1_64' title='bbox 229 2233 443 2313; x_wconf 87' lang='lat' dir='ltr'><strong>distribuam,</strong></span> <span class='ocrx_word' id='word_1_65' title='bbox 459 2244 496 2302; x_wconf 92' lang='lat' dir='ltr'><strong>ut</strong></span> <span class='ocrx_word' id='word_1_66' title='bbox 510 2231 618 2322; x_wconf 89' lang='lat' dir='ltr'><strong>primo</strong></span> <span class='ocrx_word' id='word_1_67' title='bbox 640 2251 757 2321; x_wconf 87' lang='lat' dir='ltr'><strong>preces</strong></span> <span class='ocrx_word' id='word_1_68' title='bbox 773 2233 915 2317; x_wconf 86' lang='lat' dir='ltr'><strong>tradam,</strong></span> <span class='ocrx_word' id='word_1_69' title='bbox 934 2255 1021 2323; x_wconf 86' lang='lat' dir='ltr'><strong>quac</strong></span> <span class='ocrx_word' id='word_1_70' title='bbox 1042 2235 1088 2303; x_wconf 80' lang='lat' dir='ltr'><strong>ad&#39;</strong></span> <span class='ocrx_word' id='word_1_71' title='bbox 1104 2236 1167 2305; x_wconf 90' lang='lat' dir='ltr'><strong>im-</strong></span> 
     </span>
    </p>
   </div>
   <div class='ocr_carea' id='block_1_6' title="bbox 131 2352 1165 2443">
    <p class='ocr_par' dir='ltr' id='par_1_6' title="bbox 131 2352 1165 2443">
     <span class='ocr_line' id='line_1_13' title="bbox 131 2352 1165 2443; baseline -0.001 -17"><span class='ocrx_word' id='word_1_72' title='bbox 131 2419 135 2426; x_wconf 91' lang='lat'><em>.</em></span> <span class='ocrx_word' id='word_1_73' title='bbox 228 2353 417 2443; x_wconf 85' lang='lat' dir='ltr'><strong>pedimentu</strong></span> <span class='ocrx_word' id='word_1_74' title='bbox 437 2352 569 2443; x_wconf 89' lang='lat' dir='ltr'><strong>publica</strong></span> <span class='ocrx_word' id='word_1_75' title='bbox 583 2353 669 2422; x_wconf 87' lang='lat' dir='ltr'><strong>etad</strong></span> <span class='ocrx_word' id='word_1_76' title='bbox 689 2353 798 2421; x_wconf 85' lang='lat' dir='ltr'><strong>forum</strong></span> <span class='ocrx_word' id='word_1_77' title='bbox 819 2364 993 2422; x_wconf 84' lang='lat' dir='ltr'><strong>externum</strong></span> <span class='ocrx_word' id='word_1_78' title='bbox 1009 2356 1165 2440; x_wconf 87' lang='lat' dir='ltr'><strong>attinent;</strong></span> 
     </span>
    </p>
   </div>
   <div class='ocr_carea' id='block_1_7' title="bbox 226 2470 1165 3639">
    <p class='ocr_par' dir='ltr' id='par_1_7' title="bbox 226 2470 1165 3639">
     <span class='ocr_line' id='line_1_14' title="bbox 227 2470 1163 2562; baseline 0.003 -23"><span class='ocrx_word' id='word_1_79' title='bbox 227 2471 347 2542; x_wconf 86' lang='lat' dir='ltr'><strong>deinde</strong></span> <span class='ocrx_word' id='word_1_80' title='bbox 367 2492 547 2561; x_wconf 87' lang='lat' dir='ltr'><strong>exponam,</strong></span> <span class='ocrx_word' id='word_1_81' title='bbox 566 2492 652 2562; x_wconf 90' lang='lat' dir='ltr'><strong>quae</strong></span> <span class='ocrx_word' id='word_1_82' title='bbox 685 2472 726 2540; x_wconf 89' lang='lat' dir='ltr'><strong>ad</strong></span> <span class='ocrx_word' id='word_1_83' title='bbox 750 2470 986 2560; x_wconf 88' lang='lat' dir='ltr'><strong>impedimenta</strong></span> <span class='ocrx_word' id='word_1_84' title='bbox 1008 2473 1163 2557; x_wconf 90' lang='lat' dir='ltr'><strong>occulta,</strong></span> 
     </span>
     <span class='ocr_line' id='line_1_15' title="bbox 228 2588 1163 2663; baseline 0 -4"><span class='ocrx_word' id='word_1_85' title='bbox 228 2601 262 2659; x_wconf 87' lang='lat' dir='ltr'><strong>ct</strong></span> <span class='ocrx_word' id='word_1_86' title='bbox 292 2590 332 2658; x_wconf 91' lang='lat' dir='ltr'><strong>ad</strong></span> <span class='ocrx_word' id='word_1_87' title='bbox 364 2590 472 2658; x_wconf 83' lang='lat' dir='ltr'><strong>iorum</strong></span> <span class='ocrx_word' id='word_1_88' title='bbox 502 2589 672 2659; x_wconf 89' lang='lat' dir='ltr'><strong>internum</strong></span> <span class='ocrx_word' id='word_1_89' title='bbox 702 2590 907 2659; x_wconf 82' lang='lat' dir='ltr'><strong>reseruntur.</strong></span> <span class='ocrx_word' id='word_1_90' title='bbox 937 2588 1019 2663; x_wconf 79' lang='lat' dir='ltr'><strong>Cum</strong></span> <span class='ocrx_word' id='word_1_91' title='bbox 1052 2604 1163 2662; x_wconf 90' lang='lat' dir='ltr'><strong>autem</strong></span> 
     </span>
     <span class='ocr_line' id='line_1_16' title="bbox 228 2709 1165 2801; baseline 0.003 -23"><span class='ocrx_word' id='word_1_92' title='bbox 228 2710 262 2778; x_wconf 90' lang='lat' dir='ltr'><strong>in</strong></span> <span class='ocrx_word' id='word_1_93' title='bbox 283 2720 425 2799; x_wconf 87' lang='lat' dir='ltr'><strong>utroque</strong></span> <span class='ocrx_word' id='word_1_94' title='bbox 453 2710 549 2791; x_wconf 84' lang='lat' dir='ltr'><strong>iero,</strong></span> <span class='ocrx_word' id='word_1_95' title='bbox 578 2710 641 2779; x_wconf 86' lang='lat' dir='ltr'><strong>aiia</strong></span> <span class='ocrx_word' id='word_1_96' title='bbox 664 2710 731 2779; x_wconf 86' lang='lat' dir='ltr'><strong>sint</strong></span> <span class='ocrx_word' id='word_1_97' title='bbox 759 2709 1019 2800; x_wconf 88' lang='lat' dir='ltr'><strong>impedimenta,</strong></span> <span class='ocrx_word' id='word_1_98' title='bbox 1043 2710 1165 2801; x_wconf 87' lang='lat' dir='ltr'><strong>quibus</strong></span> 
     </span>
     <span class='ocr_line' id='line_1_17' title="bbox 228 2829 1163 2913; baseline -0.001 -12"><span class='ocrx_word' id='word_1_99' title='bbox 228 2829 421 2901; x_wconf 88' lang='lat' dir='ltr'><strong>Ordinarius</strong></span> <span class='ocrx_word' id='word_1_100' title='bbox 440 2829 516 2913; x_wconf 88' lang='lat' dir='ltr'><strong>loci,</strong></span> <span class='ocrx_word' id='word_1_101' title='bbox 537 2830 566 2899; x_wconf 88' lang='lat' dir='ltr'><strong>vi</strong></span> <span class='ocrx_word' id='word_1_102' title='bbox 588 2830 709 2900; x_wconf 86' lang='lat' dir='ltr'><strong>induiti</strong></span> <span class='ocrx_word' id='word_1_103' title='bbox 726 2829 903 2909; x_wconf 85' lang='lat' dir='ltr'><strong>Pontificii,</strong></span> <span class='ocrx_word' id='word_1_104' title='bbox 931 2840 988 2900; x_wconf 90' lang='lat' dir='ltr'><strong>eut</strong></span> <span class='ocrx_word' id='word_1_105' title='bbox 1007 2830 1163 2900; x_wconf 82' lang='lat' dir='ltr'><strong>facultate</strong></span> 
     </span>
     <span class='ocr_line' id='line_1_18' title="bbox 227 2948 1164 3040; baseline 0 -20"><span class='ocrx_word' id='word_1_106' title='bbox 227 2949 408 3032; x_wconf 87' lang='lat' dir='ltr'><strong>ordinaria,</strong></span> <span class='ocrx_word' id='word_1_107' title='bbox 421 2950 599 3040; x_wconf 86' lang='lat' dir='ltr'><strong>dispensat,</strong></span> <span class='ocrx_word' id='word_1_108' title='bbox 612 2949 675 3018; x_wconf 85' lang='lat' dir='ltr'><strong>alia</strong></span> <span class='ocrx_word' id='word_1_109' title='bbox 690 2969 767 3018; x_wconf 90' lang='lat' dir='ltr'><strong>rero</strong></span> <span class='ocrx_word' id='word_1_110' title='bbox 784 2948 862 3033; x_wconf 89' lang='lat' dir='ltr'><strong>sint,</strong></span> <span class='ocrx_word' id='word_1_111' title='bbox 879 2948 1003 3040; x_wconf 86' lang='lat' dir='ltr'><strong>quibus</strong></span> <span class='ocrx_word' id='word_1_112' title='bbox 1022 2950 1164 3039; x_wconf 85' lang='lat' dir='ltr'><strong>peculia·</strong></span> 
     </span>
     <span class='ocr_line' id='line_1_19' title="bbox 227 3067 1163 3160; baseline -0.001 -22"><span class='ocrx_word' id='word_1_113' title='bbox 227 3070 274 3140; x_wconf 91' lang='lat' dir='ltr'><strong>ris</strong></span> <span class='ocrx_word' id='word_1_114' title='bbox 295 3068 328 3139; x_wconf 89' lang='lat' dir='ltr'><strong>S.</strong></span> <span class='ocrx_word' id='word_1_115' title='bbox 352 3067 445 3139; x_wconf 84' lang='lat' dir='ltr'><strong>Sedis</strong></span> <span class='ocrx_word' id='word_1_116' title='bbox 465 3069 667 3159; x_wconf 82' lang='lat' dir='ltr'><strong>dispensatio</strong></span> <span class='ocrx_word' id='word_1_117' title='bbox 688 3068 885 3160; x_wconf 86' lang='lat' dir='ltr'><strong>requiritur,</strong></span> <span class='ocrx_word' id='word_1_118' title='bbox 908 3068 1001 3159; x_wconf 90' lang='lat' dir='ltr'><strong>prius</strong></span> <span class='ocrx_word' id='word_1_119' title='bbox 1021 3088 1078 3139; x_wconf 89' lang='lat' dir='ltr'><strong>eas</strong></span> <span class='ocrx_word' id='word_1_120' title='bbox 1098 3079 1163 3137; x_wconf 88' lang='lat' dir='ltr'><strong>tra·</strong></span> 
     </span>
     <span class='ocr_line' id='line_1_20' title="bbox 228 3187 1161 3281; baseline -0.003 -23"><span class='ocrx_word' id='word_1_121' title='bbox 228 3191 369 3273; x_wconf 85' lang='lat' dir='ltr'><strong>demus,</strong></span> <span class='ocrx_word' id='word_1_122' title='bbox 394 3209 480 3281; x_wconf 88' lang='lat' dir='ltr'><strong>quae</strong></span> <span class='ocrx_word' id='word_1_123' title='bbox 500 3189 541 3258; x_wconf 88' lang='lat' dir='ltr'><strong>ud</strong></span> <span class='ocrx_word' id='word_1_124' title='bbox 560 3187 798 3270; x_wconf 85' lang='lat' dir='ltr'><strong>Ordinarium,</strong></span> <span class='ocrx_word' id='word_1_125' title='bbox 819 3188 1030 3278; x_wconf 88' lang='lat' dir='ltr'><strong>postmodum</strong></span> <span class='ocrx_word' id='word_1_126' title='bbox 1051 3199 1161 3257; x_wconf 83' lang='lat' dir='ltr'><strong>autem</strong></span> 
     </span>
     <span class='ocr_line' id='line_1_21' title="bbox 229 3306 1158 3400; baseline -0.006 -20"><span class='ocrx_word' id='word_1_127' title='bbox 229 3331 285 3380; x_wconf 87' lang='lat' dir='ltr'><strong>eas</strong></span> <span class='ocrx_word' id='word_1_128' title='bbox 320 3308 554 3388; x_wconf 86' lang='lat' dir='ltr'><strong>subiiciemus,</strong></span> <span class='ocrx_word' id='word_1_129' title='bbox 575 3330 661 3400; x_wconf 90' lang='lat' dir='ltr'><strong>quac</strong></span> <span class='ocrx_word' id='word_1_130' title='bbox 694 3307 735 3377; x_wconf 91' lang='lat' dir='ltr'><strong>ad</strong></span> <span class='ocrx_word' id='word_1_131' title='bbox 756 3306 791 3378; x_wconf 86' lang='lat' dir='ltr'><strong>S.</strong></span> <span class='ocrx_word' id='word_1_132' title='bbox 819 3306 937 3378; x_wconf 87' lang='lat' dir='ltr'><strong>Sedsm</strong></span> <span class='ocrx_word' id='word_1_133' title='bbox 957 3307 1158 3397; x_wconf 76' lang='lat' dir='ltr'><strong>diriguntur.</strong></span> 
     </span>
     <span class='ocr_line' id='line_1_22' title="bbox 228 3427 1160 3520; baseline -0.002 -23"><span class='ocrx_word' id='word_1_134' title='bbox 228 3427 322 3497; x_wconf 90' lang='lat' dir='ltr'><strong>Unde</strong></span> <span class='ocrx_word' id='word_1_135' title='bbox 353 3428 391 3497; x_wconf 87' lang='lat' dir='ltr'><strong>iit</strong></span> <span class='ocrx_word' id='word_1_136' title='bbox 421 3438 458 3497; x_wconf 93' lang='lat' dir='ltr'><strong>ut</strong></span> <span class='ocrx_word' id='word_1_137' title='bbox 488 3428 717 3520; x_wconf 85' lang='lat' dir='ltr'><strong>quadruplicis</strong></span> <span class='ocrx_word' id='word_1_138' title='bbox 748 3429 870 3520; x_wconf 87' lang='lat' dir='ltr'><strong>speciei</strong></span> <span class='ocrx_word' id='word_1_139' title='bbox 901 3428 1065 3498; x_wconf 83' lang='lat' dir='ltr'><strong>formulae</strong></span> <span class='ocrx_word' id='word_1_140' title='bbox 1095 3438 1160 3497; x_wconf 87' lang='lat' dir='ltr'><strong>tra·</strong></span> 
     </span>
     <span class='ocr_line' id='line_1_23' title="bbox 226 3548 605 3639; baseline 0 -23"><span class='ocrx_word' id='word_1_141' title='bbox 226 3549 359 3633; x_wconf 82' lang='lat' dir='ltr'><strong>dentur,</strong></span> <span class='ocrx_word' id='word_1_142' title='bbox 382 3558 420 3617; x_wconf 91' lang='lat' dir='ltr'><strong>ut</strong></span> <span class='ocrx_word' id='word_1_143' title='bbox 438 3548 605 3639; x_wconf 84' lang='lat' dir='ltr'><strong>sequitur.</strong></span> 
     </span>
    </p>
   </div>
   <div class='ocr_carea' id='block_1_8' title="bbox 0 0 1326 4175">
    <p class='ocr_par' dir='ltr' id='par_1_8' title="bbox 0 0 1326 4175">
     <span class='ocr_line' id='line_1_24' title="bbox 0 0 1326 4175; baseline 0 0"><span class='ocrx_word' id='word_1_144' title='bbox 0 0 1326 4175; x_wconf 95' lang='lat' dir='ltr'><strong> </strong></span> 
     </span>
    </p>
   </div>
  </div>
 </body>
</html>
