2642 4175
273 352 339 410 asa
608 358 773 406 maurus
824 306 825 311 Ν

225 461 318 531 ditus
343 479 467 529 nomeu
494 476 740 546 aejeognomeu
770 476 886 525 uerum
918 475 1099 545 personae,
1123 457 1166 524 ad

226 572 329 643 quam
349 551 547 642 rescriptum
569 550 781 639 dirigendum
802 561 864 630 est,
878 568 1022 618 necnon
1040 568 1165 618 nomen

227 645 306 729 looi,
328 645 447 734 inquo
476 643 545 734 ipsa
568 654 731 713 moratur.
753 641 790 710 ln
810 643 976 730 postulato
1006 642 1046 709 ad
1066 642 1165 711 Data·

228 737 326 819 rium,
360 737 497 827 ammoto
525 737 665 826 supplex
695 735 736 803 ad
768 733 942 804 Summam
968 732 1162 804 Pontifioem

229 830 399 920 dirigitur,
421 841 455 899 et
472 828 620 912 nomina,
642 828 862 916 cognomina,
884 838 986 909 aetas,
1014 847 1053 895 ao
1070 827 1164 898 dioe-

198 921 203 927 ’
227 922 313 993 ossis
331 934 505 993 oratorum
521 942 598 993 aare
612 921 813 990 indicantur.
832 919 1165 1009 Dispensatorem

226 1015 418 1086 nitentiaria
435 1016 504 1085 siue
523 1036 541 1084 a
559 1014 721 1098 Parooho,
739 1012 807 1083 sire
824 1033 843 1081 a
861 1012 1083 1096 Confessario,
1095 1013 1164 1083 sire

227 1109 270 1178 ab
288 1109 361 1198 ipso
378 1119 513 1178 oratore
535 1107 603 1197 peti
623 1118 743 1196 potest.
759 1104 916 1175 Securius
936 1117 1047 1175 tamen
1066 1117 1100 1175 et
1115 1107 1166 1175 ia·

226 1201 337 1285 oiiins,
356 1202 524 1271 mediante
549 1200 711 1290 Episcopo
736 1199 936 1287 postulatur.
956 1198 1164 1286 uispemaato

227 1315 246 1363 a
265 1293 397 1364 Dataria
414 1313 548 1383 semper
567 1314 627 1382 per
644 1292 857 1382 Episoopnm,
879 1292 932 1361 rel
951 1291 1073 1360 additis
1091 1293 1165 1362 eins

218 1386 358 1471 -litteris,
379 1387 521 1476 petenda
541 1396 604 1454 est
625 1384 833 1475 dispensatio
853 1384 988 1455 obtenta
1005 1404 1024 1452 a
1045 1383 1166 1454 Poeni-

226 1479 381 1550 tentiaria
412 1498 514 1569 super
542 1477 780 1566 impedimento
804 1478 934 1547 occuito
959 1489 993 1546 et
1011 1496 1073 1566 pro
1092 1478 1186 1547 iero

226 1571 450 1641 wnsueutiae
481 1570 684 1640 exsecutioni
711 1570 931 1640 committitur
956 1589 974 1638 a
999 1571 1168 1640 confessa·

227 1663 279 1732 rio
307 1663 342 1732 iu
373 1676 452 1749 autu
482 1662 725 1747 confessionis,
752 1662 896 1753 impiatis
919 1662 1167 1735 conditionibus

227 1754 386 1844 appositis
413 1757 455 1824 de
484 1756 623 1826 ueritate
649 1776 811 1845 precum,
838 1768 871 1825 et
889 1756 931 1823 de
964 1756 1056 1843 grau
1087 1776 1168 1846 poe-

227 1848 367 1918 nitentia
383 1847 653 1929 salutari.‚Nuiia
674 1847 887 1937 dispensandi
906 1848 1050 1917 formula
1070 1869 1169 1938 prae-

226 1940 399 2011 scribitur.
420 1940 502 2011 Bon.
520 1940 588 2009 xiv
609 1941 708 2010 iustr.
729 1938 800 2024 87,
832 1961 933 2008 unam
963 1961 1024 2029 pro
1052 1942 1170 2011 matri·

228 2033 341 2106 monio
358 2035 598 2118 mntrahendo,
617 2033 716 2103 eiiam
731 2054 791 2124 pro
809 2044 978 2104 contracto
996 2033 1166 2124 proponit.

231 2126 265 2197 Si
281 2127 487 2217 dispensatio
508 2148 526 2196 a
547 2126 583 2196 S.
605 2126 863 2197 Paenitentiaria
887 2128 1090 2197 coneedatur
1107 2148 1169 2217 pro

231 2232 375 2309 utroque
388 2222 461 2291 ioro
476 2221 517 2291 ab
531 2240 618 2289 auno
638 2217 731 2288 1852
749 2219 881 2289 additur
895 2221 1059 2290 clausula:
1083 2244 1098 2287 ι
1114 2220 1171 2288 ln·

228 2313 371 2383 terdioto
390 2334 451 2402 per
467 2325 598 2402 tempus
617 2313 803 2383 exsecutori
835 2313 1052 2394 benevisum,
1084 2334 1171 2403 qno·

230 2426 375 2493 eumque
395 2417 537 2475 traotur
560 2425 625 2495 qua
644 2425 714 2474 non
732 2406 841 2475 solum
856 2405 1022 2496 separatio
1041 2426 1059 2474 a
1080 2419 1167 2489 toro,

231 2509 266 2568 et
280 2498 509 2576 habitatione,
542 2498 599 2568 sed
631 2499 740 2567 omnis
769 2500 975 2568 conversatio
994 2498 1171 2567 familiaris

232 2591 441 2678 prohibetur.
464 2588 544 2672 Vide
560 2589 663 2659 denis.
679 2611 706 2660 s.
723 2589 910 2660 Poeuiteut.
924 2590 971 2659 15
984 2591 1045 2658 iul.
1060 2588 1167 2659 1854.

232 2682 277 2750 lix
320 2701 479 2769 responso
507 2702 535 2749 s.
569 2681 849 2752 Poenitentiariae
879 2685 967 2773 apud
986 2683 1165 2772 Compans:

241 2797 256 2840 ι
282 2772 484 2863 dispensatio
507 2773 613 2844 valida
632 2788 683 2845 est
713 2776 774 2845 etsi
798 2776 961 2846 consessio
979 2774 1024 2844 sit
1051 2777 1168 2860 nulia,
1223 2821 1258 2864 ,a

233 2878 267 2936 et
286 2867 412 2957 absque
431 2867 638 2937 absolutione
651 2869 880 2939 sacramentali
892 2869 1029 2939 concedi
1048 2880 1168 2958 potest,

234 2960 263 3028 si
295 2960 381 3030 sorte
414 2980 537 3049 urgens
568 2960 680 3049 aliqua
708 2962 887 3031 necessitas
917 2962 950 3029 id
981 2963 1169 3031 suadeat.»

234 3051 348 3132 Quoad
368 3052 646 3142 dispensationem
667 3053 833 3123 altataria
850 3054 1062 3143 expeditam,
1080 3054 1173 3123 dele·

235 3156 333 3231 gatus
352 3145 451 3215 debet
476 3146 513 3213 1⁰
540 3146 713 3235 inquirere
732 3146 774 3215 de
800 3147 938 3217 ueritate
969 3166 1171 3231 causarum,

237 3237 273 3304 2⁰
293 3239 463 3308 declarare
482 3258 593 3309 ooram
613 3240 763 3328 partibus
790 3259 830 3308 ac
848 3240 988 3310 testibus
1016 3240 1091 3309 tolli
1109 3239 1175 3308 im·

134 3377 136 3382 -
236 3332 463 3417 pedimentum
485 3331 708 3416 matrimonii,
728 3330 765 3400 3⁰
781 3333 1026 3403 attestationem
1038 3332 1174 3421 dispen-

236 3422 373 3492 sationis
393 3424 428 3492 iu
445 3424 596 3513 registris
615 3425 776 3495 dioecesis
796 3426 961 3509 seribem3
979 3424 1070 3494 ett⁰
1084 3442 1175 3493 man·

237 3514 318 3583 dare
336 3513 496 3601 Parouho,
519 3528 578 3603 ut,
608 3519 745 3590 servatis
772 3518 953 3602 servandis,
975 3517 1104 3608 nuptiis
1122 3535 1177 3585 as·
