2642 4175
268 272 334 331 224
605 287 707 333 carun
723 288 770 333 ru.

221 388 319 456 modo
335 385 477 456 invalida
496 406 563 455 non
583 396 695 455 essent
711 406 750 454 ex
765 385 895 456 delectu
912 407 1102 473 consensus,
1125 404 1166 464 et

220 482 260 549 ad
280 492 437 570 quartum
456 500 561 570 usque
575 481 715 569 gradum
730 479 818 549 inter
832 477 994 570 Sponsum
1008 494 1040 551 et
1053 481 1164 574 Spon-

219 594 275 643 sae
294 574 570 664 consanguineos,
596 594 634 643 ac
650 572 792 643 vicissim
812 575 945 664 nuptias
966 573 1159 648 dirimebat.

219 666 256 736 lo
273 667 419 738 Concilio
439 668 591 756 Lugdun.
613 685 657 750 11,
677 688 750 756 cap.
773 667 865 736 uuio.
885 688 924 736 ex
942 666 1092 758 Sponsal.
1114 672 1161 742 de

168 773 174 780 ’
220 760 338 851 Spous.
360 761 481 831 etllat.
497 761 530 829 in
552 758 585 843 6,
601 762 642 830 de
657 762 812 830 mutanda
835 761 1078 851 aliquantulum
1094 763 1162 835 buo

219 855 391 947 disciplina
424 854 604 942 cogitatum
625 854 704 937 init,
726 854 773 923 nil
798 876 876 924 vero
894 857 1094 926 conlectum.
1114 860 1161 928 At

217 970 295 1019 vero
309 949 383 1019 inre
401 968 485 1018 novo
505 968 564 1036 per
583 947 813 1020 Tridentinum
828 947 975 1033 iuduoto,
994 960 1159 1022 statutum

219 1056 280 1127 est,
303 1042 392 1133 quod
414 1041 689 1131 impedimentum
708 1041 770 1110 boa
789 1062 828 1110 ex
844 1042 1052 1131 sponsalibus
1082 1056 1159 1114 tau·
1261 1063 1268 1072 ’

219 1151 289 1207 tum
312 1136 427 1206 validis
447 1135 600 1222 emergit,
622 1145 654 1203 et
673 1135 819 1223 primum
840 1138 979 1224 gradum
1014 1157 1080 1207 non
1099 1159 1159 1208 ex·

216 1230 314 1300 oedit.
334 1229 420 1299 Sess.
441 1246 528 1307 xxiv,
555 1248 627 1315 cap.
651 1225 673 1295 3
692 1227 733 1296 de
754 1229 904 1298 Reform.
918 1230 1012 1298 llatr.
1029 1231 1159 1300 siosta·

215 1325 340 1395 tuitus:
367 1347 381 1389 a
400 1320 548 1391 lustitiae
566 1320 718 1409 publicae
736 1321 918 1392 honestatis
938 1323 1158 1414 impedimen·

216 1430 304 1500 tum,
334 1417 390 1484 ubi
427 1415 592 1504 sponsalia
614 1435 824 1504 quacumque
855 1416 983 1486 ratione
1013 1418 1157 1488 inualida

215 1508 462 1587 amnesamnes
490 1506 642 1598 Synodus
661 1529 798 1597 prorsus
818 1509 915 1579 tollit.
947 1509 1008 1579 Ubi
1042 1524 1157 1584 autem

213 1604 319 1672 valida
333 1603 469 1681 luerint,
487 1602 633 1691 primum
649 1602 792 1689 gradum
806 1623 874 1673 uon
887 1604 1055 1687 excedant,
1070 1601 1159 1696 quo-⁷

215 1698 305 1766 uiam
328 1697 361 1767 iu
382 1696 596 1784 ulterioribus
621 1695 780 1783 gradibus
800 1697 865 1765 iam
885 1718 950 1767 nou
969 1710 1077 1787 potest
1095 1699 1159 1767 bu·

122 1854 124 1859 .
214 1790 360 1861 iusmodi
383 1790 565 1880 prohibitio
585 1789 710 1879 absque
730 1790 902 1879 dispendio
932 1790 1113 1861 obseruari.
1133 1817 1154 1859 s

215 1886 331 1974 ltaque
345 1883 535 1953 huiusmodi
552 1883 826 1972 impedimentum
841 1904 908 1953 uon
921 1883 1044 1953 oritur:
1063 1884 1099 1952 l⁰
1115 1907 1158 1954 ex

215 1978 425 2067 sponsalibus
455 1976 742 2058 indeterminatis,
764 1977 864 2046 veluti
881 1977 908 2046 si
927 1990 1021 2067 pater
1040 1979 1156 2049 adole-

214 2073 319 2144 scenti
341 2070 513 2163 promittat
532 2092 631 2140 uuam
661 2093 700 2140 ex
721 2069 853 2141 filiabus
871 2071 941 2140 suis
962 2070 995 2140 iu
1015 2094 1155 2143 uxorem

213 2168 389 2251 daturum;
413 2167 501 2257 quod
522 2164 687 2255 sponsalia
709 2165 844 2254 proprie
877 2185 943 2234 non
969 2166 1053 2251 sint,
1075 2188 1153 2237 oum

212 2260 247 2329 in
264 2281 440 2351 personam
461 2272 585 2328 certam
606 2280 673 2328 non
694 2259 857 2329 ferantur.
888 2258 924 2326 2⁰
951 2259 1023 2329 Non
1043 2261 1156 2330 oritur

211 2376 249 2421 ex
267 2354 476 2444 sponsalibus
499 2352 732 2421 conditionatis
745 2365 821 2423 ante
841 2350 1040 2422 conditionis
1053 2375 1154 2424 even·

137 2448 141 2451 ’
210 2460 294 2529 tom,
314 2459 350 2517 ut
370 2446 537 2536 colligitur
559 2468 597 2515 ex
617 2467 692 2535 eap.
712 2445 802 2515 unia.
822 2446 863 2516 de
884 2444 1034 2535 Sponsal.
1062 2447 1097 2516 in
1115 2446 1151 2532 d,

211 2553 245 2610 et
261 2543 460 2629 interpretes
479 2540 700 2609 communiter
716 2540 846 2621 docent,
862 2539 940 2629 quia
959 2540 1151 2610 conditione

169 2667 177 2673 ·
210 2633 577 2723 pendenteeonsensus
596 2654 778 2722 suspensus
798 2647 920 2703 manet.
938 2631 975 2702 3⁰
990 2634 1062 2703 Nou
1083 2633 1153 2703 ori·

211 2741 268 2796 tor
288 2747 326 2795 aa
346 2726 553 2815 sponsalibus
574 2726 666 2797 initis
688 2726 862 2808 intereos,
882 2727 939 2816 qui
960 2727 1073 2817 aliquo
1087 2727 1153 2796 im·

211 2818 401 2910 pedimeuto
422 2821 599 2890 dirimente
614 2819 777 2890 inhabiles
796 2832 875 2890 sunt
894 2821 934 2889 ad
953 2820 1152 2891 contraben-

211 2915 303 2997 dum,
326 2914 403 3005 quia
429 2915 500 2984 eius
525 2914 657 3003 generis
684 2914 849 3004 sponsalia
876 2914 968 2982 nulla
1002 2924 1092 2983 sunt.
1115 2913 1151 2982 la⁰

209 3007 347 3077 Demnm
366 3030 404 3079 ex
423 3008 630 3098 sponsalibus
650 3029 710 3098 per
730 3019 884 3098 parentes
896 3008 1073 3077 contractis
1090 3029 1150 3077 no·
1185 3028 1195 3044 ·

210 3102 299 3173 mine
315 3102 461 3173 liliorum
481 3101 680 3185 absentium,
696 3102 801 3170 donec
814 3100 876 3190 ipsi
896 3100 956 3169 filii
972 3122 1146 3170 consense-

210 3196 289 3280 rint,
300 3209 437 3287 rataque
451 3195 616 3285 sponsalia
630 3193 782 3266 fecerint.
803 3195 853 3263 dn
872 3193 1148 3283 impedimentum

211 3291 363 3378 publicae
384 3290 564 3377 honestatis
583 3288 713 3358 extendi
734 3289 853 3357 debeat
871 3288 970 3357 etiaur
989 3289 1028 3356 ad
1048 3309 1149 3377 spon·
1184 3364 1186 3369 ,

210 3384 291 3452 salia
304 3386 344 3453 de
358 3385 482 3466 lutuno,
500 3403 585 3473 quae
599 3384 666 3452 siut
678 3383 767 3451 nulla
789 3394 823 3451 et
838 3380 978 3450 invalida
993 3403 1030 3450 ex
1047 3403 1147 3450 eausa

210 3476 365 3562 fictionis,
386 3478 436 3548 vel
458 3500 494 3547 ex
517 3477 581 3546 alio
602 3477 733 3546 desecto
754 3475 799 3546 ita
819 3476 959 3560 occulto,
976 3488 1011 3545 ut
1026 3476 1060 3543 iu
1076 3475 1147 3544 loro
