2642 4175
280 370 347 430 390
616 377 721 427 curun
737 381 783 426 nv.

229 483 377 553 <latiores
396 492 507 551 tamen
527 477 694 563 dicimus,
714 479 742 547 si
766 480 927 548 alteruter
954 500 972 547 a
1006 477 1175 570 coniugiis

232 576 436 646 abstinentes
469 574 503 642 in
540 572 691 642 castitate
721 573 987 661 permanserint,
1011 572 1090 663 quia
1110 574 1175 641 sie·

232 670 281 739 uti
298 667 449 738 viduitati
466 666 704 756 uirginitatem,
726 666 772 735 ita
788 666 915 756 nuptiis
927 677 1049 735 castam
1062 666 1172 735 vidui·
1266 736 1283 754 ο

233 774 335 833 tatem
355 761 453 831 laude
482 782 521 830 ac
540 759 660 830 merito
688 760 942 848 praeferendam
966 780 1038 830 esse
1059 779 1172 829 cense-

234 877 321 926 mus.
343 879 358 921 ιι
380 855 548 924 Hactenus
567 852 739 941 Eugenius
758 852 811 919 lll.

281 948 364 1031 Quia
387 968 465 1017 vero
496 948 662 1017 secundae
693 946 831 1034 nuptiae
860 944 1064 1016 considerari
1093 966 1171 1035 pos·

235 1056 325 1126 suut,
347 1043 396 1111 vel
428 1041 463 1109 in
491 1062 525 1109 se
545 1039 757 1130 simpliciter,
779 1040 829 1108 uel
849 1039 988 1109 ¹ratione
1007 1039 1172 1127 intempe-

235 1137 388 1217 rantiae,
413 1145 447 1204 et
471 1132 756 1216 incontinentiae,
786 1154 851 1222 qua
872 1144 1131 1222 praesumuntur
1150 1152 1172 1200 a

235 1228 438 1298 nubentibus
456 1226 619 1309 contrahi,
640 1246 741 1296 nemo
758 1227 946 1309 mirabitur,
968 1228 996 1296 si
1016 1226 1171 1295 nonnulli

236 1321 404 1392 Ecclesiae
424 1320 541 1391 Patres
559 1319 658 1410 paulo
678 1320 795 1388 durius
811 1340 848 1388 ac
862 1319 1008 1389 serarius
1025 1314 1184 1410 aliquan·¹

237 1417 279 1485 do
299 1417 340 1484 de
373 1413 565 1483 huiusmodi
585 1412 713 1502 nuptiis
733 1413 887 1483 secundis
905 1413 1036 1502 loquuti
1065 1424 1171 1497 suut,

237 1520 270 1578 et
285 1510 364 1577 dum
385 1507 448 1595 ipsi
470 1517 716 1595 praesumptam
738 1506 885 1576 secundo
903 1506 1101 1576 nubentium
1123 1505 1173 1573 in·

238 1599 489 1681 continentiam,
498 1598 739 1669 vehementiori
751 1600 1060 1691 styloexagitarunt,
1073 1599 1174 1689 ipsas

236 1704 307 1763 met
326 1692 504 1762 ulteriores
523 1692 658 1781 nuptias
677 1694 851 1762 damnasse
869 1693 929 1761 risi
957 1704 1058 1775 sunt,
1080 1693 1172 1762 unde

237 1807 384 1878 purgare
415 1807 461 1868 se,
482 1797 515 1855 et
533 1805 668 1855 omnem
689 1787 813 1856 erroris
832 1785 1054 1876 suspicionem
1075 1784 1174 1855 editis

236 1880 424 1988 Apologiis,
446 1900 464 1948 a
484 1900 520 1950 se
539 1899 692 1949 amovere
709 1881 846 1950 luerunt
876 1880 1062 1987 compulsi,
1084 1879 1175 1968 quod

238 1972 436 2065 praesertim
456 1994 482 2042 s.
506 1972 709 2063 Hieronymo
728 1972 877 2062 contigit,
905 1973 961 2063 qui
981 1974 1014 2041 in
1026 1972 1174 2079 epistola

238 2069 278 2139 ad
298 2066 491 2139 Geruntiam
517 2066 568 2137 vel
587 2065 824 2155 Ageracbiam:
850 2093 864 2133 ι
883 2066 997 2148 Ouid
989 2066 1104 2156 igitur,
1127 2064 1175 2134 in
1295 2066 1298 2069 ’

238 2162 336 2253 quit,
363 2162 561 2231 damnamus
594 2161 738 2229 secunda
758 2160 997 2229 matrimonia?
1016 2160 1171 2246 minimo,

238 2256 295 2326 sed
317 2256 424 2345 prima
445 2254 642 2337 laniamus;
664 2253 839 2324 abiicimus
856 2255 897 2323 de
916 2253 1061 2323 Ecclesia
1082 2253 1171 2341 biga·
1255 2326 1260 2331 ,

239 2350 338 2418 mos‘l
357 2347 460 2429 absit,
483 2348 540 2416 sed
561 2367 778 2436 monogamos
794 2348 833 2416 ad
850 2347 1088 2417 continentiam
1101 2367 1177 2437 pro

237 2461 407 2511 vocamus.
429 2464 444 2507 ι
466 2440 587 2509 Narrat
615 2460 689 2510 eam
709 2439 743 2508 in
765 2461 836 2510 rem
857 2441 972 2510 eodem
993 2440 1026 2508 in
1044 2441 1116 2510 loco
1137 2438 1170 2508 S.

237 2534 360 2604 Ductor
380 2533 553 2602 historiam
574 2553 654 2603 sane
673 2532 835 2622 lepidam,
855 2534 974 2604 vidisse
993 2554 1030 2602 se
1048 2533 1175 2603 Romae

239 2627 360 2709 virum,
378 2639 411 2695 et
430 2626 619 2707 mulierem,
636 2648 654 2697 e
669 2626 827 2696 vilissima
845 2628 952 2717 plebe,
972 2638 1119 2696 extremo
1137 2639 1175 2697 ut

238 2719 302 2827 ipsi
319 2720 480 2809 putabant
499 2719 713 2792 matrimonio
734 2722 917 2810 copulatos
946 2720 1001 2788 Vir
1021 2720 1109 2789 enim
1130 2719 1176 2788 ri·

239 2813 324 2903 giuti
346 2812 525 2903 sepelierat
552 2834 695 2897 uxores,
727 2814 849 2883 mulier
866 2833 945 2883 vero
975 2814 1178 2902 vigesimum

240 2907 423 2977 secuudum
439 2906 595 2976 maritum
610 2907 785 2977 habuerat
803 2907 906 2976 Nemo
922 2906 1020 2976 etiam
1039 2905 1176 2989 mirabi-

240 3015 307 3083 tur,
326 3020 353 3068 sn
345 2999 537 3089 prioribus
551 3000 862 3083 saeculisseverior,
878 2998 1074 3089 praesertim
1087 2999 1175 3091 apud

240 3093 380 3164 Graecos
393 3113 471 3181 erga
487 3113 544 3162 eos
557 3092 760 3182 disciplinas
756 3093 856 3175 uerit,
896 3113 929 3161 ι
896 3092 984 3162 ad
998 3094 1174 3177 secundas,

241 3199 274 3258 et
286 3186 463 3256 ulteriores
476 3184 615 3275 Nuptias
628 3186 866 3256 convolassem
911 3207 950 3255 os
961 3207 1051 3255 emm
1065 3207 1179 3276 poena·

240 3280 365 3350 tentiae
383 3279 484 3350 luisse
500 3280 665 3350 subiectos
679 3299 717 3348 ex
729 3279 990 3359 Necessariensi,
1003 3282 1179 3371 Ancyrano

243 3384 275 3442 et
287 3371 470 3442 Laodiemo
483 3372 522 3440 lll
535 3372 656 3442 sacculi
671 3372 827 3443 Conciliis
843 3382 1049 3462 compertum
1067 3385 1118 3442 est
1130 3392 1182 3442 sa·

243 3465 297 3547 tis,
308 3485 451 3555 eumque
460 3464 551 3535 hisce
562 3465 719 3536 Conciliis
729 3467 858 3536 nullum
869 3465 1093 3556 poeniteutiae
1106 3485 1181 3538 cet·

244 3571 314 3626 tum
328 3569 460 3646 tempus
474 3558 589 3628 luisset
609 3559 804 3649 praefixum,
828 3560 908 3628 illud
928 3572 1042 3649 postea
1057 3557 1184 3650 praeli·
1301 3601 1302 3608 κ
