2642 4175
334 357 379 402 nn
394 357 629 404 manusuetus
646 357 845 404 uanamoatr
942 344 1010 404 369

121 456 190 546 (uel
208 455 295 545 uiro)
310 455 362 526 da
365 454 528 524 nullitate
538 454 661 544 prioris
677 471 858 526 consensus
874 457 1062 542 certiorato,

119 550 180 620 sed
201 549 248 619 ita
265 559 373 631 caute,
389 558 428 618 ut
444 546 561 619 latoris
580 547 738 618 delictum
755 568 928 638 uunquam
940 570 1062 642 cogno

120 653 269 716 statur»
291 641 375 711 ittud
395 650 467 710 tuto
485 639 650 725 intentur,
673 651 708 711 et
724 640 829 731 probe
853 643 1060 732 notandum,

121 735 213 825 quod
227 733 488 817 Matrimonium,
504 743 542 802 ut
555 733 769 805 renovatione
785 754 966 807 censemus
981 757 1062 809 con·

120 828 278 910 vatesmt,
297 826 370 897 cius
388 825 482 915 prius
498 825 641 896 invalide
657 827 818 898 contracti
831 827 979 908 auilites,
992 850 1061 902 utut
1175 833 1180 840 “

121 932 238 992 tamen
268 919 416 989 eiusdem
442 918 605 990 nuttitatis
636 939 758 1002 causa,
788 920 924 1011 utrique
942 921 1063 993 debeat

122 1012 345 1095 innotescere,
370 1011 567 1101 praesertim
586 1011 614 1080 ai
633 1031 731 1084 eausa
750 1012 909 1083 fundetur
924 1012 960 1082 ia
976 1013 1061 1084 deli·

121 1116 176 1176 cto
196 1104 297 1176 unius
316 1125 353 1174 ex
371 1103 537 1195 partibus,
559 1115 639 1194 puta
660 1104 697 1174 in
714 1103 874 1175 affinitate
892 1116 1060 1176 contracta

121 1218 161 1268 en
181 1198 300 1287 copula
331 1196 472 1280 illicita,
494 1217 562 1287 quo
595 1196 716 1266 delicto
736 1196 899 1285 patefacto
915 1198 1060 1286 piurima

123 1291 258 1373 damna,
281 1301 316 1359 et
331 1289 487 1359 seandala
508 1289 640 1378 possint
650 1288 786 1359 exoriri.
805 1287 891 1360 Sane
906 1291 1060 1380 superias

120 1382 269 1472 exposita
293 1381 441 1453 clausula
467 1402 529 1473 pro
556 1382 753 1453 necessitate
784 1383 1055 1468 minorationis,

121 1477 230 1546 solum
270 1475 390 1545 evincit
427 1475 689 1564 patefaciendam
729 1495 796 1545 non
816 1494 888 1547 esse
908 1474 1056 1547 eiusdem

121 1566 285 1638 nullitotis
311 1588 470 1644 causam:
504 1567 567 1638 hac
595 1567 684 1638 enirn
716 1588 783 1638 non
816 1568 1002 1658 patefacta,
1023 1583 1057 1641 et

119 1660 250 1745 libere,
276 1671 310 1731 ct
328 1680 396 1730 non
415 1680 454 1729 en
472 1680 589 1731 errore
612 1661 777 1746 ratificat,
806 1660 866 1752 qui
894 1662 1058 1734 nullitatis

120 1754 302 1837 duntaxat,
321 1773 389 1823 non
417 1773 537 1823 causae
555 1753 719 1826 nuditatis
737 1755 861 1826 certior
878 1754 1055 1840 redditur;

119 1846 179 1916 sed
213 1846 271 1915 hic
303 1844 512 1916 difficultates
531 1857 565 1916 et
583 1847 766 1935 ambages,
788 1867 887 1935 quam
913 1848 1058 1919 manime

121 1948 330 2009 excrescunt.
373 1937 447 2019 Qua,
476 1938 563 2008 enirn
599 1950 670 2008 arte
695 1940 819 2028 poterit
848 1939 944 2010 alteri
970 1941 1056 2030 parti

121 2032 167 2102 itu
198 2030 310 2121 detegi
343 2030 542 2103 Matrimonii
564 2031 725 2116 mollitas,
763 2041 798 2101 et
821 2032 862 2101 ad
887 2042 1057 2121 praestan

118 2125 199 2195 dum
237 2144 360 2194 nouum
391 2144 590 2195 eonsensum
620 2123 789 2213 pertrahi,
827 2136 864 2193 ut
898 2123 1055 2193 delictum

117 2217 253 2325 ponitus
272 2218 478 2288 occultetur?
495 2215 581 2285 Hinc
599 2215 680 2285 varii
701 2237 720 2285 a
739 2214 930 2303 Theologis,
950 2227 984 2285 et
999 2215 1058 2286 Ca·

116 2310 261 2381 nouistis
289 2309 488 2380 obtinendae
513 2328 694 2379 consensus
725 2307 948 2380 renotationis
967 2309 1055 2378 modi

116 2403 260 2493 proponi
280 2402 410 2487 solent,
433 2422 518 2493 quos
537 2422 659 2491 operae
678 2401 823 2492 pretium
848 2413 922 2486 est,
946 2412 985 2472 ut
1002 2422 1056 2472 re·

116 2515 327 2579 censeamus,
348 2496 436 2565 etad
453 2495 578 2566 serium
597 2514 735 2566 examen
755 2514 961 2565 revocemus.

164 2588 308 2658 Primo
299 2586 402 2675 igitur
420 2599 622 2677 proponunt,
640 2589 730 2679 quod
751 2589 807 2659 ille
827 2588 885 2679 qui
903 2587 1055 2658 conscius

118 2691 170 2751 est
189 2679 421 2787 impedimenti
442 2681 651 2775 dirimentis,
674 2682 762 2752 dicat
786 2682 883 2753 alteri
906 2680 993 2771 porti
1019 2701 1056 2753 se

118 2794 137 2842 a
158 2772 325 2863 principio
341 2762 507 2843 invalide
502 2793 701 2845 consensum
717 2774 934 2864 praestitisse,
954 2774 1004 2844 uei
1020 2794 1055 2844 se

115 2885 187 2939 non
205 2866 435 2948 consensisse,
455 2878 493 2936 ut
515 2887 575 2954 par
595 2879 678 2949 erat,
703 2867 831 2936 deiectu
849 2864 1056 2934 necessariae

116 2958 372 3038 instructionis,
390 2979 451 3028 seu
478 2958 725 3040 advertentiae,
753 2967 998 3046 proptereaque
1017 2976 1055 3024 er

119 3051 260 3121 consilio
285 3050 486 3121 Confessarii
506 3061 684 3141 oportere,
707 3058 745 3118 ut
770 3049 810 3117 sd
835 3047 1055 3119 conscientiae

118 3145 347 3226 securitatem,
367 3144 505 3214 inuicem
525 3161 724 3214 consensum
745 3151 888 3230 uterque
907 3150 1055 3222 renovet,

120 3235 242 3306 unde
232 3256 304 3326 ipse
323 3236 446 3306 iterum
466 3235 630 3308 consentit
647 3233 883 3305 libentisssime
906 3231 1056 3319 accipere

120 3347 194 3397 eam
216 3329 250 3396 in
267 3328 458 3417 coniugem,
480 3341 513 3399 et
531 3339 634 3419 optat,
656 3339 694 3397 ut
713 3327 782 3416 ipsa
800 3325 901 3396 etiam
921 3341 1058 3393 consen·

118 3418 182 3490 tiat
198 3422 240 3491 de
261 3441 346 3491 novo
362 3421 487 3493 habere
507 3442 584 3492 eum
604 3420 639 3491 in
670 3421 857 3504 maritum,
876 3430 911 3490 et
926 3429 1007 3487 tanc
1027 3416 1055 3487 si

119 3531 159 3582 ea
178 3533 314 3604 quoque
338 3532 535 3587 eonsensum
555 3534 652 3584 suum
672 3524 840 3604 praestet,
866 3511 1055 3584 reconvale-

221 3647 259 3698 Dc
276 3642 438 3699 Matrimonia
952 3644 987 3695 tt
