2642 4175
271 339 336 398 140
603 353 707 398 carur
725 354 772 399 111.

221 452 315 540 prins
335 452 445 541 ignota
464 464 589 521 esset.»
606 451 742 522 Schulte
760 452 957 522 Handhnch.
973 455 1031 525 des
1047 455 1154 524 Katol.

222 544 479 614 Kirohenreehta
499 567 532 635 p.
553 545 588 630 l,
609 566 646 614 ιι.
668 544 726 630 st,
747 545 827 616 dicit
854 567 1002 616 errorem
1031 549 1155 616 redun-

224 639 356 707 dantem
379 639 412 707 in
432 659 608 728 personam
629 659 702 708 esse
722 639 755 708 in
785 639 842 709 teli
869 640 1006 709 alterius
1025 651 1157 709 coutra-

222 732 332 800 nentis
348 732 519 822 qualitate,
538 753 624 822 quae
640 743 837 823 conceptum
852 733 924 802 eius
939 734 1156 822 personalita-

176 869 187 876 -
222 823 264 893 tis
284 845 343 893 seu
365 825 637 895 individualitatis
658 827 701 894 ita
727 827 849 896 limitat
874 847 912 894 ac
934 827 1153 909 determinat,

177 912 180 919 ’
223 938 262 985 ac
280 938 340 1006 pro
358 930 490 988 errante
508 919 550 988 ita
567 940 639 988 eam
660 919 842 990 individuat
857 932 903 1001 ut,
927 940 963 989 ea
982 920 1156 989 deficiente

223 1032 299 1099 pars
317 1011 418 1079 altera
440 1011 496 1083 liat
515 1014 577 1081 alia
598 1033 752 1103 persona.
784 1013 830 1081 Ex
855 1012 976 1103 quibus
1002 1013 1156 1081 omnibus

221 1104 332 1189 colligi
349 1125 443 1193 posse
458 1104 587 1174 videtur
605 1126 754 1174 errorem
770 1107 867 1175 talem
886 1125 957 1175 esse
971 1107 1103 1188 debere,
1121 1119 1157 1174 ut

222 1218 383 1287 personae
405 1198 558 1269 identitas
579 1199 738 1281 tollatur,
758 1199 839 1268 adeo
858 1211 894 1268 ut
914 1201 1045 1269 tandem
1063 1216 1158 1268 error

222 1293 404 1363 reducatur
423 1292 462 1359 ad
483 1310 631 1360 errorem
653 1293 686 1360 in
711 1312 903 1382 personam,
929 1314 987 1362 seu
1008 1305 1044 1363 ut
1067 1316 1081 1357 u
1104 1312 1159 1361 re·

219 1385 349 1453 dundet
366 1385 400 1452 in
421 1403 459 1453 ea
492 1396 622 1454 tantum
655 1387 838 1475 qualitate,
872 1407 935 1477 qua
964 1387 1031 1455 sola
1053 1385 1157 1455 futuri

221 1477 373 1564 coniugis
404 1497 543 1567 persona
577 1478 820 1549 determinatur
843 1504 857 1545 r
883 1492 922 1548 nt
951 1479 1094 1548 habetur
1122 1479 1157 1546 in

220 1569 471 1641 instructiones
492 1572 592 1640 dard.
613 1570 768 1662 trottep.
786 1571 962 1645 Viennensi
976 1573 1156 1660 composita

222 1683 285 1753 pro
305 1662 436 1732 iudiciis
456 1663 543 1734 Eccl.
568 1664 699 1754 imperii
715 1666 891 1740 susurret,
911 1666 996 1737 etin
1016 1665 1158 1754 Imperio

223 1756 350 1845 ubique
370 1771 515 1847 recepta.
539 1757 685 1828 Sanchez
702 1761 821 1829 melius
841 1760 899 1829 lib.
920 1756 996 1828 ide
1014 1758 1158 1827 Matrim.

222 1849 309 1938 disp.
333 1847 390 1933 tt,
415 1870 448 1919 n.
471 1850 528 1934 to,
551 1866 583 1922 et
604 1874 698 1942 seqq.
729 1854 823 1922 binas
841 1853 998 1944 proponit
1026 1853 1160 1940 regulas

224 1963 347 2032 easque
367 1945 518 2033 explicat,
541 1967 626 2035 quae
653 1948 758 2014 forme
778 1959 873 2015 sunt:
896 1947 932 2014 l⁰
953 1946 985 2014 Si
1000 1968 1060 2035 per
1081 1967 1161 2035 qna·

224 2035 364 2120 litatem,
389 2038 505 2129 inqua
527 2052 670 2123 erratur,
693 2052 782 2110 certa
804 2051 836 2109 et
856 2040 1023 2109 individua
1044 2060 1159 2129 persu-

223 2150 265 2199 na
287 2132 380 2222 prius
398 2134 604 2203 contrahenti
624 2134 736 2221 ignota
751 2135 954 2223 designetur,
973 2154 1069 2202 error
1084 2153 1161 2223 per-

223 2245 324 2293 sonae
347 2236 410 2294 est.
431 2224 468 2293 9⁰
491 2225 522 2294 Si
542 2228 707 2317 qualitas,
741 2228 775 2296 in
806 2248 869 2316 qua
889 2238 1022 2296 erratur
1042 2226 1161 2295 indivi-

222 2319 323 2385 duam
346 2339 520 2406 personam
540 2341 607 2389 non
626 2320 836 2404 determinet,
856 2341 951 2390 error
966 2321 1069 2389 solius
1081 2341 1163 2409 qna·

224 2410 327 2478 litatis
346 2421 408 2479 est.
434 2410 470 2478 ln
492 2411 633 2481 eundem
666 2432 817 2497 sensnm,
849 2415 905 2482 sed
936 2413 1020 2483 torte
1039 2413 1161 2482 clarius

225 2503 376 2592 loquitur
396 2502 431 2570 P.
458 2502 584 2592 lllsuug
601 2517 697 2576 tract.
721 2505 743 2575 6
763 2507 838 2575 dist.
858 2506 891 2587 9,
913 2528 949 2576 n.
981 2503 1048 2588 86,
1071 2506 1160 2575 iuxta

222 2615 325 2683 quem
350 2619 364 2660 c
382 2614 478 2663 error
495 2598 664 2686 qualitatis
684 2600 849 2669 redundat
866 2600 900 2669 in
920 2619 1110 2689 personam,
1131 2601 1158 2667 si

224 2688 370 2777 qualitas
390 2687 433 2756 sit
452 2688 661 2761 individualis
675 2693 908 2763 determinatio
927 2695 1031 2783 ipsius
1045 2713 1162 2782 perso·

227 2800 302 2862 nae,
325 2791 362 2849 ut
382 2779 410 2849 si
430 2782 530 2853 velles
548 2785 745 2855 contrahere
764 2806 839 2868 cum
864 2786 1105 2875 primogenita,
1128 2800 1163 2854 et

228 2872 286 2941 tibi
308 2872 443 2945 sistatur
461 2880 731 2967 secundogenita.
755 2880 788 2948 Si
809 2892 919 2949 antem
941 2880 1049 2961 hauc,
1078 2899 1163 2969 qua·

224 2986 302 3033 cum
320 2968 500 3052 contrahis,
522 2982 647 3040 tantum
670 2985 767 3062 putas
786 2993 858 3042 esse
879 2972 1159 3062 primogenitam,

225 3069 261 3127 et
278 3069 333 3129 tua
355 3059 495 3132 intentio
515 3084 581 3132 uon
603 3066 710 3134 fertur
730 3068 763 3137 in
794 3066 900 3149 illam,
926 3078 1091 3155 quatenus
1113 3079 1164 3133 est

228 3153 464 3243 primogenita,
486 3159 633 3226 nondum
654 3159 717 3227 luit
747 3179 842 3230 error
872 3159 905 3229 in
932 3178 1160 3250 personam.»

227 3245 376 3337 Denique
398 3250 548 3318 nonnulli
571 3251 727 3322 [lectores
746 3263 862 3342 putant
879 3273 917 3322 ex
937 3252 1165 3341 peculiaribus

226 3338 487 3411 circumstantiis
499 3363 613 3413 rerum
633 3357 666 3414 et
682 3366 899 3434 personarum
914 3345 1164 3414 diiudicandum

229 3450 314 3512 esse,
335 3453 376 3500 an
395 3436 548 3524 qualitas,
561 3438 594 3505 in
609 3459 674 3527 qua
689 3450 836 3508 erratum
850 3449 911 3523 est,
930 3437 1093 3508 eiusmodi
1107 3439 1165 3516 sit,

174 3537 181 3552 ¹
227 3524 317 3593 utin
339 3544 377 3594 ea
399 3547 494 3599 error
513 3550 675 3618 personae
694 3532 903 3615 inclndstnr;
924 3533 1013 3622 quod
1028 3529 1167 3621 quidem
