2642 4175
384 447 386 451 .
497 414 541 459 nn
559 415 770 463 sronsanrnus
1014 410 1056 470 69

162 514 369 605 3333331333
387 515 582 602 perstitisse,
599 527 632 582 et
651 527 760 585 votum
779 518 931 589 illicitum
948 521 1106 592 emissum

162 629 248 690 3333,
271 627 419 698 namquo
451 609 549 696 alitor
578 608 701 682 mulier
733 613 775 681 33
798 614 863 701 333
881 617 1020 684 mentitu
1039 637 1107 685 non

164 703 356 793 puniretur
375 701 471 771 Ars.
493 703 649 787 Thomas,
671 725 768 795 supp.
792 729 826 797 q
849 705 906 791 33,
930 732 960 778 3.
984 709 1101 780 ladi

162 797 261 867 docet
295 816 357 885 par
387 808 499 866 votum
533 797 673 886 simplex
707 800 872 889 sponsalia
906 803 1105 888 dirimenda,

163 901 343 979 propteroa
357 890 458 980 quod,
476 890 533 959 ubi
550 892 635 960 duae
653 905 857 963 concurrunt
876 896 1108 985 obligationes,

164 984 278 1073 potior
292 995 342 1052 est
355 985 586 1072 praelerenda.
595 985 642 1054 Ad
652 1000 885 1074 argumentum
895 991 1107 1081 desumptum

164 1095 205 1146 33
216 1078 318 1148 tacita
337 1078 525 1148 conditione
544 1078 596 1147 «si
612 1088 734 1149 statum
754 1082 926 1151 meliorem
943 1084 1104 1172 elegero»

165 1172 389 1279 respondeum
416 1171 502 1241 bano
522 1172 746 1243 conditionem
777 1195 888 1265 neque
909 1197 947 1245 33
967 1176 1109 1285 disposi-

167 1265 257 1334 tiona
271 1265 356 1335 iuris
372 1264 480 1335 inesse
497 1266 718 1355 sponsalibus,
733 1287 843 1358 neque
858 1290 895 1338 ex
908 1283 1028 1339 natura
1043 1272 1105 1355 rei;

163 1357 290 1427 decisio
312 1357 347 1428 S.
369 1358 404 1429 C.
425 1359 460 1429 C
484 1360 549 1429 alio
569 1371 706 1449 spectat,
729 1383 833 1451 quum
855 1375 931 1453 agat
949 1365 990 1434 de
1007 1384 1108 1454 3333

165 1453 319 1522 salibus
310 1452 402 1523 mitis
420 1467 494 1543 post
512 1454 737 1523 iuramentum
755 1457 957 1548 suscipiendi
974 1458 1109 1529 ordinas

163 1558 199 1615 ot
217 1545 284 1615 iam
306 1559 424 1617 mutuo
445 1569 609 1617 consensu
629 1548 759 1618 solutis

592 1767 684 1859 333.

331 1925 376 1980 Do
396 1923 600 1982 dissolutione
631 1926 671 1983 ob
701 1926 950 1983 tornioniionam.

215 2101 336 2172 Octava
354 2123 452 2172 rausa
474 2103 621 2171 solvendi
643 2104 808 2193 sponsalia
824 2104 922 2172 etium
940 2102 1047 2171 iurata
1064 2115 1114 2172 est

169 2197 383 2286 subsequens
415 2196 610 2265 alterutrius
643 2197 832 2265 fornicatio.
854 2195 1039 2263 bisc-riman
1060 2195 1115 2262 bic

171 2291 245 2361 fieri
266 2290 352 2359 solet
374 2290 414 2358 ab
434 2290 624 2380 aliquibus,
647 2311 690 2359 an
715 2311 860 2379 sponsus
883 2289 996 2378 lapsus
1017 2287 1062 2355 sit
1080 2287 1115 2356 in

175 2382 453 2467 fornicationem,
479 2403 521 2452 33
540 2404 685 2474 333333,
709 2404 784 2452 cnm
804 2393 923 2490 putent
941 2379 1115 2450 libidinem

175 2477 320 2549 33333333
352 2476 538 2583 turpiorem
560 2499 632 2548 3333
663 2498 763 2568 qnam
792 2476 866 2545 viri.
891 2475 1011 2545 Varum
1032 2474 1116 2545 baec

175 2593 243 2642 non
263 2570 423 2639 videtur
414 2582 499 2640 iusta
521 2592 723 2656 causamur
742 2571 812 2640 ad
803 2570 944 2660 imparia
964 2569 1115 2638 iudicen-

174 2679 255 2749 tur,
278 2684 342 2733 333
360 2664 498 2733 honesta
527 2667 649 2735 mulier
675 2666 710 2734 33
733 2686 810 2734 eum
832 2684 944 2734 casum
975 2683 1011 2732 33
1031 2662 1116 2732 obli·

174 2778 271 2848 gassa
290 2759 453 2826 33333333
477 2768 549 2842 est,
572 2772 610 2829 nt
628 2779 704 2828 3333
724 2759 794 2835 viro
812 2758 853 2827 da
873 2758 939 2827 fida
967 2755 1115 2845 coniugii

174 2852 336 2923 servanda
355 2851 500 2940 graviter
520 2863 674 2942 suspecto
690 2851 942 2921 matrimonium
964 2849 1051 2919 33333
1072 2860 1117 2918 te-

176 2957 309 3016 nuatur.
342 2943 521 3013 Solvuntur
540 2956 650 3015 autern
671 2945 837 3036 sponsalia
868 2943 993 3014 intuitu
1012 2942 1115 3012 solius

178 3039 377 3122 innocentis,
392 3038 516 3128 quippo
529 3058 587 3109 roo
604 3040 729 3109 malitia
747 3060 805 3108 sna
826 3037 1027 3129 patrocinari
1048 3056 1115 3104 non

176 3133 290 3202 debet.
321 3132 416 3213 Quod
448 3131 475 3202 si
507 3143 643 3223 proptor
678 3133 931 3202 fornicationem
964 3130 1115 3218 33333333

179 3226 344 3316 sponsalia
362 3225 598 3310 dissolvuntur,
620 3227 839 3295 dubitandum
858 3244 927 3293 333
947 3233 1009 3304 ast,
1032 3222 1116 3311 quin

179 3330 317 3409 propter
340 3319 594 3390 inminationem
621 3318 842 3410 spiritualem,
865 3313 1032 3385 baeresim
1052 3316 1116 3385 soi·

180 3413 267 3497 licat,
287 3413 499 3502 apostasiam,
516 3424 549 3483 at
568 3413 709 3483 schisma
726 3410 860 3480 dissolri
881 3408 1019 3500 possint

225 3508 275 3575 An
287 3506 537 3577 antecedens
508 3529 569 3576 3333
560 3505 774 3587 fornicatio,
790 3504 846 3573 ubi
860 3504 1035 3592 detegatur
1046 3513 1120 3589 post

179 3601 360 3690 sponsalia,
384 3600 510 3671 tribnat
528 3618 669 3690 3333333
690 3597 901 3670 resiliendi
891 3616 968 3678 333,
987 3592 1121 3681 quaesi·
