2642 4175
320 411 366 454 DE
383 408 661 455 Pltoplttnuhutnns
680 410 880 457 malamorta
953 398 1017 457 391

127 509 177 578 uit
194 506 229 577 S.
248 507 389 577 Basilius
408 507 557 596 hlagnns,
575 519 633 577 aut
645 507 757 596 potius
771 508 915 579 Ecclesia
932 506 1068 595 Graeca,

131 603 230 673 cuius
249 599 457 690 disciplinam
481 599 510 668 is
543 600 716 689 expressit.
736 600 891 672 Videatur
911 605 1068 674 canonica

18 718 19 721 ’
133 696 283 766 eiusdem
306 692 339 763 S.
366 692 477 763 Basilii
497 692 601 783 Epist.
623 695 665 764 ad
684 695 950 785 Amphilochium
979 718 1008 766 c.
1031 697 1068 766 4.

132 790 205 860 Non
224 788 359 857 aliunde
389 798 501 856 autem
531 788 672 876 petenda
701 802 751 860 est
770 789 910 859 huiusce
945 791 1069 861 severi·

18 890 20 897 ⁴
133 881 210 953 tatis
231 880 329 965 ratio,
351 900 450 970 quam
470 900 509 949 ex
525 893 737 972 praesumpta
765 883 910 952 secundo
940 885 1069 954 uuhen·

132 976 217 1045 tium
237 973 501 1058 incontinentia,
531 985 568 1044 nt
589 994 690 1064 supra
720 975 961 1046 indicavimus:
984 997 1069 1067 quae

18 1106 19 1111 =
131 1069 235 1139 etiarn
254 1068 289 1136 in
303 1088 399 1137 causa
421 1067 494 1146 luit,
513 1078 550 1136 ut
567 1066 630 1156 ipsi
650 1070 795 1139 secundo
816 1069 991 1153 nubentes,
1011 1070 1071 1139 he·

130 1161 316 1233 nedictioni
334 1160 555 1242 sacerdotali,
575 1161 658 1251 quin
683 1162 750 1232 irno
772 1161 990 1253 eleemosynis
1010 1162 1072 1232 Ec·

130 1256 254 1326 clesia‘e
274 1255 494 1343 privaremur.
529 1253 597 1323 Hac
616 1268 727 1326 autem
759 1255 863 1325 veteri
896 1255 1070 1345 disciplina

131 1361 242 1419 motus
255 1348 374 1418 Petrus
393 1348 434 1416 de
452 1348 558 1416 llarca
573 1348 780 1433 existimavit,
797 1362 950 1438 utsupra
970 1349 1071 1418 etiam
1191 1371 1194 1379 ·

132 1442 375 1525 iudicavimus,
404 1441 565 1511 secundas
596 1442 730 1530 nuptias
762 1455 851 1514 ratas
882 1442 1017 1532 quidem
1039 1452 1072 1512 et

132 1536 300 1626 legitimas
322 1535 409 1624 apud
434 1532 604 1624 antiquam
633 1535 812 1606 Ecclesiam
845 1535 946 1606 inisse
964 1533 998 1603 in
1018 1556 1073 1606 ra·

131 1631 223 1699 tione
244 1640 446 1711 contractus,
467 1628 536 1697 ueri
555 1639 665 1698 tamen
685 1628 889 1700 Sacramenti
906 1628 1071 1700 rationem

23 1734 26 1741 ’
132 1722 331 1813 neutiquam
351 1720 531 1806 hahuisse,
554 1722 632 1812 quia
657 1742 778 1813 nempe
805 1723 992 1813 praeseutia
1014 1722 1072 1793 Sa·
1166 1749 1174 1762 ·

131 1817 276 1886 cerdonis
312 1827 345 1884 et
378 1814 546 1883 Ecclesiae
581 1815 811 1886 benedictione
846 1817 1070 1906 privarentur.

131 1911 284 1999 Cumque
323 1908 423 1976 etiam
464 1907 702 1977 incontinentia
744 1908 884 1977 maxime
916 1910 1074 1979 dedeceat

134 2002 305 2073 Ecclesiae
326 2001 518 2085 ministros,
541 2000 618 2070 inde
648 2000 904 2090 irregularitatis
924 2023 963 2071 ex
981 2002 1075 2091 higa·
1122 2016 1125 2020 ·

137 2097 202 2166 mia
240 2096 469 2186 promerentis
498 2116 632 2163 causam
664 2094 810 2184 aliquam
831 2095 949 2163 deduci
979 2114 1075 2184 posse

135 2211 201 2260 non
221 2188 436 2277 ambigimus.
455 2187 602 2260 Diximus
633 2207 768 2256 comam
801 2187 973 2276 aliquam,
995 2188 1074 2277 quia

19 2361 20 2366 η
137 2284 169 2353 in
187 2283 351 2353 hodierno
373 2284 445 2351 iure
472 2281 631 2350 canonico
661 2280 891 2370 irregularitas
918 2280 1001 2349 haec
1019 2300 1073 2350 re·

137 2377 261 2466 petitur
281 2397 298 2445 a
320 2376 449 2444 delectu
470 2373 699 2454 Sacramenti,
722 2375 809 2465 quod
830 2393 897 2443 non
915 2373 984 2465 hoc
998 2372 1073 2463 qui·

137 2474 210 2540 dem
228 2489 328 2540 sensu
349 2475 398 2538 est
413 2467 679 2557 intelligendum,
714 2467 808 2558 qnasi
827 2468 991 2538 secundae
1011 2488 1074 2536 nn·

138 2564 237 2652 ntiae,
257 2563 324 2632 ritu
344 2560 493 2652 legitimo
512 2573 710 2646 contractae,
724 2582 791 2632 non
808 2562 874 2633 sint
890 2581 1004 2631 verum
1020 2560 1075 2631 Sa·

138 2668 371 2739 crementum,
395 2656 452 2724 sed
483 2655 516 2723 in
536 2674 576 2724 co
596 2655 661 2724 alio
686 2676 786 2725 sensu
806 2668 856 2727 est
885 2656 1074 2745 intelligen-

137 2752 236 2833 dum,
259 2749 348 2839 quod
386 2769 506 2837 nempe
538 2748 736 2837 significatio
761 2748 984 2831 Sacramenti,
1006 2769 1073 2818 nou

138 2856 203 2912 tam
223 2843 368 2933 perlecta
389 2841 423 2910 in
444 2842 609 2925 secundis,
633 2862 733 2931 quam
755 2842 788 2910 in
813 2841 929 2931 primis
949 2840 1074 2929 nuptiis

139 2938 280 3006 eluceat.
303 2934 385 3005 Eum
405 2933 494 3004 enim
525 2933 771 3003 llatrimoninm
804 2932 969 3022 significet
997 2949 1075 3001 cou-

140 3028 344 3100 iunctionem
364 3027 487 3098 Christi
507 3047 582 3095 cum
603 3026 761 3120 Ecclesia,
780 3046 867 3117 qnae
884 3025 1074 3095 coniunctio

140 3133 187 3191 est
202 3122 306 3191 unius
321 3121 361 3190 ad
379 3142 491 3203 unam,
513 3139 611 3189 nemo
631 3140 699 3189 non
718 3120 818 3203 videt,
836 3118 924 3208 quod
945 3139 1011 3187 non
1030 3118 1074 3187 ita

139 3216 283 3303 periente
301 3213 493 3284 huiusmodi
519 3213 709 3284 coniunctio
735 3233 796 3303 per
822 3210 1001 3298 bigamiam
1021 3229 1075 3279 er·

142 3308 319 3395 primatus.
339 3307 513 3377 Rationem
531 3307 617 3377 hanc
642 3307 738 3376 aliert
766 3304 952 3375 Celcstinus
977 3301 1020 3371 lll
1040 3303 1075 3373 in

140 3422 210 3491 cap.
220 3399 790 3488 dehitnmdelligamis.Statigitnr,
800 3397 888 3489 quod
897 3393 1072 3482 secundae,

140 3506 172 3563 et
189 3495 366 3565 ulteriores
386 3494 529 3583 Nuptiae
547 3494 670 3563 nedum
685 3494 752 3562 sint
766 3493 801 3562 in
813 3512 848 3563 se
862 3492 1001 3575 validae,
1021 3511 1075 3560 ve·

140 3607 210 3656 rnm
223 3588 321 3657 etiam
337 3587 458 3672 licitae,
470 3587 677 3677 proindeque
686 3586 988 3657 innocentiuslllin
999 3604 1072 3672 cap.
