2642 4175
221 335 285 392 168
555 347 657 413 canor
673 347 720 392 111.

170 445 272 515 veteri
304 446 477 538 disciplina
496 447 598 519 smol
619 468 697 517 oum
724 444 889 536 baptismo
912 444 1112 517 Sacramen-

170 549 241 607 tum
262 536 531 611 confirmationis
564 539 709 615 conferri
739 538 934 623 consuevit;
963 540 1110 631 ideoque

170 632 229 722 qui
248 633 371 722 patrini
392 635 425 704 in
447 635 614 726 Baptismo
632 634 783 719 fuissent,
804 632 928 724 patrini
953 634 1050 704 etiam
1070 656 1111 705 e·

169 737 245 797 rant
262 728 298 797 in
315 726 588 799 confirmatione.

215 819 298 891 Ante
319 820 397 914 Spu.
420 823 647 894 Tridentinam
667 818 848 910 spiritualis
869 821 1045 913 coguatio,
1067 834 1109 891 ut

170 915 368 1000 praesertim
396 916 508 988 videre
529 929 579 987 est
604 918 691 1005 apud
712 913 904 985 Gratianum
935 937 964 983 c.
984 912 1047 998 30,
1067 937 1102 1005 q.

167 1004 191 1075 3
208 1018 244 1079 et
261 1007 284 1078 l
299 1010 406 1080 multo
423 1011 522 1081 latius
536 1011 655 1100 patuit.
672 1008 804 1098 Triplex
822 1009 949 1098 quippe
966 1008 1106 1078 huiusce

167 1100 350 1190 spiritualis
369 1105 575 1194 cognationis
595 1104 722 1194 species
739 1103 993 1192 agnoscebatur,
1007 1102 1108 1172 nimi·

165 1216 241 1264 rum
262 1198 465 1285 paternitas,
485 1197 754 1288 compaternitas,
771 1207 804 1264 et
817 1195 1020 1266 fraternitas.
1042 1195 1106 1265 Pa·

166 1290 306 1359 tennitas
323 1303 395 1360 erat
414 1313 481 1361 non
502 1293 609 1361 solum
632 1292 720 1360 inter
751 1290 973 1380 baptizantem
994 1299 1027 1359 ct
1045 1289 1106 1358 ba·

165 1381 338 1471 ptizatum,
361 1384 449 1455 inter
468 1385 721 1455 confirmantem
743 1394 776 1452 et
794 1384 1038 1465 confirmatum,
1056 1383 1107 1452 in·

165 1487 218 1544 ter
238 1478 387 1564 patrinos
414 1491 447 1547 et
464 1476 665 1567 baptizatum
700 1490 734 1547 et
759 1478 1018 1560 confirmatum,
1045 1478 1103 1547 sed

166 1567 265 1637 etiam
284 1570 371 1641 inter
386 1571 587 1661 baptizatum
607 1584 641 1645 et
655 1571 891 1643 confirmatum
912 1583 947 1639 et
968 1591 1101 1639 uxorem

167 1660 240 1731 sire'
254 1665 401 1751 patrini,
423 1667 491 1736 sive
517 1666 737 1755 baptizantis,
759 1664 826 1734 sire
852 1663 1102 1747 confirmantis,

166 1775 267 1845 quam
286 1758 339 1829 isti
359 1761 538 1831 camaliter
550 1772 647 1841 antea
657 1760 902 1848 cognovissent.
915 1758 997 1829 Cum
1012 1757 1103 1829 euim

167 1870 252 1919 uxor
269 1852 314 1922 sit
333 1874 400 1923 noa
419 1858 497 1927 caro
515 1876 590 1923 eum
611 1854 681 1923 viro
699 1874 778 1934 suo,
802 1852 925 1923 idcirco
944 1863 1104 1929 staurium

164 1941 299 2029 inerat,
319 1958 357 2017 ut
379 1948 533 2038 cognatio
553 1947 737 2038 spiritualis
758 1957 926 2017 contracta
946 1967 964 2015 a
984 1945 1053 2017 siro
1069 1946 1104 2014 in

166 2056 305 2112 uxorem
324 2041 417 2114 illius
448 2042 547 2114 etiam
575 2042 824 2116 refunderetur.
842 2039 1107 2131 Comparernitas

169 2143 242 2202 eret
260 2134 348 2206 inter
366 2149 521 2227 parentes
540 2137 710 2206 naturales
729 2134 896 2225 baptizati,
912 2134 1104 2206 autocnfir-

167 2226 247 2296 mati
269 2249 308 2300 ea
329 2251 393 2300 uua
415 2242 522 2319 parte,
538 2241 573 2300 et
591 2240 747 2319 parentes
764 2228 839 2299 eius
858 2227 1048 2319 spirituales
1061 2249 1103 2300 ex

165 2318 269 2392 altera
289 2334 409 2412 parte,
427 2323 553 2393 scilicet
573 2323 661 2393 inter
685 2323 906 2413 baptizantem
928 2333 962 2394 ot
979 2321 1103 2393 confir·

160 2424 308 2486 mantem
342 2427 375 2488 et
394 2417 542 2506 patrinos
576 2416 734 2508 Baptismi
755 2428 789 2487 et
806 2416 1099 2499 confirmationis,
1147 2471 1162 2483 .

156 2503 353 2598 horumque
368 2510 520 2581 omnium
536 2530 656 2582 uxores
676 2522 772 2582 antea
792 2511 972 2584 carnaliter
991 2511 1104 2604 capni-

155 2610 224 2670 las.
243 2600 337 2673 Unde
357 2603 385 2670 ui
400 2603 502 2674 ,istius
535 2605 743 2696 cognationis
764 2605 933 2694 baptizans
951 2658 960 2687 ,
979 2604 1102 2678 confir·

161 2709 257 2766 mans
275 2705 310 2765 et
337 2697 460 2786 patrini
480 2697 677 2770 dicebantur
696 2706 899 2789 compatres,
929 2710 963 2768 et
982 2718 1101 2771 uxores

161 2786 262 2857 etiam
283 2788 444 2879 ipsorum,
466 2794 616 2882 quamvis
634 2793 718 2862 nilril
738 2792 992 2882 praestitissent,
1015 2792 1103 2862 dice·

159 2878 283 2952 bantur
303 2894 495 2958 oomotmres
523 2887 681 2978 baptizati
711 2888 761 2957 vel
780 2886 983 2956 confirmati.
1005 2883 1101 2956 Com-

158 2982 294 3061 potrco,
316 2977 477 3069 inquam,
509 2992 543 3049 et
572 2989 766 3052 cotomotrer
799 2980 996 3051 dicebantur
1022 3000 1101 3058 cum

159 3070 354 3157 parentibus
385 3074 594 3146 naturalibus
614 3074 719 3165 ipsius
743 3073 898 3163 baptizati
926 3085 961 3146 et
976 3072 1101 3146 confir·

159 3162 253 3233 mati.
275 3163 421 3238 landem
441 3168 631 3240 lraternitas
650 3180 724 3242 erat
740 3168 828 3242 inter
846 3168 933 3238 filios
949 3167 1100 3240 carnales
1229 3181 1239 3194 ‘

157 3253 357 3346 baptizantis
373 3271 407 3331 et
420 3262 660 3346 confirmantis,
678 3263 729 3333 rel
750 3261 960 3353 patrinorum
980 3282 1019 3334 er
1033 3280 1099 3332 aaa

157 3360 278 3436 parte,
309 3364 343 3424 et
361 3353 469 3444 ipsum
500 3355 735 3430 confirmatum
755 3356 806 3427 sel
828 3355 1032 3446 baptizatum
1059 3375 1100 3424 er

157 3441 263 3513 altera
281 3458 390 3536 parte.
410 3448 494 3519 Cum
512 3449 601 3522 euim
623 3450 807 3541 baptizans,
827 3450 1097 3531 oeconomias,

156 3543 193 3603 et
212 3538 363 3625 patrinos
396 3555 506 3616 essem
537 3555 750 3634 compatres,
779 3544 982 3633 sequebatur
1007 3542 1099 3633 quod
