2642 4175
448 306 450 315 ’
523 324 752 370 crannonem.
989 310 1054 369 519

156 423 213 504 lis,
234 421 351 490 valant
371 420 503 510 quidem
525 420 760 506 Sacramenta,
788 422 843 492 sed
864 422 1009 511 graviter
1028 443 1104 514 pec·

157 525 240 584 cant
261 514 408 585 ministri
425 526 538 584 contra
556 516 733 586 Ecclesiam
750 517 932 602 iubentem,
949 537 991 587 ne
1006 519 1103 608 quid·

157 630 266 698 quam
288 610 322 677 in
344 608 482 678 materia
510 621 542 678 et
561 611 667 679 forma
689 608 976 680 Sacramenturuur
1003 611 1104 682 adda·

157 713 228 786 tur,
254 702 453 793 detrahatur
481 702 531 772 vel
561 705 769 773 immutetur.
795 703 990 794 Praescripti
1020 726 1104 796 quo·

158 817 234 886 que
251 796 341 866 ritus
359 797 392 865 in
414 797 703 868 sacramentorum
718 798 1014 879 administratione,
1028 799 1106 870 licet

157 891 199 958 ad
227 889 438 961 Sacrameuti
459 892 660 961 validitatem
679 912 745 960 non
765 892 968 982 pertineant,
990 913 1105 963 ornnes

148 983 293 1055 ,debent
312 985 463 1055 adhiberi
481 996 514 1055 et
538 987 652 1075 procul
674 986 774 1055 dubio
802 986 892 1074 gravi
912 986 1051 1056 crimine
1069 1006 1105 1057 se

157 1077 418 1167 obstringerent
437 1078 604 1161 ministri,
622 1080 680 1169 qui
700 1101 756 1150 eos
776 1100 835 1169 pro
855 1080 952 1149 libitu
973 1079 1106 1150 omitte·

157 1174 238 1241 re'nt
259 1184 320 1241 aut
339 1192 439 1244 novos
454 1173 535 1243 alios
555 1174 760 1244 inveherent.
778 1174 918 1243 Tantum
937 1174 971 1241 in
990 1173 1106 1243 Sacra·

161 1266 313 1349 mentis,
336 1288 422 1357 quae
450 1268 489 1336 ad
523 1268 791 1338 iustificationem
812 1266 997 1337 necessaria
1028 1277 1106 1337 sunt

158 1360 365 1429 necessitate
379 1361 492 1444 medii,
510 1362 705 1433 necessitate
726 1374 877 1449 urgente,
895 1372 1052 1450 poterunt
1063 1362 1106 1429 ri·

160 1462 215 1522 tus
237 1467 274 1523 et
309 1454 538 1524 caeremoniae
559 1455 803 1544 praetermitti3
838 1457 920 1546 quin
951 1455 1052 1524 etiam
1071 1454 1105 1522 in

160 1566 201 1614 eo
224 1568 308 1616 casu
329 1548 356 1616 si
389 1559 478 1619 certa
508 1550 646 1619 materia
675 1549 789 1619 baberi
814 1560 982 1639 nequeat,
1005 1548 1104 1616 dubia

160 1638 355 1710 adhibenda
377 1654 447 1724 est3
468 1653 504 1711 ut
521 1644 652 1713 meliori
685 1665 750 1734 quo
771 1643 843 1712 fieri
875 1653 983 1732 potest
1007 1644 1105 1712 modo

161 1746 326 1804 aeternae
346 1736 570 1824 proximorum
602 1739 699 1806 saluti
721 1737 925 1806 consulatur.
948 1738 988 1805 lc
1014 1747 1104 1806 entra

160 1828 378 1897 necessitatis
399 1849 509 1898 casum
529 1830 695 1918 piaculum
711 1842 760 1899 est
775 1830 948 1901 materiam
969 1830 1104 1899 dubiam

79 1964 82 1973 -
161 1940 346 2012 usurpare,
379 1942 421 1990 ne
441 1921 589 2012 periculo
608 1924 770 1992 nullitntis
788 1922 1037 1991 Sacramentum
1058 1933 1106 1991 te·

161 2035 259 2085 mere
295 2015 531 2084 committatur.
569 2015 742 2086 Praeterea
768 2037 806 2085 ex
838 2015 1021 2083 Alexandro
1047 2014 1103 2098 lll,

163 2129 240 2199 cap.
277 2108 300 2177 ἓ
330 2110 371 2178 de
400 2110 565 2200 Baptismo
597 2123 630 2179 et
657 2111 748 2200 praxi
768 2108 990 2178 Ecclesiarum
1013 2129 1106 2178 rece·

162 2214 259 2289 ptum
284 2215 345 2286 est,
369 2216 406 2274 ut
426 2226 492 2295 quo
513 2225 590 2273 casu
610 2205 793 2292 prudenter
811 2202 997 2284 dubitetur,
1023 2219 1103 2270 num

163 2295 419 2367 Sacramentum
438 2299 593 2368 collatum
612 2298 725 2381 luerit,
747 2298 797 2366 vel
820 2295 919 2366 etiam
940 2316 982 2363 an
998 2295 1105 2365 valida

163 2388 322 2461 habenda
339 2392 382 2462 sit
401 2392 506 2481 ipsius
527 2392 671 2475 collatio,
690 2392 752 2460 sub
769 2393 874 2460 lorma
889 2389 1104 2458 conditionali

164 2482 422 2554 Sacramentum
445 2483 658 2568 conseratur,
689 2485 791 2557 ueluti
814 2487 845 2553 oi
863 2504 929 2553 noa
947 2504 980 2553 ec
999 2484 1105 2573 bapti·

78 2632 80 2636 ,
158 2586 270 2661 actuo,
295 2599 350 2666 auo
370 2586 401 2647 te
418 2579 566 2669 baptizo·
587 2579 689 2669 idque
706 2581 813 2649 locum
837 2578 937 2647 babet
966 2597 1032 2647 non
1051 2598 1106 2647 so·

73 2753 76 2758 4
163 2670 235 2738 lum
258 2673 294 2739 in
316 2671 548 2752 Sacramentis‚
570 2694 657 2763 quae
675 2693 743 2743 non
764 2673 947 2755 iterantur,
971 2670 1034 2741 boc
1055 2682 1106 2741 est

166 2762 350 2853 baptismo,
372 2766 643 2849 confirmatione,
666 2779 699 2836 et
717 2765 852 2848 Ordine,
871 2766 929 2834 secl
950 2765 1103 2833 etiamen

164 2858 332 2928 sententia
342 2858 586 2949 Theologorum
598 2861 631 2928 in
645 2871 852 2930 sacramento
866 2856 1104 2938 Paenitentiae,

166 2950 193 3018 si
215 2952 371 3021 minister
390 2953 542 3038 dubitet,
576 2974 658 3021 num
684 2954 871 3024 subiectum
904 2950 939 3019 iu
963 2950 1104 3020 articulo

168 3045 288 3114 mortis
307 3047 522 3116 constitutum
538 3047 756 3117 absolutionis
776 3068 875 3137 capax
895 3044 963 3114 sit.·

210 3136 428 3209 Sacramenta
450 3151 561 3210 autem
588 3161 691 3210 norae
713 3140 796 3230 legis
815 3150 941 3231 septem
962 3154 1103 3206 numero

167 3242 257 3313 sunt,
274 3231 460 3322 Baptismus
474 3255 606 3324 nempe,
628 3234 855 3317 Confirmatio,
879 3230 1100 3314 Eucharistia,

169 3320 401 3409 Paenitentia,
423 3327 575 3398 Extrema
596 3328 730 3412 Unctio,
758 3326 846 3397 Ordo
873 3337 906 3397 el
936 3323 1104 3394 llatrimo·

168 3415 275 3498 nium,
294 3421 384 3510 quod
404 3421 522 3510 dogma
546 3422 622 3490 fidei
643 3435 695 3494 est
729 3443 747 3492 a
774 3418 976 3490 Tridentinis
987 3416 1104 3487 'Patri-

168 3507 232 3579 bus
257 3513 444 3583 delinitum.
477 3515 519 3585 Εἰ
549 3536 586 3586 ea
617 3516 751 3606 quidem
778 3514 906 3603 singula
933 3521 1102 3582 auctorem
