2642 4175
269 375 334 435 246
605 386 707 434 canor
723 387 770 430 ur.

219 488 351 577 liosque
372 506 508 575 paucos.
525 484 605 554 Vide
633 483 757 553 Giraldi
779 508 812 574 p.
832 485 858 568 1,
880 498 959 554 sect.
985 477 1159 553 tat-tao.

268 572 314 648 Er
331 579 452 669 quihus
472 578 627 648 omnibus
646 577 814 666 colligitur
832 577 1082 648 matrimonium
1100 599 1161 648 eo-

223 694 297 742 rum
313 693 455 762 quorum
465 673 549 741 alter
556 672 716 761 probatur
731 672 905 760 impotens,
918 692 984 740 non
999 693 1070 741 esse
1084 693 1161 760 pro-

223 766 294 855 pria
309 765 576 835 contrahentium
589 765 769 848 voluntate,
787 764 844 834 sed
860 764 978 833 iudicis
999 765 1159 851 Ecclesia·

222 858 295 928 stici
314 858 511 930 auctoritate
531 858 793 938 dissolvendum,
817 868 887 927 tum
908 858 985 948 quia
1006 858 1157 947 alioquin

224 952 436 1034 suboriretur
453 952 643 1020 scandalum
660 1004 669 1036 ‚
686 972 760 1020 curn
781 950 973 1020 huiusmodi
995 971 1159 1041 personae

222 1064 282 1134 pro
296 1045 453 1134 legitimis
466 1045 663 1133 coniugibus
675 1044 796 1134 passim
809 1044 924 1113 haberi
935 1046 1074 1128 soleant,
1084 1056 1157 1113 turn

224 1139 300 1228 quia
320 1138 416 1208 facile
435 1139 654 1227 contingeret,
678 1150 715 1208 ut
733 1138 817 1207 alter
839 1139 891 1207 rel
905 1150 1059 1227 uterque,
1082 1159 1155 1205 mu·

223 1244 299 1301 tuae
313 1230 526 1301 habitationis
538 1242 722 1319 pertaesus,
741 1230 876 1301 fictitiae
888 1230 1102 1321 impotentiae
1115 1233 1159 1299 la-

224 1325 300 1394 bem
321 1325 416 1394 alteri
437 1324 635 1412 imponeret.
653 1324 831 1393 Processus
846 1345 947 1413 porro
963 1325 1003 1392 ad
1016 1324 1158 1393 iormam

222 1417 336 1486 Const.
355 1416 437 1486 Ben.
455 1417 522 1484 xlv
541 1416 601 1486 Der
616 1435 848 1501 ursunnrrouu,
868 1428 901 1486 et
916 1418 1005 1486 iuxta
1025 1416 1058 1486 S.
1070 1418 1106 1487 G.
1118 1419 1154 1487 C.

224 1510 478 1584 instructionem
507 1508 552 1577 ti
572 1513 656 1599 Aug.
679 1507 771 1579 1840
792 1509 908 1580 cousrci
929 1510 1039 1595 debet,
1060 1510 1157 1581 etita

223 1603 371 1692 quidem,
389 1615 427 1672 ut
440 1601 586 1692 primum
600 1603 796 1687 excutiatur,
808 1603 1103 1692 auprocedendum
1117 1605 1158 1674 sit

224 1716 263 1765 er
282 1694 407 1764 iustitia
426 1716 528 1785 super
543 1696 696 1767 nullitate
710 1696 913 1767 matrimonii
923 1718 961 1765 er
969 1697 1077 1786 capite
1094 1698 1155 1766 im-

224 1789 393 1877 potentiae
414 1790 641 1878 praecedeutis
660 1811 699 1859 ac
717 1801 910 1879 perpetuae,
926 1791 977 1859 vel
990 1789 1101 1878 potius
1122 1813 1158 1861 er

225 1882 332 1970 gratia
344 1884 451 1951 solum
465 1903 566 1972 super
578 1883 801 1973 disputatione
814 1904 831 1952 a
846 1883 1059 1952 matrimonio
1072 1895 1155 1968 rato,

224 1985 339 2043 elnon
357 1988 597 2060 consummato,
612 1977 653 2045 oh
673 1976 903 2065 impotentiam
924 1978 1157 2065 temporariam

224 2090 264 2137 ac
277 2071 484 2159 sequentem,
510 2069 641 2160 aliaque
661 2091 772 2154 causa,
791 2082 848 2139 aut
864 2070 964 2138 simul
978 2091 1014 2139 er
1033 2069 1156 2142 iustitia

225 2165 407 2251 sigrada,
432 2185 498 2252 quo
517 2185 595 2232 casu
616 2164 752 2254 ponitur
772 2164 922 2254 quaestio
942 2163 1106 2234 nullitatis
1126 2179 1157 2236 et

223 2255 479 2344 dispensationis
492 2257 555 2326 hoc
568 2256 693 2346 duplici
713 2256 827 2325 dubio:
847 2256 884 2323 l⁰
903 2257 950 2324 Au
971 2268 1100 2326 constet
1118 2259 1156 2329 de

221 2348 375 2419 nullitate
396 2350 598 2418 matrimonii
617 2350 652 2418 in
670 2370 759 2428 casu,
773 2349 808 2418 2⁰
823 2363 856 2420 et
875 2363 1039 2439 quatenus
1056 2370 1156 2439 nega·

221 2441 304 2526 tire,
327 2463 368 2510 an
388 2443 431 2512 sit
462 2443 703 2512 consulendum
725 2441 802 2512 SS¹¹²⁰
821 2465 881 2533 pro
911 2443 1154 2531 dispensatione

224 2555 242 2602 a
260 2535 472 2604 matrimonio
490 2548 561 2605 rato
581 2546 615 2606 et
640 2556 708 2606 non
727 2537 983 2607 consummato?
1003 2535 1035 2605 Si
1055 2537 1156 2607 viret

221 2626 356 2711 mulier,
377 2627 495 2697 iudicis
514 2628 735 2700 Ecclesiastici
755 2629 970 2712 auctoritate,
991 2650 1029 2698 ex
1050 2631 1154 2720 impo-

222 2719 346 2789 tentiae
366 2742 487 2806 causa,
508 2723 672 2792 declarata
701 2722 903 2793 matrimonii
924 2722 1089 2806 nullitate,
1104 2745 1154 2793 se·

222 2813 329 2902 parati
348 2814 484 2900 suerint,
506 2816 635 2885 nullum
654 2816 805 2900 dubium,
820 2817 901 2906 quin
920 2837 997 2905 pars
1017 2819 1153 2906 copulae

221 2906 340 2976 idonea
360 2911 543 2977 secuudum
564 2908 668 2998 possit
677 2909 878 2979 contrahere
893 2909 1154 2991 matrimonium,

220 3019 287 3068 uon
309 3011 420 3070 autem
438 3024 514 3091 pars
534 3003 574 3071 ad
588 3005 745 3092 copulam
764 3003 942 3094 impotens,
964 3002 1029 3072 nisi
1050 3003 1153 3093 impo-

220 3092 323 3163 tentia
340 3093 382 3163 sit
394 3096 508 3164 solum.
523 3096 703 3185 respectiva
723 3118 798 3165 cum
813 3107 902 3167 certa
917 3116 1072 3185 persona;
1087 3118 1151 3186 quo

220 3187 255 3256 in
275 3208 351 3257 casu
376 3200 485 3277 potest
504 3189 754 3259 matrimonium
774 3189 971 3259 contrahere
984 3210 1059 3258 cum
1075 3191 1148 3273 alia,

220 3281 378 3370 adquam
397 3293 513 3371 potens
532 3303 605 3352 esse
624 3283 862 3372 praesumitur.
886 3281 917 3352 Si
939 3302 1006 3352 non
1026 3294 1150 3352 constat

220 3373 260 3442 de
281 3373 488 3463 impotentia,
511 3376 661 3467 adeoque
692 3378 733 3447 de
762 3376 914 3448 nullitate
934 3374 1149 3458 matrimonii,

221 3476 289 3534 tota
310 3468 461 3554 quaestio
475 3489 514 3538 eo
530 3469 713 3554 reducitur,
730 3482 767 3539 ut
781 3470 943 3553 videatur,
960 3490 1004 3540 an
1023 3490 1062 3539 ex
1079 3489 1151 3558 gra·

221 3557 266 3627 tia
287 3557 470 3649 dispensari
491 3561 595 3651 possit
621 3583 639 3633 a
664 3562 877 3633 matrimonio
898 3575 983 3647 rato,
1000 3563 1150 3632 dummo-
