2642 4175
364 371 409 415 nn
426 373 664 419 mennmnnrro
682 374 879 421 mrnmonn
977 363 1043 421 315
1164 441 1168 450 Δ

152 471 247 561 loqui
265 490 334 539 non
349 471 390 539 de
406 468 656 559 impedimento,
673 473 729 543 sed
748 473 789 543 de
809 473 949 544 crimine
964 486 1091 564 raptus,

155 577 322 655 quatenus
343 573 392 630 est
412 565 539 652 species
566 566 718 635 luxuriae
740 588 757 637 a
779 579 893 657 stupro
913 568 1091 651 distincta,

155 656 406 748 etspecialibus
427 657 542 745 poenis
561 659 747 748 plectenda.
776 662 823 731 Ad
844 663 1025 731 secundum
1045 682 1095 730 re-

155 766 272 842 petere
290 769 358 818 non
373 750 504 818 eritabs
518 773 566 830 re,
575 754 801 824 seductionem
816 756 944 825 nultum
960 754 1097 844 impedi·

155 857 307 917 mentum
322 843 535 951 constituere,
547 846 573 914 si
587 867 624 915 er
640 849 926 936 praecedentibus,
935 849 1095 937 probetur

155 959 356 1009 consensum
377 957 410 1005 rn
429 951 576 1027 raptum,
599 940 723 1011 intuitu
742 942 971 1025 matrimonii,
997 940 1095 1010 exsti·

156 1034 248 1103 tissa.
270 1030 334 1099 Ubi
359 1031 510 1119 probatio
530 1033 627 1116 desit,
649 1056 718 1103 non
738 1047 853 1123 raptus
873 1033 1093 1115 seductionis,

155 1129 211 1197 sed
234 1125 412 1193 violentiae
432 1126 668 1214 praesumitur,
692 1139 725 1196 et
743 1129 876 1211 mulier,
894 1127 973 1197 licet
986 1138 1097 1214 rapto-

39 1293 44 1302 ,
155 1241 227 1290 rem
256 1229 440 1307 sequatur,
464 1231 619 1290 censetur
638 1220 826 1291 dissentire.
846 1222 893 1289 Ad
914 1219 1099 1290 decisiones

76 1384 83 1406 Χ
155 1313 187 1384 8.
208 1313 339 1393 Rotae,
363 1331 401 1379 ac
421 1310 516 1384 Sed.
536 1314 572 1382 C.
596 1335 682 1404 quae
701 1314 801 1384 tertio
821 1316 893 1384 loco
914 1312 1097 1384 affereban-

155 1419 232 1490 tur,
255 1404 399 1474 dicimus
421 1426 476 1475 eas
495 1407 623 1476 nullum
644 1408 740 1476 nobis
758 1408 930 1497 negotium
957 1408 1097 1476 facesse·

155 1521 205 1570 re.
231 1500 315 1569 Rota
347 1498 463 1582 enim,
487 1500 612 1569 missis>
629 1501 815 1570 rationibus
835 1524 852 1570 a
878 1500 1001 1571 Giraidi
1021 1501 1044 1568 1.
1064 1519 1094 1566 c.

155 1593 190 1662 in
213 1592 360 1661 medium
396 1593 543 1682 prolatis,
567 1594 755 1665 nullitatem
774 1594 1003 1677 matrimonii,
1026 1604 1096 1662 tum

155 1709 195 1756 ex
213 1685 321 1774 capite
342 1685 628 1771 clandestinitatis,
647 1701 718 1758 turn
736 1710 774 1758 ex
794 1710 891 1759 causa
912 1700 1027 1777 raptus
1045 1688 1099 1754 de·

157 1779 310 1849 claravit.
333 1779 587 1849 Clandestinitas
623 1795 737 1870 aperte
768 1784 962 1863 constabat,
983 1791 1099 1869 raptus

22 1923 23 1940 ,
156 1884 270 1943 antem
295 1872 572 1961 praesumebatur
592 1874 685 1955 iure,
707 1875 786 1963 quia
807 1876 938 1965 puellae
960 1892 1098 1944 consen·

22 1983 23 2036 t
143 1969 215 2036 ‘sus
234 1966 268 2033 in
288 1977 418 2055 raptum
445 1966 567 2036 intuitu
590 1967 793 2036 matrimonii
815 1967 948 2057 probari
978 1965 1098 2057 neqni-

158 2062 227 2131 bat.
244 2057 335 2142 st.
351 2058 386 2129 C.
404 2061 564 2151 loquitur,
586 2059 645 2131 cit.
663 2060 841 2145 decisione,
858 2060 1043 2149 generatim
1058 2061 1098 2129 de

159 2153 302 2224 muliere
316 2154 445 2224 volente
460 2166 493 2225 et
512 2155 552 2224 de
566 2153 757 2243 raptoribus
775 2153 952 2223 mulierum
969 2173 1036 2221 non
1051 2172 1100 2221 re·

158 2247 369 2326 luctantium,
391 2247 570 2317 etadditur
592 2272 607 2315 a
628 2248 706 2316 dum
726 2248 769 2317 sit
792 2258 907 2336 raptus
925 2246 1015 2314 iuxta
1034 2256 1100 2314 ter·

160 2342 269 2410 minos
290 2341 373 2409 iuris
406 2341 510 2411 ciritis
526 2395 535 2426 ,
554 2365 569 2407 r
590 2362 676 2431 quae
706 2341 791 2411 ratio
819 2340 864 2410 ita
886 2339 1099 2429 intelligenda

162 2446 223 2518 est,
247 2443 285 2501 ut
304 2435 343 2502 ad
358 2455 552 2516 ,consensus
572 2435 802 2524 probationem
828 2433 1001 2505 limitetur.
1024 2431 1101 2501 Ete-

161 2529 229 2598 nim
252 2526 278 2594 si
298 2549 334 2597 ea
352 2529 501 2598 absolute
522 2541 693 2617 urgeatur,
716 2539 915 2618 sequeretur
931 2526 1028 2597 toties
1048 2526 1101 2594 ad-

150 2642 235 2717 esse
255 2631 370 2710 raptus
390 2622 680 2711 impedimentum,
703 2622 834 2712 quoties
863 2643 901 2691 ex
922 2621 995 2690 iure
1013 2618 1098 2689 civili

163 2716 312 2784 Romano
333 2727 448 2804 raptus
471 2717 603 2800 existit,
626 2717 714 2806 qnod
736 2716 915 2785 absurdum
938 2726 999 2784 est.
1022 2713 1100 2795 Qui·

162 2809 223 2879 bus
250 2807 510 2892 animadversis,
533 2810 686 2898 sequitur
718 2809 917 2878 decisionem
952 2828 1100 2897 compre·

163 2902 311 2971 bendere
343 2902 516 2971 mulierem
537 2905 713 2985 volentem,
729 2902 795 2969 sire
813 2921 850 2970 ea
864 2901 928 2985 sni,
948 2901 1015 2970 sive
1034 2921 1100 2969 non

160 2997 212 3064 sni
230 2995 313 3064 iuris
325 2997 378 3079 sit,
392 2998 468 3085 qnia
484 2995 668 3085 generatim
683 3006 836 3062 censetur
851 2994 895 3083 (et
914 2993 1021 3084 quoad
1038 2993 1101 3062 boc

163 3089 349 3158 remittitur
370 3091 409 3159 ad
433 3089 485 3158 ios
511 3089 706 3179 civile)‚non
727 3086 947 3169 consensisse,
970 3086 1034 3154 nisi
1054 3086 1102 3175 (et

164 3183 247 3252 haec
265 3194 315 3251 est
333 3184 495 3253 correctio
516 3182 589 3253 iure
611 3182 771 3250 canonico
786 3179 934 3268 inducta)
949 3179 981 3247 id
999 3177 1103 3254 suerit¹

163 3276 351 3347 luculenter
372 3274 853 3367 probatum,vel‘sponsalibos
873 3270 1101 3363 praecedenti·

47 3362 54 3368 ’
106 3402 110 3406 -
163 3368 236 3456 hus,
254 3370 303 3438 vel
326 3371 400 3440 aliis
420 3369 638 3459 argumentis,
654 3390 753 3458 quae,
770 3369 856 3438 facto
874 3369 1008 3456 plenum
1028 3383 1103 3433 con·

164 3483 298 3532 sensum
314 3463 359 3532 ita
380 3466 617 3543 demonstrant,
633 3474 670 3532 ut
683 3460 909 3552 praesumptio
929 3459 1012 3531 iuris
1032 3477 1103 3528 eva·

163 3567 289 3627 rescat.
