2642 4175
334 369 378 414 nn
396 369 633 415 mennmnurrs
650 371 849 417 uanenrorur
945 358 1008 417 371

121 465 370 539 Matrimonium
400 466 620 547 concalescet,
641 467 689 537 ait
707 466 844 551 Silvius,
867 468 946 559 quia
965 469 1062 558 igna-
1092 460 1097 471 ’

123 582 184 631 rus
203 559 435 649 impedimenti
455 575 532 629 ¹nen
549 560 657 629 sulum
686 560 721 629 in
739 561 947 632 llatrimoni'o
966 562 1059 651 prius

124 663 296 724 contracto
308 671 504 742 permanere
522 652 677 737 intendit,
689 655 746 724 sed
764 666 797 724 et
812 675 933 724 novum
946 654 1060 725 llatri·

21 778 23 813 2
125 746 279 816 monium
298 744 479 815 contrabit.
505 744 599 815 Unde
627 745 820 817 huiusmodi
851 768 1057 830 consensus,

21 874 22 901 2
125 838 341 929 prosequitur
362 836 481 908 Silvius
501 856 576 907 mox
589 839 755 922 laudatus,
770 851 820 910 est
832 840 968 930 quidem
982 861 1058 910 cnm

21 922 23 1015 ξ
126 952 255 1011 errore,
274 931 412 1000 sednon
426 951 465 1000 ex
481 950 608 1003 errore.
641 932 785 1014 Quartus
805 934 939 1015 modus,
959 953 1059 1023 quem

21 1068 23 1085 1
126 1022 281 1094 nonnulli
310 1036 517 1113 proponunt,
545 1035 582 1092 ut
600 1045 675 1093 oum
697 1024 775 1094 viris
793 1024 982 1109 indolis,'et
1000 1045 1060 1094 na·

21 1154 23 1185 t
125 1127 226 1187 turae
247 1115 490 1187 difficilioribus
514 1116 727 1199 adhibentur,
746 1117 801 1186 hic
826 1129 892 1200 est,
921 1129 958 1187 ut
982 1130 1062 1207 puta

21 1224 22 1297 ζ
126 1209 251 1279 mulier
273 1208 344 1277 rire
373 1229 435 1278 suo
462 1209 693 1297 impedimenti
723 1209 910 1280 dirimentis
943 1211 1062 1298 ignaro

126 1303 294 1372 defectum
314 1301 436 1391 prioris
465 1308 669 1384 consensus,
704 1316 738 1374 et
766 1302 926 1373 contracti
947 1303 1062 1372 matri·

127 1395 235 1478 monii
255 1395 442 1464 nullitatem
468 1415 536 1463 non
559 1395 710 1484 aperiat,
740 1398 796 1466 sed
823 1395 1062 1466 dissimulande

127 1508 206 1557 enm
225 1498 340 1575 roget,
359 1498 398 1555 ut
416 1509 476 1577 pro
495 1507 556 1559 sua
573 1488 798 1559 consolatione
817 1489 922 1579 ipsam
942 1488 1065 1559 habeat

127 1580 321 1668 coniugem,
354 1580 520 1670 simulque
542 1580 632 1650 dieat
666 1606 681 1648 c
704 1582 746 1650 Et
763 1602 824 1672 ego
844 1593 878 1653 te
900 1582 1060 1652 invirum
1107 1596 1111 1601 ’

126 1672 255 1742 babere
272 1673 358 1741 volo.
383 1695 398 1739 r

175 1766 222 1833 Ex
240 1776 385 1855 quatuor
403 1764 593 1854 praemissis
612 1767 719 1838 modis
735 1786 857 1836 norum
873 1768 1063 1857 praestandi

128 1878 341 1940 consensum,
365 1858 493 1948 primus
512 1858 693 1943 dumtaxat,
711 1860 739 1928 si
758 1860 798 1926 ad
819 1861 1063 1930 exsecutionem

129 1952 256 2041 absque
272 1950 422 2040 periculo
446 1950 595 2021 mandari
616 1963 740 2040 queat,
763 1962 854 2021 tutus
872 1962 944 2034 est,
966 1964 1000 2023 et
1023 1952 1065 2020 ad

130 2043 382 2115 matrimonium
397 2055 488 2114 certe
502 2043 751 2113 revalidandnm
765 2042 902 2112 omnino
915 2043 1065 2123 idoneus,
1079 2082 1081 2090 ι

130 2138 210 2227 quia
230 2138 311 2206 licet
329 2136 506 2206 certiorem
526 2154 594 2205 non
622 2136 740 2205 reddat
771 2147 899 2223 partem
925 2134 1066 2225 impedi·

130 2231 237 2299 menti
257 2229 444 2299 dirimentis
465 2228 616 2317 ignaram
636 2228 794 2297 decanea
814 2227 977 2296 nullitatis
995 2247 1066 2296 ma·

131 2323 294 2406 trimonii,
309 2321 486 2392 certiorem
501 2333 612 2391 umen
628 2321 739 2391 reddit
755 2321 796 2390 de
815 2320 887 2409 ipsa
902 2319 1065 2401 nullitate,

133 2417 221 2503 qnod
241 2435 322 2484 sane
339 2414 482 2498 sufficit,
505 2426 661 2503 utsupra
691 2414 755 2482 luit
786 2414 1062 2486 demonstratum.

132 2507 265 2598 Reliqui
283 2527 359 2577 vero
379 2508 467 2576 modi
488 2517 555 2576 tres
574 2526 641 2576 non
660 2506 815 2577 ridentur
830 2507 909 2577 satis
931 2506 1005 2590 tuti,
1020 2507 1065 2575 si·

133 2602 269 2691 quidem
296 2619 357 2669 nec
387 2600 559 2669 continent
590 2599 858 2674 certiorationem
890 2600 1063 2671 formalem

132 2692 304 2763 nullitatis'
322 2692 545 2775 Matrimonii,
568 2713 630 2762 nec
655 2695 924 2765 certiorationem
950 2693 1066 2784 aequi·

135 2786 340 2876 pollentem:
363 2784 466 2874 accipi
485 2785 575 2853 enim
598 2786 694 2855 facile
717 2799 856 2876 possunt
874 2807 912 2855 ea
931 2787 1029 2855 verba
1048 2807 1067 2854 a

135 2889 230 2967 parte
247 2878 476 2966 impedimenti
488 2877 618 2965 ignara,
636 2880 688 2946 rel
707 2890 874 2968 tamqnam
889 2878 1016 2965 prolata
1029 2896 1069 2946 ex

136 2969 336 3059 praegrandi
356 2971 473 3040 affectu
494 2968 632 3040 alterius
651 2969 813 3058 coniugis,
836 2970 918 3060 quin
933 2968 1069 3039 nullita-

135 3075 206 3133 tem
225 3064 386 3132 contracti
407 3062 611 3132 matrimonii
638 3064 726 3131 vela
745 3063 843 3150 longe
869 3063 1066 3150 suspicetur,

136 3156 188 3224 rel
206 3155 311 3244 accipi
329 3156 423 3225 facile
440 3167 577 3245 possunt
591 3165 761 3245 tamquam
780 3154 1069 3243 promanantiaex

138 3247 222 3330 levi„
235 3260 270 3318 et
289 3247 440 3318 oscitanti
460 3249 628 3337 scrupulo,
648 3248 846 3338 praesertim
864 3246 983 3316 sicum
998 3264 1071 3312 mu·

21 3341 22 3346 ’
139 3337 221 3414 llere
240 3361 294 3409 res
315 3343 369 3411 sit.
390 3342 474 3409 Dum
503 3342 706 3412 affirmamus
740 3339 931 3422 huiusmodi
956 3337 1071 3406 modos

140 3449 205 3500 non
230 3453 303 3503 esse
318 3434 398 3504 satis
410 3444 510 3517 tutos,
526 3436 687 3508 nolumus.
698 3454 900 3523 quemquam
916 3431 1071 3502 arbitrari
1168 3447 1173 3462 ¹

143 3541 197 3593 eos
216 3547 234 3596 a
254 3526 351 3596 nobis
371 3547 507 3616 prorsus
531 3527 637 3596 reiici.
674 3527 756 3597 Cum
785 3527 873 3596 enim
894 3536 1011 3616 agatur
1031 3526 1073 3593 de
