<?xml version="1.0" encoding="UTF-8"?>
<!DOCTYPE html PUBLIC "-//W3C//DTD XHTML 1.0 Transitional//EN"
    "http://www.w3.org/TR/xhtml1/DTD/xhtml1-transitional.dtd">
<html xmlns="http://www.w3.org/1999/xhtml" xml:lang="en" lang="en">
 <head>
  <title>
</title>
<meta http-equiv="Content-Type" content="text/html;charset=utf-8" />
  <meta name='ocr-system' content='tesseract 3.04.00' />
  <meta name='ocr-capabilities' content='ocr_page ocr_carea ocr_par ocr_line ocrx_word'/>
</head>
<body>
  <div class='ocr_page' id='page_1' title='image "./septimiimariaev00veccgoog_0163.png"; bbox 0 0 2642 4175; ppageno 0'>
   <div class='ocr_carea' id='block_1_1' title="bbox 363 342 1038 421">
    <p class='ocr_par' dir='ltr' id='par_1_1' title="bbox 363 342 1038 421">
     <span class='ocr_line' id='line_1_1' title="bbox 363 342 1038 421; baseline 0.007 -29"><span class='ocrx_word' id='word_1_1' title='bbox 363 348 408 393; x_wconf 78' lang='lat' dir='ltr'><strong>DE</strong></span> <span class='ocrx_word' id='word_1_2' title='bbox 425 348 658 421; x_wconf 68' lang='lat' dir='ltr'><strong>fflPllDIHENTIS</strong></span> <span class='ocrx_word' id='word_1_3' title='bbox 675 348 876 397; x_wconf 72' lang='lat' dir='ltr'><strong>uarumortu</strong></span> <span class='ocrx_word' id='word_1_4' title='bbox 974 342 1038 397; x_wconf 80' lang='lat'><strong>153</strong></span> 
     </span>
    </p>
   </div>
   <div class='ocr_carea' id='block_1_2' title="bbox 119 446 1156 2602">
    <p class='ocr_par' dir='ltr' id='par_1_2' title="bbox 119 446 1156 2602">
     <span class='ocr_line' id='line_1_2' title="bbox 155 446 1087 529; baseline 0.008 -15"><span class='ocrx_word' id='word_1_5' title='bbox 155 447 239 515; x_wconf 67' lang='lat' dir='ltr'><strong>tuso</strong></span> <span class='ocrx_word' id='word_1_6' title='bbox 252 454 343 515; x_wconf 81' lang='lat' dir='ltr'><strong>racto</strong></span> <span class='ocrx_word' id='word_1_7' title='bbox 356 446 664 529; x_wconf 68' lang='lat' dir='ltr'><strong>doecmdaatinaasi</strong></span> <span class='ocrx_word' id='word_1_8' title='bbox 678 468 754 518; x_wconf 80' lang='lat' dir='ltr'><strong>raro</strong></span> <span class='ocrx_word' id='word_1_9' title='bbox 769 448 977 520; x_wconf 65' lang='lat' dir='ltr'><strong>remeando</strong></span> <span class='ocrx_word' id='word_1_10' title='bbox 989 471 1007 521; x_wconf 88' lang='lat' dir='ltr'><strong>a</strong></span> <span class='ocrx_word' id='word_1_11' title='bbox 1017 450 1087 523; x_wconf 88' lang='lat' dir='ltr'><strong>lilio</strong></span> 
     </span>
     <span class='ocr_line' id='line_1_3' title="bbox 155 540 1088 630; baseline 0.006 -19"><span class='ocrx_word' id='word_1_12' title='bbox 155 540 344 630; x_wconf 65' lang='lat' dir='ltr'><strong>aduncam,</strong></span> <span class='ocrx_word' id='word_1_13' title='bbox 366 543 962 630; x_wconf 51' lang='lat' dir='ltr'><strong>arum,1proarutu,etc.,lioeoracto</strong></span> <span class='ocrx_word' id='word_1_14' title='bbox 981 564 1088 617; x_wconf 70' lang='lat' dir='ltr'><strong>mrsu</strong></span> 
     </span>
     <span class='ocr_line' id='line_1_4' title="bbox 153 634 1087 724; baseline 0.003 -17"><span class='ocrx_word' id='word_1_15' title='bbox 153 634 301 707; x_wconf 65' lang='lat' dir='ltr'><strong>dmum</strong></span> <span class='ocrx_word' id='word_1_16' title='bbox 321 635 520 724; x_wconf 78' lang='lat' dir='ltr'><strong>appellatur.</strong></span> <span class='ocrx_word' id='word_1_17' title='bbox 544 635 643 707; x_wconf 80' lang='lat' dir='ltr'><strong>linea</strong></span> <span class='ocrx_word' id='word_1_18' title='bbox 653 637 918 722; x_wconf 70' lang='lat' dir='ltr'><strong>transrsmalis,</strong></span> <span class='ocrx_word' id='word_1_19' title='bbox 940 656 1000 709; x_wconf 86' lang='lat' dir='ltr'><strong>acu</strong></span> <span class='ocrx_word' id='word_1_20' title='bbox 1016 639 1087 709; x_wconf 87' lang='lat' dir='ltr'><strong>ool·</strong></span> 
     </span>
     <span class='ocr_line' id='line_1_5' title="bbox 153 726 1086 820; baseline 0.009 -25"><span class='ocrx_word' id='word_1_21' title='bbox 153 726 299 799; x_wconf 74' lang='lat' dir='ltr'><strong>lacuatis</strong></span> <span class='ocrx_word' id='word_1_22' title='bbox 316 740 366 799; x_wconf 85' lang='lat' dir='ltr'><strong>est</strong></span> <span class='ocrx_word' id='word_1_23' title='bbox 384 748 499 801; x_wconf 84' lang='lat' dir='ltr'><strong>aarum</strong></span> <span class='ocrx_word' id='word_1_24' title='bbox 526 730 644 813; x_wconf 86' lang='lat' dir='ltr'><strong>serias,</strong></span> <span class='ocrx_word' id='word_1_25' title='bbox 664 751 807 820; x_wconf 79' lang='lat' dir='ltr'><strong>quarum</strong></span> <span class='ocrx_word' id='word_1_26' title='bbox 828 752 893 803; x_wconf 87' lang='lat' dir='ltr'><strong>nna</strong></span> <span class='ocrx_word' id='word_1_27' title='bbox 911 732 954 801; x_wconf 71' lang='lat' dir='ltr'><strong>aa</strong></span> <span class='ocrx_word' id='word_1_28' title='bbox 981 732 1086 803; x_wconf 70' lang='lat' dir='ltr'><strong>alera</strong></span> 
     </span>
     <span class='ocr_line' id='line_1_6' title="bbox 152 821 1083 917; baseline 0.005 -27"><span class='ocrx_word' id='word_1_29' title='bbox 152 841 217 892; x_wconf 89' lang='lat' dir='ltr'><strong>non</strong></span> <span class='ocrx_word' id='word_1_30' title='bbox 238 821 401 911; x_wconf 73' lang='lat' dir='ltr'><strong>gignitur,</strong></span> <span class='ocrx_word' id='word_1_31' title='bbox 425 843 542 895; x_wconf 86' lang='lat' dir='ltr'><strong>ornnes</strong></span> <span class='ocrx_word' id='word_1_32' title='bbox 560 835 672 897; x_wconf 84' lang='lat' dir='ltr'><strong>tamon</strong></span> <span class='ocrx_word' id='word_1_33' title='bbox 691 824 734 893; x_wconf 91' lang='lat' dir='ltr'><strong>ab</strong></span> <span class='ocrx_word' id='word_1_34' title='bbox 767 825 884 895; x_wconf 84' lang='lat' dir='ltr'><strong>eodem</strong></span> <span class='ocrx_word' id='word_1_35' title='bbox 905 824 1083 917; x_wconf 69' lang='lat' dir='ltr'><strong>principio,</strong></span> 
     </span>
     <span class='ocr_line' id='line_1_7' title="bbox 152 916 1085 1006; baseline 0 -17"><span class='ocrx_word' id='word_1_36' title='bbox 152 936 211 989; x_wconf 78' lang='lat' dir='ltr'><strong>scu</strong></span> <span class='ocrx_word' id='word_1_37' title='bbox 227 916 340 1006; x_wconf 78' lang='lat' dir='ltr'><strong>stipite</strong></span> <span class='ocrx_word' id='word_1_38' title='bbox 356 930 612 1006; x_wconf 66' lang='lat' dir='ltr'><strong>promanarunt.</strong></span> <span class='ocrx_word' id='word_1_39' title='bbox 627 916 709 998; x_wconf 80' lang='lat' dir='ltr'><strong>Quia</strong></span> <span class='ocrx_word' id='word_1_40' title='bbox 727 938 804 987; x_wconf 84' lang='lat' dir='ltr'><strong>vcro</strong></span> <span class='ocrx_word' id='word_1_41' title='bbox 822 918 1029 990; x_wconf 69' lang='lat' dir='ltr'><strong>collaterales</strong></span> <span class='ocrx_word' id='word_1_42' title='bbox 1042 920 1085 989; x_wconf 88' lang='lat' dir='ltr'><strong>ab</strong></span> 
     </span>
     <span class='ocr_line' id='line_1_8' title="bbox 153 1010 1156 1107; baseline 0.004 -27"><span class='ocrx_word' id='word_1_43' title='bbox 153 1010 270 1080; x_wconf 83' lang='lat' dir='ltr'><strong>aodern</strong></span> <span class='ocrx_word' id='word_1_44' title='bbox 289 1010 458 1081; x_wconf 79' lang='lat' dir='ltr'><strong>communi</strong></span> <span class='ocrx_word' id='word_1_45' title='bbox 476 1010 590 1100; x_wconf 75' lang='lat' dir='ltr'><strong>stipite</strong></span> <span class='ocrx_word' id='word_1_46' title='bbox 607 1023 749 1102; x_wconf 76' lang='lat' dir='ltr'><strong>possunt</strong></span> <span class='ocrx_word' id='word_1_47' title='bbox 769 1012 955 1102; x_wconf 82' lang='lat' dir='ltr'><strong>acqualiter</strong></span> <span class='ocrx_word' id='word_1_48' title='bbox 967 1014 1018 1084; x_wconf 83' lang='lat' dir='ltr'><strong>rel</strong></span> <span class='ocrx_word' id='word_1_49' title='bbox 1038 1011 1086 1083; x_wconf 88' lang='lat' dir='ltr'><strong>iu·</strong></span> <span class='ocrx_word' id='word_1_50' title='bbox 1152 1094 1156 1107; x_wconf 48' lang='grc'><strong>,</strong></span> 
     </span>
     <span class='ocr_line' id='line_1_9' title="bbox 152 1101 1087 1194; baseline 0.005 -22"><span class='ocrx_word' id='word_1_51' title='bbox 152 1101 338 1194; x_wconf 74' lang='lat' dir='ltr'><strong>annualiter</strong></span> <span class='ocrx_word' id='word_1_52' title='bbox 357 1104 498 1188; x_wconf 87' lang='lat' dir='ltr'><strong>distare,</strong></span> <span class='ocrx_word' id='word_1_53' title='bbox 521 1104 599 1177; x_wconf 82' lang='lat' dir='ltr'><strong>ltine</strong></span> <span class='ocrx_word' id='word_1_54' title='bbox 630 1105 665 1174; x_wconf 89' lang='lat' dir='ltr'><strong>in</strong></span> <span class='ocrx_word' id='word_1_55' title='bbox 697 1105 785 1177; x_wconf 82' lang='lat' dir='ltr'><strong>linea</strong></span> <span class='ocrx_word' id='word_1_56' title='bbox 816 1105 999 1175; x_wconf 75' lang='lat' dir='ltr'><strong>collaterali</strong></span> <span class='ocrx_word' id='word_1_57' title='bbox 1031 1126 1087 1177; x_wconf 86' lang='lat' dir='ltr'><strong>aa·</strong></span> 
     </span>
     <span class='ocr_line' id='line_1_10' title="bbox 153 1197 1089 1290; baseline 0.004 -25"><span class='ocrx_word' id='word_1_58' title='bbox 153 1197 241 1286; x_wconf 90' lang='lat' dir='ltr'><strong>quali</strong></span> <span class='ocrx_word' id='word_1_59' title='bbox 262 1217 322 1267; x_wconf 86' lang='lat' dir='ltr'><strong>eae</strong></span> <span class='ocrx_word' id='word_1_60' title='bbox 336 1210 417 1270; x_wconf 89' lang='lat' dir='ltr'><strong>sunt</strong></span> <span class='ocrx_word' id='word_1_61' title='bbox 432 1219 617 1288; x_wconf 77' lang='lat' dir='ltr'><strong>personne,</strong></span> <span class='ocrx_word' id='word_1_62' title='bbox 634 1220 721 1290; x_wconf 90' lang='lat' dir='ltr'><strong>quae</strong></span> <span class='ocrx_word' id='word_1_63' title='bbox 752 1199 939 1289; x_wconf 82' lang='lat' dir='ltr'><strong>aequaliter</strong></span> <span class='ocrx_word' id='word_1_64' title='bbox 964 1198 1089 1270; x_wconf 86' lang='lat' dir='ltr'><strong>distant</strong></span> 
     </span>
     <span class='ocr_line' id='line_1_11' title="bbox 154 1292 1088 1384; baseline 0.002 -24"><span class='ocrx_word' id='word_1_65' title='bbox 154 1292 361 1363; x_wconf 84' lang='lat' dir='ltr'><strong>aoonrrnuni</strong></span> <span class='ocrx_word' id='word_1_66' title='bbox 382 1292 518 1382; x_wconf 80' lang='lat' dir='ltr'><strong>stipitc3</strong></span> <span class='ocrx_word' id='word_1_67' title='bbox 539 1314 626 1384; x_wconf 82' lang='lat' dir='ltr'><strong>quae</strong></span> <span class='ocrx_word' id='word_1_68' title='bbox 651 1304 763 1363; x_wconf 87' lang='lat' dir='ltr'><strong>autern</strong></span> <span class='ocrx_word' id='word_1_69' title='bbox 800 1292 1023 1384; x_wconf 76' lang='lat' dir='ltr'><strong>inaequaliter</strong></span> <span class='ocrx_word' id='word_1_70' title='bbox 1040 1293 1088 1362; x_wconf 90' lang='lat' dir='ltr'><strong>di·</strong></span> 
     </span>
     <span class='ocr_line' id='line_1_12' title="bbox 153 1385 1086 1478; baseline 0.004 -25"><span class='ocrx_word' id='word_1_71' title='bbox 153 1394 250 1469; x_wconf 81' lang='lat' dir='ltr'><strong>sunt,</strong></span> <span class='ocrx_word' id='word_1_72' title='bbox 274 1385 308 1455; x_wconf 92' lang='lat' dir='ltr'><strong>in</strong></span> <span class='ocrx_word' id='word_1_73' title='bbox 330 1385 418 1456; x_wconf 90' lang='lat' dir='ltr'><strong>linea</strong></span> <span class='ocrx_word' id='word_1_74' title='bbox 440 1386 607 1478; x_wconf 85' lang='lat' dir='ltr'><strong>inaequali</strong></span> <span class='ocrx_word' id='word_1_75' title='bbox 628 1407 700 1457; x_wconf 87' lang='lat' dir='ltr'><strong>esse</strong></span> <span class='ocrx_word' id='word_1_76' title='bbox 719 1387 888 1458; x_wconf 88' lang='lat' dir='ltr'><strong>dicuntur.</strong></span> <span class='ocrx_word' id='word_1_77' title='bbox 906 1385 1015 1468; x_wconf 80' lang='lat' dir='ltr'><strong>Quare</strong></span> <span class='ocrx_word' id='word_1_78' title='bbox 1028 1385 1086 1457; x_wconf 85' lang='lat' dir='ltr'><strong>sti·</strong></span> 
     </span>
     <span class='ocr_line' id='line_1_13' title="bbox 152 1478 1087 1570; baseline 0.003 -22"><span class='ocrx_word' id='word_1_79' title='bbox 152 1499 209 1567; x_wconf 86' lang='lat' dir='ltr'><strong>pes</strong></span> <span class='ocrx_word' id='word_1_80' title='bbox 226 1489 278 1550; x_wconf 89' lang='lat' dir='ltr'><strong>est</strong></span> <span class='ocrx_word' id='word_1_81' title='bbox 297 1478 353 1548; x_wconf 90' lang='lat' dir='ltr'><strong>illa</strong></span> <span class='ocrx_word' id='word_1_82' title='bbox 382 1499 543 1569; x_wconf 87' lang='lat' dir='ltr'><strong>persona,</strong></span> <span class='ocrx_word' id='word_1_83' title='bbox 565 1502 582 1550; x_wconf 88' lang='lat' dir='ltr'><strong>a</strong></span> <span class='ocrx_word' id='word_1_84' title='bbox 603 1502 670 1570; x_wconf 88' lang='lat' dir='ltr'><strong>qua</strong></span> <span class='ocrx_word' id='word_1_85' title='bbox 690 1480 715 1549; x_wconf 91' lang='lat' dir='ltr'><strong>ii</strong></span> <span class='ocrx_word' id='word_1_86' title='bbox 734 1502 850 1551; x_wconf 83' lang='lat' dir='ltr'><strong>ornnes</strong></span> <span class='ocrx_word' id='word_1_87' title='bbox 870 1480 1087 1561; x_wconf 77' lang='lat' dir='ltr'><strong>descendunt,</strong></span> 
     </span>
     <span class='ocr_line' id='line_1_14' title="bbox 152 1573 1085 1666; baseline 0.002 -25"><span class='ocrx_word' id='word_1_88' title='bbox 152 1593 297 1662; x_wconf 88' lang='lat' dir='ltr'><strong>qnorurn</strong></span> <span class='ocrx_word' id='word_1_89' title='bbox 316 1573 470 1661; x_wconf 79' lang='lat' dir='ltr'><strong>cognatio</strong></span> <span class='ocrx_word' id='word_1_90' title='bbox 491 1575 677 1664; x_wconf 82' lang='lat' dir='ltr'><strong>quaeritur,</strong></span> <span class='ocrx_word' id='word_1_91' title='bbox 698 1587 731 1644; x_wconf 86' lang='lat' dir='ltr'><strong>et</strong></span> <span class='ocrx_word' id='word_1_92' title='bbox 759 1574 794 1644; x_wconf 87' lang='lat' dir='ltr'><strong>in</strong></span> <span class='ocrx_word' id='word_1_93' title='bbox 819 1597 884 1666; x_wconf 85' lang='lat' dir='ltr'><strong>qua</strong></span> <span class='ocrx_word' id='word_1_94' title='bbox 919 1574 1026 1644; x_wconf 85' lang='lat' dir='ltr'><strong>veluti-</strong></span> <span class='ocrx_word' id='word_1_95' title='bbox 1051 1573 1085 1643; x_wconf 89' lang='lat' dir='ltr'><strong>in</strong></span> 
     </span>
     <span class='ocr_line' id='line_1_15' title="bbox 140 1666 1083 1755; baseline 0.002 -18"><span class='ocrx_word' id='word_1_96' title='bbox 140 1666 320 1739; x_wconf 77' lang='lat' dir='ltr'><strong>communi</strong></span> <span class='ocrx_word' id='word_1_97' title='bbox 341 1688 380 1737; x_wconf 89' lang='lat' dir='ltr'><strong>ac</strong></span> <span class='ocrx_word' id='word_1_98' title='bbox 398 1667 545 1755; x_wconf 77' lang='lat' dir='ltr'><strong>proxima</strong></span> <span class='ocrx_word' id='word_1_99' title='bbox 566 1669 678 1739; x_wconf 85' lang='lat' dir='ltr'><strong>radice</strong></span> <span class='ocrx_word' id='word_1_100' title='bbox 706 1669 920 1739; x_wconf 85' lang='lat' dir='ltr'><strong>conveniunt.</strong></span> <span class='ocrx_word' id='word_1_101' title='bbox 943 1667 1083 1753; x_wconf 79' lang='lat' dir='ltr'><strong>Gradus,</strong></span> 
     </span>
     <span class='ocr_line' id='line_1_16' title="bbox 151 1760 1085 1853; baseline 0.004 -24"><span class='ocrx_word' id='word_1_102' title='bbox 151 1761 209 1850; x_wconf 91' lang='lat' dir='ltr'><strong>qui</strong></span> <span class='ocrx_word' id='word_1_103' title='bbox 226 1760 270 1833; x_wconf 89' lang='lat' dir='ltr'><strong>ita</strong></span> <span class='ocrx_word' id='word_1_104' title='bbox 292 1781 309 1829; x_wconf 89' lang='lat' dir='ltr'><strong>a</strong></span> <span class='ocrx_word' id='word_1_105' title='bbox 330 1760 548 1835; x_wconf 85' lang='lat' dir='ltr'><strong>similitudine</strong></span> <span class='ocrx_word' id='word_1_106' title='bbox 569 1765 752 1846; x_wconf 87' lang='lat' dir='ltr'><strong>scalarum,</strong></span> <span class='ocrx_word' id='word_1_107' title='bbox 775 1763 994 1853; x_wconf 83' lang='lat' dir='ltr'><strong>locorumque</strong></span> <span class='ocrx_word' id='word_1_108' title='bbox 1012 1783 1085 1852; x_wconf 79' lang='lat' dir='ltr'><strong>pro</strong></span> 
     </span>
     <span class='ocr_line' id='line_1_17' title="bbox 150 1854 1085 1945; baseline 0.002 -20"><span class='ocrx_word' id='word_1_109' title='bbox 150 1854 283 1925; x_wconf 80' lang='lat' dir='ltr'><strong>clivium</strong></span> <span class='ocrx_word' id='word_1_110' title='bbox 304 1854 442 1939; x_wconf 84' lang='lat' dir='ltr'><strong>dicitur,</strong></span> <span class='ocrx_word' id='word_1_111' title='bbox 466 1855 626 1926; x_wconf 88' lang='lat' dir='ltr'><strong>transitus</strong></span> <span class='ocrx_word' id='word_1_112' title='bbox 646 1867 696 1926; x_wconf 89' lang='lat' dir='ltr'><strong>est</strong></span> <span class='ocrx_word' id='word_1_113' title='bbox 716 1856 757 1926; x_wconf 92' lang='lat' dir='ltr'><strong>de</strong></span> <span class='ocrx_word' id='word_1_114' title='bbox 777 1856 927 1944; x_wconf 80' lang='lat' dir='ltr'><strong>proximo</strong></span> <span class='ocrx_word' id='word_1_115' title='bbox 943 1866 1085 1945; x_wconf 73' lang='lat' dir='ltr'><strong>cognato</strong></span> 
     </span>
     <span class='ocr_line' id='line_1_18' title="bbox 150 1948 1086 2038; baseline -0.001 -17"><span class='ocrx_word' id='word_1_116' title='bbox 150 1949 189 2021; x_wconf 82' lang='lat' dir='ltr'><strong>ad</strong></span> <span class='ocrx_word' id='word_1_117' title='bbox 203 1948 396 2038; x_wconf 82' lang='lat' dir='ltr'><strong>proximum</strong></span> <span class='ocrx_word' id='word_1_118' title='bbox 407 1960 597 2038; x_wconf 77' lang='lat' dir='ltr'><strong>cognatum,</strong></span> <span class='ocrx_word' id='word_1_119' title='bbox 607 1951 676 2020; x_wconf 86' lang='lat' dir='ltr'><strong>sive</strong></span> <span class='ocrx_word' id='word_1_120' title='bbox 690 1960 740 2020; x_wconf 87' lang='lat' dir='ltr'><strong>est</strong></span> <span class='ocrx_word' id='word_1_121' title='bbox 753 1949 908 2020; x_wconf 74' lang='lat' dir='ltr'><strong>distantia</strong></span> <span class='ocrx_word' id='word_1_122' title='bbox 923 1949 1023 2021; x_wconf 89' lang='lat' dir='ltr'><strong>unius</strong></span> <span class='ocrx_word' id='word_1_123' title='bbox 1036 1970 1086 2020; x_wconf 92' lang='lat' dir='ltr'><strong>co·</strong></span> 
     </span>
     <span class='ocr_line' id='line_1_19' title="bbox 149 2042 1089 2133; baseline 0 -19"><span class='ocrx_word' id='word_1_124' title='bbox 149 2042 241 2133; x_wconf 75' lang='lat' dir='ltr'><strong>gnati</strong></span> <span class='ocrx_word' id='word_1_125' title='bbox 261 2042 304 2113; x_wconf 89' lang='lat' dir='ltr'><strong>ab</strong></span> <span class='ocrx_word' id='word_1_126' title='bbox 324 2044 441 2114; x_wconf 87' lang='lat' dir='ltr'><strong>altero.</strong></span> <span class='ocrx_word' id='word_1_127' title='bbox 473 2043 572 2115; x_wconf 83' lang='lat' dir='ltr'><strong>Linea</strong></span> <span class='ocrx_word' id='word_1_128' title='bbox 594 2054 644 2116; x_wconf 89' lang='lat' dir='ltr'><strong>est</strong></span> <span class='ocrx_word' id='word_1_129' title='bbox 668 2043 772 2114; x_wconf 87' lang='lat' dir='ltr'><strong>series</strong></span> <span class='ocrx_word' id='word_1_130' title='bbox 792 2064 852 2114; x_wconf 82' lang='lat' dir='ltr'><strong>sau</strong></span> <span class='ocrx_word' id='word_1_131' title='bbox 871 2044 954 2113; x_wconf 91' lang='lat' dir='ltr'><strong>ordo</strong></span> <span class='ocrx_word' id='word_1_132' title='bbox 976 2063 1089 2132; x_wconf 80' lang='lat' dir='ltr'><strong>perso·</strong></span> 
     </span>
     <span class='ocr_line' id='line_1_20' title="bbox 149 2136 1088 2227; baseline 0 -21"><span class='ocrx_word' id='word_1_133' title='bbox 149 2157 295 2221; x_wconf 88' lang='lat' dir='ltr'><strong>narum,</strong></span> <span class='ocrx_word' id='word_1_134' title='bbox 320 2136 508 2227; x_wconf 76' lang='lat' dir='ltr'><strong>intorques</strong></span> <span class='ocrx_word' id='word_1_135' title='bbox 528 2137 722 2208; x_wconf 82' lang='lat' dir='ltr'><strong>communio</strong></span> <span class='ocrx_word' id='word_1_136' title='bbox 750 2136 925 2225; x_wconf 76' lang='lat' dir='ltr'><strong>sangoinis</strong></span> <span class='ocrx_word' id='word_1_137' title='bbox 944 2136 1088 2207; x_wconf 85' lang='lat' dir='ltr'><strong>interce·</strong></span> 
     </span>
     <span class='ocr_line' id='line_1_21' title="bbox 150 2229 1088 2321; baseline -0.002 -21"><span class='ocrx_word' id='word_1_138' title='bbox 150 2231 211 2300; x_wconf 81' lang='lat' dir='ltr'><strong>dit.</strong></span> <span class='ocrx_word' id='word_1_139' title='bbox 233 2232 315 2301; x_wconf 80' lang='lat' dir='ltr'><strong>Tota</strong></span> <span class='ocrx_word' id='word_1_140' title='bbox 335 2252 414 2300; x_wconf 88' lang='lat' dir='ltr'><strong>vcro</strong></span> <span class='ocrx_word' id='word_1_141' title='bbox 443 2230 768 2321; x_wconf 77' lang='lat' dir='ltr'><strong>consanguineorum</strong></span> <span class='ocrx_word' id='word_1_142' title='bbox 799 2229 953 2302; x_wconf 77' lang='lat' dir='ltr'><strong>collectio</strong></span> <span class='ocrx_word' id='word_1_143' title='bbox 987 2229 1088 2299; x_wconf 77' lang='lat' dir='ltr'><strong>arbor</strong></span> 
     </span>
     <span class='ocr_line' id='line_1_22' title="bbox 148 2323 1085 2416; baseline 0 -22"><span class='ocrx_word' id='word_1_144' title='bbox 148 2323 450 2414; x_wconf 74' lang='lat' dir='ltr'><strong>consanguinitatis</strong></span> <span class='ocrx_word' id='word_1_145' title='bbox 472 2326 671 2416; x_wconf 83' lang='lat' dir='ltr'><strong>appellatur.</strong></span> <span class='ocrx_word' id='word_1_146' title='bbox 693 2323 781 2394; x_wconf 88' lang='lat' dir='ltr'><strong>Nihil</strong></span> <span class='ocrx_word' id='word_1_147' title='bbox 802 2323 928 2393; x_wconf 82' lang='lat' dir='ltr'><strong>veroin</strong></span> <span class='ocrx_word' id='word_1_148' title='bbox 946 2323 1085 2394; x_wconf 84' lang='lat' dir='ltr'><strong>materia</strong></span> 
     </span>
     <span class='ocr_line' id='line_1_23' title="bbox 150 2416 1089 2507; baseline -0.004 -17"><span class='ocrx_word' id='word_1_149' title='bbox 150 2417 387 2490; x_wconf 80' lang='lat' dir='ltr'><strong>matrimoniali</strong></span> <span class='ocrx_word' id='word_1_150' title='bbox 408 2419 565 2503; x_wconf 85' lang='lat' dir='ltr'><strong>intereat,</strong></span> <span class='ocrx_word' id='word_1_151' title='bbox 588 2440 630 2490; x_wconf 91' lang='lat' dir='ltr'><strong>an</strong></span> <span class='ocrx_word' id='word_1_152' title='bbox 651 2417 921 2507; x_wconf 83' lang='lat' dir='ltr'><strong>consanguinitas</strong></span> <span class='ocrx_word' id='word_1_153' title='bbox 942 2438 981 2488; x_wconf 84' lang='lat' dir='ltr'><strong>er</strong></span> <span class='ocrx_word' id='word_1_154' title='bbox 1008 2416 1089 2505; x_wconf 77' lang='lat' dir='ltr'><strong>legi·</strong></span> 
     </span>
     <span class='ocr_line' id='line_1_24' title="bbox 119 2511 1087 2602; baseline -0.002 -20"><span class='ocrx_word' id='word_1_155' title='bbox 119 2542 127 2551; x_wconf 78' lang='grc'><em>·</em></span> <span class='ocrx_word' id='word_1_156' title='bbox 148 2512 232 2582; x_wconf 86' lang='lat' dir='ltr'><strong>tirno</strong></span> <span class='ocrx_word' id='word_1_157' title='bbox 252 2523 312 2583; x_wconf 89' lang='lat' dir='ltr'><strong>aut</strong></span> <span class='ocrx_word' id='word_1_158' title='bbox 331 2511 506 2601; x_wconf 75' lang='lat' dir='ltr'><strong>illegitimo</strong></span> <span class='ocrx_word' id='word_1_159' title='bbox 525 2512 705 2584; x_wconf 72' lang='lat' dir='ltr'><strong>occuito</strong></span> <span class='ocrx_word' id='word_1_160' title='bbox 727 2524 800 2582; x_wconf 86' lang='lat' dir='ltr'><strong>orta</strong></span> <span class='ocrx_word' id='word_1_161' title='bbox 821 2511 875 2595; x_wconf 73' lang='lat' dir='ltr'><strong>sit,</strong></span> <span class='ocrx_word' id='word_1_162' title='bbox 905 2533 947 2582; x_wconf 91' lang='lat' dir='ltr'><strong>an</strong></span> <span class='ocrx_word' id='word_1_163' title='bbox 965 2531 1027 2602; x_wconf 78' lang='lat' dir='ltr'><strong>per</strong></span> <span class='ocrx_word' id='word_1_164' title='bbox 1046 2511 1087 2580; x_wconf 89' lang='lat' dir='ltr'><strong>li·</strong></span> 
     </span>
    </p>
   </div>
   <div class='ocr_carea' id='block_1_3' title="bbox 148 2605 1207 2682">
    <p class='ocr_par' dir='ltr' id='par_1_3' title="bbox 148 2605 1207 2682">
     <span class='ocr_line' id='line_1_25' title="bbox 148 2605 1207 2682; baseline -0.003 -4"><span class='ocrx_word' id='word_1_165' title='bbox 148 2626 248 2678; x_wconf 76' lang='lat' dir='ltr'><strong>neam</strong></span> <span class='ocrx_word' id='word_1_166' title='bbox 277 2605 494 2678; x_wconf 79' lang='lat' dir='ltr'><strong>masculinam</strong></span> <span class='ocrx_word' id='word_1_167' title='bbox 513 2619 571 2682; x_wconf 89' lang='lat' dir='ltr'><strong>aut</strong></span> <span class='ocrx_word' id='word_1_168' title='bbox 591 2606 785 2678; x_wconf 84' lang='lat' dir='ltr'><strong>femininam</strong></span> <span class='ocrx_word' id='word_1_169' title='bbox 804 2605 1083 2677; x_wconf 86' lang='lat' dir='ltr'><strong>communicatur.</strong></span> <span class='ocrx_word' id='word_1_170' title='bbox 1202 2627 1207 2636; x_wconf 93' lang='lat'>·</span> 
     </span>
    </p>
   </div>
   <div class='ocr_carea' id='block_1_4' title="bbox 112 2698 1122 3640">
    <p class='ocr_par' dir='ltr' id='par_1_4' title="bbox 138 2698 1122 3073">
     <span class='ocr_line' id='line_1_26' title="bbox 148 2698 1085 2790; baseline 0.001 -20"><span class='ocrx_word' id='word_1_171' title='bbox 148 2700 211 2781; x_wconf 81' lang='lat' dir='ltr'><strong>Qui</strong></span> <span class='ocrx_word' id='word_1_172' title='bbox 231 2720 273 2771; x_wconf 86' lang='lat' dir='ltr'><strong>ex</strong></span> <span class='ocrx_word' id='word_1_173' title='bbox 289 2698 407 2770; x_wconf 85' lang='lat' dir='ltr'><strong>iisdem</strong></span> <span class='ocrx_word' id='word_1_174' title='bbox 429 2700 623 2789; x_wconf 83' lang='lat' dir='ltr'><strong>pareatibus</strong></span> <span class='ocrx_word' id='word_1_175' title='bbox 643 2712 827 2771; x_wconf 87' lang='lat' dir='ltr'><strong>naseuntur</strong></span> <span class='ocrx_word' id='word_1_176' title='bbox 846 2699 1008 2790; x_wconf 80' lang='lat' dir='ltr'><strong>peculiari</strong></span> <span class='ocrx_word' id='word_1_177' title='bbox 1027 2718 1085 2771; x_wconf 71' lang='lat' dir='ltr'><strong>no</strong></span> 
     </span>
     <span class='ocr_line' id='line_1_27' title="bbox 149 2793 1086 2885; baseline 0 -23"><span class='ocrx_word' id='word_1_178' title='bbox 149 2794 375 2868; x_wconf 83' lang='lat' dir='ltr'><strong>ninctraoas</strong></span> <span class='ocrx_word' id='word_1_179' title='bbox 396 2794 559 2883; x_wconf 70' lang='lat' dir='ltr'><strong>normani,</strong></span> <span class='ocrx_word' id='word_1_180' title='bbox 581 2794 639 2885; x_wconf 82' lang='lat' dir='ltr'><strong>qui</strong></span> <span class='ocrx_word' id='word_1_181' title='bbox 663 2816 702 2865; x_wconf 87' lang='lat' dir='ltr'><strong>er</strong></span> <span class='ocrx_word' id='word_1_182' title='bbox 720 2794 837 2865; x_wconf 86' lang='lat' dir='ltr'><strong>eodem</strong></span> <span class='ocrx_word' id='word_1_183' title='bbox 858 2804 953 2883; x_wconf 81' lang='lat' dir='ltr'><strong>patra</strong></span> <span class='ocrx_word' id='word_1_184' title='bbox 971 2804 1008 2863; x_wconf 83' lang='lat' dir='ltr'><strong>ct</strong></span> <span class='ocrx_word' id='word_1_185' title='bbox 1038 2793 1086 2862; x_wconf 83' lang='lat' dir='ltr'><strong>di·</strong></span> 
     </span>
     <span class='ocr_line' id='line_1_28' title="bbox 147 2886 1084 2979; baseline 0.002 -24"><span class='ocrx_word' id='word_1_186' title='bbox 147 2907 242 2962; x_wconf 83' lang='lat' dir='ltr'><strong>versa</strong></span> <span class='ocrx_word' id='word_1_187' title='bbox 261 2899 368 2960; x_wconf 81' lang='lat' dir='ltr'><strong>matra</strong></span> <span class='ocrx_word' id='word_1_188' title='bbox 388 2887 585 2978; x_wconf 81' lang='lat' dir='ltr'><strong>simpliciter</strong></span> <span class='ocrx_word' id='word_1_189' title='bbox 605 2886 857 2978; x_wconf 78' lang='lat' dir='ltr'><strong>consanguinei,</strong></span> <span class='ocrx_word' id='word_1_190' title='bbox 880 2887 939 2979; x_wconf 90' lang='lat' dir='ltr'><strong>qui</strong></span> <span class='ocrx_word' id='word_1_191' title='bbox 957 2898 1084 2958; x_wconf 78' lang='lat' dir='ltr'><strong>tantun</strong></span> 
     </span>
     <span class='ocr_line' id='line_1_29' title="bbox 138 2980 1122 3073; baseline 0.004 -23"><span class='ocrx_word' id='word_1_192' title='bbox 138 3000 188 3071; x_wconf 35' lang='lat' dir='ltr'><strong>&#39;ar</strong></span> <span class='ocrx_word' id='word_1_193' title='bbox 206 2982 324 3054; x_wconf 82' lang='lat' dir='ltr'><strong>eadam</strong></span> <span class='ocrx_word' id='word_1_194' title='bbox 344 2992 449 3051; x_wconf 87' lang='lat' dir='ltr'><strong>matrs</strong></span> <span class='ocrx_word' id='word_1_195' title='bbox 460 2993 498 3053; x_wconf 86' lang='lat' dir='ltr'><strong>ct</strong></span> <span class='ocrx_word' id='word_1_196' title='bbox 515 2981 646 3056; x_wconf 81' lang='lat' dir='ltr'><strong>diuerso</strong></span> <span class='ocrx_word' id='word_1_197' title='bbox 658 2994 753 3073; x_wconf 89' lang='lat' dir='ltr'><strong>patre</strong></span> <span class='ocrx_word' id='word_1_198' title='bbox 771 2981 895 3052; x_wconf 84' lang='lat' dir='ltr'><strong>uterini</strong></span> <span class='ocrx_word' id='word_1_199' title='bbox 913 2980 1081 3054; x_wconf 87' lang='lat' dir='ltr'><strong>dicuntur.</strong></span> <span class='ocrx_word' id='word_1_200' title='bbox 1113 2991 1122 3008; x_wconf 85' lang='grc'><em>“</em></span> 
     </span>
    </p>

    <p class='ocr_par' dir='ltr' id='par_1_5' title="bbox 112 3074 1086 3640">
     <span class='ocr_line' id='line_1_30' title="bbox 193 3074 1083 3165; baseline -0.004 -17"><span class='ocrx_word' id='word_1_201' title='bbox 193 3074 277 3148; x_wconf 66' lang='lat' dir='ltr'><strong>Trea</strong></span> <span class='ocrx_word' id='word_1_202' title='bbox 307 3074 479 3148; x_wconf 80' lang='lat' dir='ltr'><strong>institutae</strong></span> <span class='ocrx_word' id='word_1_203' title='bbox 505 3087 585 3148; x_wconf 86' lang='lat' dir='ltr'><strong>aunt</strong></span> <span class='ocrx_word' id='word_1_204' title='bbox 602 3077 740 3165; x_wconf 68' lang='lat' dir='ltr'><strong>regulas</strong></span> <span class='ocrx_word' id='word_1_205' title='bbox 760 3076 800 3144; x_wconf 90' lang='lat' dir='ltr'><strong>ad</strong></span> <span class='ocrx_word' id='word_1_206' title='bbox 822 3075 1083 3165; x_wconf 74' lang='lat' dir='ltr'><strong>dignoscendam</strong></span> 
     </span>
     <span class='ocr_line' id='line_1_31' title="bbox 146 3166 1085 3259; baseline -0.007 -18"><span class='ocrx_word' id='word_1_207' title='bbox 146 3181 228 3258; x_wconf 73' lang='lat' dir='ltr'><strong>nasot</strong></span> <span class='ocrx_word' id='word_1_208' title='bbox 242 3168 408 3259; x_wconf 73' lang='lat' dir='ltr'><strong>gradibus</strong></span> <span class='ocrx_word' id='word_1_209' title='bbox 429 3169 670 3259; x_wconf 66' lang='lat' dir='ltr'><strong>oensangnaei</strong></span> <span class='ocrx_word' id='word_1_210' title='bbox 696 3169 820 3240; x_wconf 80' lang='lat' dir='ltr'><strong>distem</strong></span> <span class='ocrx_word' id='word_1_211' title='bbox 835 3168 923 3239; x_wconf 87' lang='lat' dir='ltr'><strong>inter</strong></span> <span class='ocrx_word' id='word_1_212' title='bbox 941 3187 989 3237; x_wconf 87' lang='lat' dir='ltr'><strong>sa.</strong></span> <span class='ocrx_word' id='word_1_213' title='bbox 1011 3166 1085 3238; x_wconf 85' lang='lat' dir='ltr'><strong>Pri·</strong></span> 
     </span>
     <span class='ocr_line' id='line_1_32' title="bbox 146 3258 1086 3354; baseline -0.002 -20"><span class='ocrx_word' id='word_1_214' title='bbox 146 3283 200 3336; x_wconf 84' lang='lat' dir='ltr'><strong>rna</strong></span> <span class='ocrx_word' id='word_1_215' title='bbox 217 3284 281 3354; x_wconf 85' lang='lat' dir='ltr'><strong>pro</strong></span> <span class='ocrx_word' id='word_1_216' title='bbox 301 3263 390 3335; x_wconf 89' lang='lat' dir='ltr'><strong>linea</strong></span> <span class='ocrx_word' id='word_1_217' title='bbox 409 3275 500 3336; x_wconf 82' lang='lat' dir='ltr'><strong>rocta</strong></span> <span class='ocrx_word' id='word_1_218' title='bbox 519 3262 782 3343; x_wconf 65' lang='lat' dir='ltr'><strong>annuntium,</strong></span> <span class='ocrx_word' id='word_1_219' title='bbox 803 3272 863 3331; x_wconf 92' lang='lat' dir='ltr'><strong>aut</strong></span> <span class='ocrx_word' id='word_1_220' title='bbox 881 3258 1086 3332; x_wconf 60' lang='lat' dir='ltr'><strong>desomn-</strong></span> 
     </span>
     <span class='ocr_line' id='line_1_33' title="bbox 146 3355 1086 3450; baseline 0.002 -26"><span class='ocrx_word' id='word_1_221' title='bbox 146 3355 228 3436; x_wconf 83' lang='lat' dir='ltr'><strong>tium</strong></span> <span class='ocrx_word' id='word_1_222' title='bbox 250 3357 410 3430; x_wconf 73' lang='lat' dir='ltr'><strong>hacccstc</strong></span> <span class='ocrx_word' id='word_1_223' title='bbox 429 3381 444 3425; x_wconf 82' lang='lat' dir='ltr'><strong>r</strong></span> <span class='ocrx_word' id='word_1_224' title='bbox 467 3368 606 3431; x_wconf 85' lang='lat' dir='ltr'><strong>totsunt</strong></span> <span class='ocrx_word' id='word_1_225' title='bbox 619 3358 756 3447; x_wconf 70' lang='lat' dir='ltr'><strong>gradus,</strong></span> <span class='ocrx_word' id='word_1_226' title='bbox 773 3366 858 3445; x_wconf 83' lang='lat' dir='ltr'><strong>quot</strong></span> <span class='ocrx_word' id='word_1_227' title='bbox 874 3366 953 3428; x_wconf 78' lang='lat' dir='ltr'><strong>ruat</strong></span> <span class='ocrx_word' id='word_1_228' title='bbox 972 3373 1086 3450; x_wconf 70' lang='lat' dir='ltr'><strong>perm-</strong></span> 
     </span>
     <span class='ocr_line' id='line_1_34' title="bbox 144 3447 1085 3542; baseline -0.005 -18"><span class='ocrx_word' id='word_1_229' title='bbox 144 3469 219 3537; x_wconf 81' lang='lat' dir='ltr'><strong>uoc,</strong></span> <span class='ocrx_word' id='word_1_230' title='bbox 241 3453 382 3541; x_wconf 53' lang='lat' dir='ltr'><strong>&amp;mato</strong></span> <span class='ocrx_word' id='word_1_231' title='bbox 395 3471 462 3526; x_wconf 85' lang='lat' dir='ltr'><strong>unc</strong></span> <span class='ocrx_word' id='word_1_232' title='bbox 477 3451 601 3542; x_wconf 73' lang='lat' dir='ltr'><strong>cupito,</strong></span> <span class='ocrx_word' id='word_1_233' title='bbox 622 3474 637 3519; x_wconf 88' lang='lat'><strong>›</strong></span> <span class='ocrx_word' id='word_1_234' title='bbox 653 3471 727 3535; x_wconf 85' lang='lat' dir='ltr'><strong>sau,</strong></span> <span class='ocrx_word' id='word_1_235' title='bbox 743 3449 832 3541; x_wconf 85' lang='lat' dir='ltr'><strong>qnod</strong></span> <span class='ocrx_word' id='word_1_236' title='bbox 847 3447 984 3528; x_wconf 78' lang='lat' dir='ltr'><strong>initiant</strong></span> <span class='ocrx_word' id='word_1_237' title='bbox 999 3447 1085 3528; x_wconf 73' lang='lat' dir='ltr'><strong>raci-</strong></span> 
     </span>
     <span class='ocr_line' id='line_1_35' title="bbox 112 3541 1084 3640; baseline -0.001 -25"><span class='ocrx_word' id='word_1_238' title='bbox 112 3569 116 3578; x_wconf 74' lang='grc'>’</span> <span class='ocrx_word' id='word_1_239' title='bbox 144 3545 203 3632; x_wconf 74' lang='lat' dir='ltr'><strong>tiit,</strong></span> <span class='ocrx_word' id='word_1_240' title='bbox 214 3571 232 3615; x_wconf 73' lang='grc' dir='ltr'><strong><em>ι</em></strong></span> <span class='ocrx_word' id='word_1_241' title='bbox 243 3555 390 3625; x_wconf 59' lang='lat' dir='ltr'><strong>tarnat</strong></span> <span class='ocrx_word' id='word_1_242' title='bbox 400 3545 539 3635; x_wconf 66' lang='lat' dir='ltr'><strong>trudntn</strong></span> <span class='ocrx_word' id='word_1_243' title='bbox 554 3555 637 3640; x_wconf 81' lang='lat' dir='ltr'><strong>quot</strong></span> <span class='ocrx_word' id='word_1_244' title='bbox 648 3542 919 3635; x_wconf 74' lang='lat' dir='ltr'><strong>generationes.»</strong></span> <span class='ocrx_word' id='word_1_245' title='bbox 935 3541 1084 3616; x_wconf 63' lang='lat' dir='ltr'><strong>&amp;moda</strong></span> 
     </span>
    </p>
   </div>
   <div class='ocr_carea' id='block_1_5' title="bbox 0 0 1326 4175">
    <p class='ocr_par' dir='ltr' id='par_1_6' title="bbox 0 0 1326 4175">
     <span class='ocr_line' id='line_1_36' title="bbox 0 0 1326 4175; baseline 0 2"><span class='ocrx_word' id='word_1_246' title='bbox 0 0 1326 4175; x_wconf 95' lang='lat' dir='ltr'><strong> </strong></span> 
     </span>
    </p>
   </div>
  </div>
 </body>
</html>
