2642 4175
288 334 354 391 304
627 345 728 391 cnrur
740 346 787 390 ιιι.

239 445 347 534 primo
365 459 560 537 conceptum
572 447 693 526 tuerat,
714 455 752 514 ut
771 441 922 536 Synodns
941 444 1036 516 irrite
1053 447 1183 521 laceret

160 567 163 572 ⁴
239 559 276 607 ea
295 541 506 611 matrimonia
525 559 610 633 quae
630 538 909 609 contraherentur
923 560 940 607 a
956 540 1180 615 tiliisiumilias

239 644 316 703 aute
335 655 391 704 an.
410 634 468 719 18,
495 648 528 706 et
545 657 565 705 a
581 631 714 703 filiabus
730 644 807 702 ente
826 647 882 702 tn.
904 631 951 701 15
969 636 1175 725 cumpletum

239 725 365 818 absque
379 730 568 818 genitorum
587 743 763 797 consensu.
786 724 865 795 Post
889 728 1010 798 multus
1039 741 1179 800 conten·

238 818 346 891 tiones
367 834 482 893 mutuo
502 820 638 892 Parrum
657 819 808 912 consilio,
824 820 994 890 decretum
1013 822 1177 893 emissum

239 925 313 999 est,
347 918 436 1006 quod
456 917 580 1005 legitur
602 933 688 985 sess.
710 911 805 981 Xlllll
824 935 852 982 c.
884 912 900 980 l
924 913 1017 984 hisce
1046 917 1174 987 verbis:

241 1007 415 1079 «Tametsi
432 1011 620 1080 dubitatum
634 1019 765 1077 nonest
782 1006 984 1078 clandestine
1006 1009 1177 1080 matrimo

238 1100 292 1169 nia
310 1101 417 1173 libero
437 1101 704 1173 contrahentium
725 1103 887 1171 consensu
909 1102 1020 1187 lucta,
1051 1114 1122 1174 ratu
1143 1115 1177 1174 et

237 1212 315 1264 vera
337 1218 408 1267 esse
428 1197 651 1279 matrimonio,
671 1195 832 1285 quamdiu
851 1195 994 1266 Ecclesia
1014 1217 1053 1266 en
1080 1197 1176 1267 irrita

238 1306 306 1358 non
319 1290 407 1371 lecit,
425 1304 458 1361 et
477 1291 617 1380 proinde
628 1290 701 1359 inre
712 1288 890 1358 dumnundi
903 1302 982 1360 snut
997 1288 1058 1370 illi,
1074 1303 1177 1380 prout

238 1399 295 1449 eos
310 1395 421 1453 sancta
444 1383 595 1475 Synodns
622 1382 839 1452 'anathemate
859 1384 1012 1473 menet,
1041 1384 1099 1473 qui
1137 1405 1176 1454 ea

238 1492 313 1544 vern
335 1497 373 1545 ac
393 1489 464 1547 rata
484 1499 556 1547 esse
575 1487 710 1564 negant,
741 1476 867 1567 quique
893 1477 976 1546 falsu
1006 1477 1177 1546 affirmant

239 1569 450 1640 matrimonia
470 1591 488 1640 a
513 1570 735 1641 filiislamilias
768 1571 840 1641 sinc
864 1590 1026 1640 consensu
1054 1590 1178 1660 paren·

240 1671 310 1729 tum
331 1672 497 1733 contracta
519 1664 613 1734 irrita
632 1684 721 1748 esse,
744 1677 777 1734 et
791 1674 951 1753 parentes
969 1685 1007 1734 ea
1028 1674 1099 1733 ruta
1119 1665 1173 1733 rel

238 1752 333 1825 irrita
350 1757 459 1827 iacere
471 1777 584 1848 posse,
601 1757 820 1827 nihilominus
848 1769 959 1827 sancte
984 1756 1040 1827 llei
1059 1756 1178 1827 Eccle-

236 1847 284 1917 sia
299 1869 336 1918 ex
357 1849 546 1922 iustissimis
565 1853 674 1921 causis
694 1870 731 1920 ea
757 1871 892 1941 semper
913 1852 1077 1921 detestata
1107 1865 1174 1936 est,

239 1953 273 2011 et
286 1944 496 2032 prohibuit.»
520 1947 685 2016 Hactenus
705 1945 804 2014 verba
825 1944 1008 2013 Tridentini
1029 1944 1176 2014 Decreti.

237 2035 278 2104 dt
293 2036 357 2107 lroc
370 2038 478 2129 ipsum
497 2039 727 2110 l'ridentinnm
745 2037 920 2109 Decretum
941 2037 1064 2130 triplici
1084 2038 1176 2108 circa

239 2129 429 2203 huiusmodi
449 2133 660 2204 matrimonia
679 2131 1176 2223 tiliorumlamiliasquaestioni

237 2224 347 2294 locum
363 2227 510 2317 sper-uit.
531 2227 568 2295 l⁰
583 2228 734 2318 quaestio
753 2238 813 2305 est,
829 2247 870 2295 en
893 2228 981 2316 quod
999 2247 1040 2296 eo
1058 2227 1178 2296 decre·

111 2373 115 2391 .
237 2327 271 2385 to
306 2321 465 2390 statuitur
496 2321 709 2391 matrimonia
745 2319 1038 2390 liliorumlnmilias
1068 2319 1178 2409 respi-

237 2410 313 2494 ciat,
332 2413 456 2481 nednm
475 2414 600 2499 lutura,
621 2434 742 2504 nempe
756 2435 842 2504 quae
860 2413 1077 2503 inposterum
1094 2434 1178 2482 con·

236 2504 429 2589 trahuntur,
452 2528 566 2576 verum
598 2507 698 2578 etiam
719 2527 769 2592 ea,
792 2518 973 2596 quaerente
992 2507 1100 2596 ipsum
1120 2508 1179 2577 de·

237 2609 365 2667 cretum
385 2600 519 2669 luerent
541 2613 721 2685 contracta,
738 2600 782 2670 ite
803 2613 840 2672 ut
860 2622 896 2670 ea
914 2600 1024 2670 habita
1040 2621 1177 2689 semper

235 2689 314 2774 sint,
335 2704 368 2762 et
388 2692 504 2762 haberi
530 2694 711 2784 respective
730 2694 873 2763 debeant
898 2706 969 2762 ratu
991 2705 1024 2764 et
1037 2692 1178 2762 valida?

235 2782 357 2852 Locum
381 2786 567 2876 quaestioni
588 2786 721 2878 aperuit
738 2787 842 2871 illud,
874 2786 963 2876 qnod
991 2787 1025 2855 in
1054 2787 1177 2857 eodem

235 2877 370 2953 decreto
390 2880 452 2949 sub
473 2882 587 2951 eadem
607 2881 771 2950 sermonis
790 2880 877 2951 serie
893 2878 1176 2950 de-matrirneniis

235 2969 461 3058 clandestinis,
481 2985 550 3043 tum
571 2974 692 3044 suturis
722 2985 792 3042 turn
822 2973 1011 3063 praeteritis
1045 2973 1174 3062 agitur.

222 3062 353 3136 -Nostro
370 3088 483 3136 rerum
501 3067 624 3137 indicio
644 3089 684 3137 ex
702 3067 845 3157 simplici
863 3067 1014 3136 eiusdem
1046 3067 1177 3136 decreti

233 3158 373 3245 lectura,
394 3161 490 3231 facile
508 3161 589 3231 haec
607 3161 759 3252 quaestio
777 3160 980 3243 dissolvitur3
1003 3158 1176 3250 siquidem

235 3273 272 3321 ex
292 3253 381 3324 uaria
403 3254 562 3345 loquendi
582 3254 727 3337 ratione,
752 3274 837 3344 quae
863 3253 898 3322 in
932 3253 1004 3343 ipso
1036 3255 1177 3322 decreto

234 3346 440 3432 observetur,
462 3348 542 3418 setis
560 3359 698 3438 apparet
716 3348 797 3416 illud
830 3348 998 3417 decretum
1022 3346 1179 3415 declan-

235 3439 374 3510 destinis
390 3452 460 3510 tum
481 3442 614 3526 iuturis,
637 3454 707 3511 tum
730 3439 917 3531 praeteritis
930 3438 1091 3511 statuisse
1109 3438 1177 3508 hnc

235 3532 345 3617 modo,
371 3555 489 3625 nempe
509 3536 596 3625 quod
614 3535 792 3625 praeterita
814 3534 988 3614 valuerint,
1019 3531 1175 3622 quandin
