2642 4175
289 320 355 381 502
599 331 763 405 mennon
780 333 815 379 11.

241 434 411 524 publicum
432 428 599 501 affinitatis
619 430 717 519 primi
743 433 865 517 gradus
884 432 1052 521 aequalis,
1074 434 1180 504 lineae

243 527 453 607 collateralis,
470 535 582 594 ortum
603 526 751 614 ecopula
771 525 1044 595 fornicariarum
1065 549 1179 597 sorore

242 641 392 711 sponsae,
413 640 500 709 quae
520 618 731 705 parochianis
750 618 833 688 meis
853 620 1030 688 maximam
1051 635 1176 711 partem

243 727 293 784 est
312 725 403 781 nota.
1281 783 1284 787 ,

303 806 412 887 Quare
432 806 620 874 humillime
651 804 839 892 supplicant
870 803 1097 875 llominationi
1120 807 1177 876 Ve-

242 914 342 983 strae,
362 912 399 969 ut
415 899 587 988 super-illo
604 898 842 987 impedimento
862 896 1000 968 Sanctae
1021 899 1116 968 Sedis
1129 901 1176 969 di·

241 993 408 1085 spensatio
427 995 507 1083 ipsis
528 1002 737 1082 procuretur.

289 1088 415 1163 Causae
436 1098 525 1156 sunt:
548 1086 584 1152 l⁰
602 1085 719 1174 copula
741 1085 881 1153 carnalis
902 1085 944 1153 oh
963 1087 1068 1154 solam
1089 1107 1177 1156 vesa-

135 1250 141 1257 ,
243 1201 318 1250 nam
338 1181 512 1249 libidinem
532 1179 686 1260 admissa,
703 1199 721 1246 e
741 1199 805 1267 qua
825 1180 935 1267 proles
957 1193 1130 1269 concepta;
1146 1179 1179 1246 2⁰

243 1295 304 1364 pax
324 1285 358 1342 et
389 1273 563 1342 concordia
588 1272 685 1339 ¹inter
716 1283 885 1339 oratorum
914 1273 1057 1341 familias
1088 1275 1180 1341 resti·

242 1369 385 1451 tuenda;
407 1364 442 1434 3⁰
461 1365 612 1454 angustia
633 1364 718 1447 loci,
740 1364 774 1431 in
794 1387 860 1453 quo
879 1365 1003 1435 oratrix
1021 1366 1180 1435 honestae

244 1460 389 1542 familiae
403 1470 480 1528 nata
494 1470 601 1540 estet,
618 1478 724 1546 aeque
738 1478 776 1525 ac
791 1470 914 1538 orator,
927 1458 1065 1540 habitat,
1081 1461 1132 1527 vel
1148 1460 1180 1527 in

245 1574 313 1644 quo
333 1553 455 1621 oratrix
474 1562 549 1620 nata
569 1562 618 1619 est
638 1564 671 1619 et
690 1549 724 1616 in
743 1571 808 1639 quo
825 1563 938 1620 orator
955 1551 1095 1635 hahitat;
1117 1554 1178 1635 vel,
1237 1603 1245 1610 -

244 1649 275 1714 in
293 1667 359 1734 quo
380 1644 507 1713 oratrix
526 1643 625 1711 simul
644 1655 677 1712 et
691 1657 803 1711 orator
820 1643 982 1727 habitant,
1000 1645 1107 1734 etqui
1125 1666 1181 1713 nu-

230 1747 372 1806 ‘merum
388 1735 480 1806 1000
498 1737 683 1817 incolarum
698 1753 765 1805 non
779 1737 918 1820 excedit;
935 1737 972 1804 lt⁰
984 1737 1088 1807 timor
1108 1739 1180 1806 iun-

243 1833 362 1915 datus,
383 1852 426 1899 ne
445 1831 473 1899 si
502 1828 704 1918 dispensatio
729 1841 893 1918 negetur,
916 1852 976 1919 per
995 1829 1180 1919 instigatio·

242 1924 595 1994 nemmalarolorum
631 1934 781 1992 oratores
816 1924 939 1991 formas
973 1923 1087 1992 civiles
1120 1924 1180 1992 irn-

243 2018 374 2108 pleant3
397 2015 433 2085 5⁰
453 2017 558 2106 turpis
586 2016 850 2100 concubinatus;
873 2014 907 2084 6·
924 2016 1051 2085 formae
1071 2017 1180 2086 civiles

244 2113 309 2181 iarn
332 2112 502 2201 impletae.
863 2123 864 2126 ’

299 2204 416 2274 Testor
448 2214 625 2287 oratores,
659 2201 862 2271 orthodoxae
890 2201 967 2290 fidei
1006 2204 1176 2283 cultores,

244 2297 407 2367 eiusmodi
422 2318 495 2366 esse
512 2298 678 2379 fortunae,
695 2305 733 2364 ut
749 2295 781 2361 in
792 2297 841 2364 vre
859 2297 1069 2364 solummodo
1088 2295 1180 2365 0500

243 2391 462 2474 francorum;
485 2390 518 2457 in
538 2410 596 2479 spe
613 2410 693 2459 raro
709 2385 802 2457 3500
824 2388 956 2457 circiter
976 2388 1177 2477 possideant.

519 2496 574 2564 die
669 2494 794 2563 mensis
1006 2495 1086 2562 anni

612 2600 681 2670 NN.
705 2600 821 2670 Pastor
841 2600 1020 2691 parochiae

275 2753 363 2824 Quum
381 2754 523 2808 nonnullae
541 2754 593 2822 sint
616 2754 795 2820 Dioeceseain
808 2755 904 2826 quihus
916 2774 930 2806 a
942 2755 1009 2807 Sede
1029 2755 1176 2823 Apostolica

239 2832 379 2888 Ordinario
392 2832 442 2883 loci
461 2832 570 2883 incultas
580 2831 647 2883 laeta
659 2840 707 2895 est,
721 2833 767 2901 pro
785 2832 875 2899 paucis
891 2831 1031 2884 admodum
1043 2841 1070 2883 et
1081 2849 1176 2902 urgen-

237 2910 341 2963 tissimis
358 2909 470 2972 casibus,
488 2908 654 2976 dispensandi
678 2909 705 2959 iu
725 2910 893 2961 matrimoniia
908 2913 1083 2961 contrahendis
1097 2926 1175 2976 super

237 2989 283 3041 illo
300 2986 495 3054 impedimento,
518 2986 596 3037 etiam
613 2986 718 3053 quando
740 2994 779 3037 est
796 2986 943 3053 publicum,
961 2993 1100 3054 propterea
1124 3002 1172 3037 non

237 3064 293 3116 sine
310 3063 411 3115 ratione
429 3062 514 3114 notari
530 3063 575 3115 hic
596 3063 711 3131 poterit,
731 3064 759 3115 iu
778 3063 825 3113 illo
842 3078 904 3115 casu
927 3062 1104 3121 adhibendam
1121 3078 1173 3115 esse

236 3137 435 3209 praecedentem
453 3137 601 3201 lot-mulam,
620 3148 646 3190 et
663 3138 736 3190 locor
761 3137 844 3205 Quare
863 3140 1002 3189 humillime
1018 3147 1071 3190 etc.
1083 3137 1172 3191 diuen-

166 3245 170 3248 ν
237 3215 300 3269 dum
312 3231 381 3267 esee:
400 3214 482 3281 wem
500 3220 696 3281 impedimentum
713 3217 977 3279 dilectumdilectum
995 3219 1018 3266 el
1040 3215 1170 3268 matrimo-
1188 3217 1194 3220 ’

236 3295 275 3342 nii
289 3294 361 3342 illine
386 3296 447 3342 odeo
471 3293 561 3357 nr'peol
585 3294 735 3353 necessitate,
757 3296 786 3342 nl
808 3308 922 3344 recurram
940 3297 973 3342 od
1001 3292 1171 3355 Apostoliccm

236 3370 321 3420 Sedent
337 3369 424 3418 hohert‘
440 3384 489 3418 non
506 3374 597 3433 parent,
616 3369 754 3420 humillime
771 3372 911 3434 supplicent
927 3367 1106 3419 Dominotioni
1121 3366 1170 3421 Ve·
1241 3364 1251 3436 '⁷

235 3448 315 3508 atrae,
333 3450 360 3494 nt
383 3449 408 3494 oi
425 3448 552 3522 [ocellatis
570 3448 719 3510 apcitottme
734 3449 951 3498 memordincrme
971 3447 1045 3510 aitper
1064 3448 1109 3497 ilio
1125 3449 1172 3496 im·

233 3522 371 3583 pedimento
387 3523 526 3585 diapenmre
540 3527 663 3588 Monetae.
