2642 4175
514 395 676 439 arrunmx
693 396 741 440 u1.
991 387 1055 443 541

167 494 277 565 riores
297 492 492 564 Sacerdotes
509 506 683 582 nequeunt
702 494 774 563 sine
798 497 932 586 speciali
952 497 1110 567 facultate

97 618 101 625 ·
170 588 352 658 dimittere.
375 588 573 656 Huiusmodi
595 589 683 656 enim
703 589 896 661 difficultate
926 591 1107 661 absolutio-

170 683 224 753 nis
245 694 377 772 peocata
397 682 552 749 ridentur
569 681 744 765 cobiberi;
767 695 800 753 et
821 685 941 755 deinde
966 686 1000 754 in
1031 706 1108 773 gra·

168 776 316 846 rioribus
337 775 462 845 morbis
482 776 659 865 peritiores
680 776 826 846 medicos
857 790 989 866 oportet
1013 779 1107 847 adbi-

170 870 264 940 bere.
286 870 369 940 Cum
387 871 500 958 itaque
526 870 785 939 reservationum
812 892 931 961 scopus
957 872 1000 941 sit
1018 874 1110 941 salus

171 964 370 1045 animarum,
400 964 486 1031 idem
504 962 689 1036 Concilium
708 964 950 1047 tridentinum,
969 986 1012 1033 ne
1032 966 1110 1055 quis

171 1057 234 1126 hac
250 1056 422 1126 occasione
440 1067 567 1147 pereat,
587 1057 744 1146 antiquae
764 1059 928 1129 Ecclesiae
951 1058 1041 1148 praxi
1057 1059 1107 1127 in·
1190 1106 1192 1113 κ

171 1151 314 1220 haerens
333 1150 522 1233 declaravit,
540 1163 640 1239 atquc
658 1153 841 1234 constituit,
859 1165 895 1221 ut
914 1153 947 1220 in
968 1153 1110 1221 articulo

171 1245 287 1314 mortis
308 1245 451 1334 quilibet
482 1242 643 1313 Sacerdos
670 1247 853 1334 quemlibet
880 1247 1107 1334 poenitentem

172 1361 189 1406 a
216 1338 388 1427 quibusuis
408 1338 551 1426 pcccatis
572 1349 605 1407 ct
624 1339 775 1408 censuris
801 1340 970 1408 absolvere
991 1340 1107 1428 possit.

172 1432 207 1502 ln
226 1433 441 1522 expendendo
455 1445 569 1501 autem
586 1432 649 1500 boc
668 1435 801 1502 decreto
815 1454 881 1502 non
903 1446 953 1503 est
971 1452 1113 1505 concors

172 1526 425 1595 Canonistarum
447 1526 622 1595 sententia.
648 1525 733 1595 Sunt
752 1528 854 1610 enim,
870 1529 926 1617 qui
942 1527 1030 1595 dicto
1051 1528 1109 1595 de·

147 1638 149 1641 ’
171 1631 261 1689 creto
280 1620 435 1689 omnibus
456 1618 702 1704 Sacerdotibus,
724 1621 929 1711 quicumque
947 1621 993 1688 illi
1015 1620 1106 1705 sint,

170 1713 236 1783 sive
249 1715 442 1801 degradati,
464 1715 532 1782 sive
552 1716 840 1800 excommunicati,
863 1718 931 1785 sivo
950 1713 1111 1784 schisma-

172 1806 226 1874 tici
242 1807 291 1875 vel
305 1807 475 1888 baeretici,
498 1827 571 1874 eam
589 1808 780 1877 facultatem
796 1810 985 1877 absolvendi
1007 1807 1039 1876 in
1059 1830 1110 1876 ar-

172 1900 273 1969 ticulo
295 1896 435 1982 mortis,
447 1901 511 1967 alio
530 1898 706 1967 Sacerdote
724 1892 911 1982 ilelicienle,
926 1903 1035 1968 datam
1057 1921 1110 1968 es·

84 2020 87 2026 ¹
171 2014 206 2062 se
226 1993 449 2075 arbitrantur;
471 1984 527 2058 alii
547 2003 660 2060 contra
683 1992 831 2061 sentiunt
850 2014 925 2061 cum
947 1994 1105 2079 Eagnano

172 2087 205 2155 in
226 2109 297 2177 cap.
320 2087 392 2155 Non
413 2106 473 2156 usn
492 2104 598 2169 roam,
629 2086 671 2155 tle
704 2085 919 2174 Sponsalibus
945 2099 978 2156 et
996 2087 1108 2155 Matri-

172 2182 308 2263 monio,
342 2201 417 2249 cum
452 2181 582 2259 Pontos,
614 2180 713 2248 verbo
733 2184 934 2263 Aasocurro,
968 2182 1109 2270 aliisque

172 2274 379 2361 gravioribus
399 2274 606 2354 Doctoribus,
630 2295 714 2362 quos
730 2277 904 2344 consulere
925 2277 1029 2344 lector
1050 2297 1108 2364 po·

171 2368 263 2436 terit.
299 2367 384 2435 Satis
415 2369 454 2435 de
486 2366 698 2437 Sacramento
728 2367 967 2438 Poenitentiae.
1000 2367 1108 2437 Pauca

135 2483 141 2494 ¹
172 2462 270 2528 modo
290 2462 330 2529 de
350 2461 564 2530 Sacramento
585 2462 758 2530 Extremae
780 2462 950 2531 Unctionis
971 2462 1091 2530 dicam.

218 2553 468 2624 Sacramentum
484 2556 656 2625 Extremae
677 2556 847 2625 Unctionis
866 2558 909 2626 ab
925 2557 996 2645 ipsc
1012 2556 1107 2624 Ebri-

171 2659 221 2717 sto
234 2650 349 2719 blattb.
364 2649 433 2728 X,8
450 2651 666 2734 insinuatum,
683 2651 820 2719 lacobus
837 2672 910 2740 cap.
924 2651 967 2732 ll,
990 2671 1040 2719 rv.
1061 2648 1111 2717 lu

173 2742 353 2812 catholicae
382 2765 461 2811 suae
493 2744 658 2831 Epistolpe
687 2745 841 2813 lidelibus
867 2744 1111 2812 commendarit.

173 2856 212 2903 ac
232 2837 464 2924 promulgavit,
486 2837 529 2905 ita
550 2838 711 2906 scribens:
738 2839 957 2905 «lufirmatur
977 2836 1051 2924 quis
1071 2835 1106 2902 in

172 2929 288 2997 vobis‘l
320 2930 456 2997 inducat
487 2928 700 3020 Presbyteros
735 2932 923 3012 Ecclesiae,
952 2942 985 2999 et
1010 2940 1108 2998 orent

171 3043 272 3111 super
292 3044 381 3105 eum,
405 3035 567 3108 ungentes
580 3045 656 3092 eum
673 3027 747 3093 oleo
768 3025 800 3092 in
815 3024 947 3093 nomine
961 3023 1105 3098 Domini,

173 3128 207 3184 ot
226 3116 336 3185 Oratio
357 3116 433 3192 lidei
455 3117 590 3185 salvabit
605 3117 788 3197 infirmum,
802 3131 835 3187 et
848 3118 1013 3187 alleviabit
1026 3137 1104 3184 eum

172 3209 343 3279 Dominus:
359 3223 392 3280 et
406 3212 431 3278 si
449 3211 483 3278 in
501 3212 643 3297 peccatis
661 3214 715 3292 sit,
738 3214 949 3281 remittentur
963 3212 1008 3279 ei.
1028 3233 1042 3275 a
1060 3210 1106 3277 Er

173 3303 295 3392 quibus
314 3304 423 3373 lacobi
443 3304 551 3372 verbis
572 3305 736 3393 inprimis
756 3306 947 3388 noscimus,
968 3303 1104 3393 quinam

172 3400 240 3466 sint
261 3398 359 3466 buius
380 3398 582 3466 Sacramentl
605 3400 813 3489 subiectum,
836 3399 966 3472 scilicet,
980 3397 1103 3466 infirmi

172 3492 316 3579 graviter
335 3504 368 3559 et
387 3493 573 3581 periculose
593 3493 841 3561 decumbentes:
865 3493 943 3560 binc
959 3493 999 3559 ad
1016 3512 1105 3560 mor·

172 3598 237 3654 tem
256 3586 417 3672 damnati,
441 3588 480 3656 ad
503 3587 665 3677 praelium
687 3587 890 3677 praecincti,
913 3585 1035 3674 aliique
1062 3584 1107 3652 ob
