2642 4175
324 378 390 435 630
623 390 786 436 urrunnu
805 392 852 437 111.

274 488 458 572 comitatis,
483 488 625 578 quilibet
647 488 746 556 etiam
768 488 895 572 laicus,
915 489 980 557 imo
1000 489 1061 580 ipsi
1082 490 1193 573 iudaei,

275 583 394 674 pagani
409 592 443 651 et
461 581 643 664 haeretici,
666 582 694 650 si
712 581 861 650 debitum
889 583 990 651 ritum
1011 595 1145 667 servent,
1165 597 1194 652 et

275 676 447 746 intendant
465 676 574 744 lacere
592 676 681 764 quod
702 676 781 743 lacit
800 676 958 759 Ecclesia,
981 676 1086 745 valide
1104 690 1135 746 et
1158 678 1193 745 li·

272 770 337 840 cite
356 770 491 838 omniuo
511 769 700 875 baptizent:
730 790 842 837 rerum
875 782 963 838 extra
996 771 1189 839 necessitatis

274 860 385 933 casum
405 863 509 932 valide
529 857 677 952 quidem,
699 864 756 931 sed
774 863 898 931 illicite.
921 866 989 931 At
981 886 1015 931 ro
1036 864 1104 953 ipso
1124 885 1191 932 casu

272 957 477 1027 necessitatis
492 958 574 1026 ordo
592 959 775 1025 servandus
794 969 855 1039 est,
870 966 908 1024 ut
924 978 1046 1047 nempe
1064 958 1190 1026 clericus

272 1051 455 1142 superioris
485 1051 607 1139 gradus
642 1051 847 1138 praeferatur
881 1051 1002 1119 clerico
1040 1052 1189 1133 inferiori,

271 1145 412 1214 clericus
432 1145 526 1235 laico,
551 1165 620 1212 mas
639 1143 794 1226 lemiuae,
814 1144 1015 1213 christianus
1030 1145 1144 1213 iudaeo
1164 1157 1192 1212 et

272 1260 413 1328 pagano:
436 1251 623 1346 praeterea
633 1258 731 1305 nemo
746 1259 861 1305 eorum
880 1250 988 1326 potest
1000 1240 1190 1318 solemniter

273 1333 336 1401 lroo
356 1344 406 1401 est
425 1331 642 1400 caeremoniis
665 1331 830 1399 Ecclesiae
850 1331 1008 1400 adhibitis
1030 1332 1192 1420 baptizare,

273 1426 570 1514 caeremoniaeque
594 1424 746 1507 omissae,
774 1426 1016 1513 cumprimum
1039 1434 1191 1514 poterunt,

272 1520 419 1608 suppleri
438 1519 570 1587 debent

321 1612 534 1702 Suscipiendo
554 1611 716 1717 baptismo
736 1611 803 1700 apti
823 1622 901 1679 suut
917 1632 1035 1680 omnes
1055 1612 1191 1681 homiues

272 1706 340 1775 nati
361 1718 394 1774 et
419 1705 584 1787 viventes,
616 1704 683 1773 sive
705 1705 841 1773 masculi
862 1704 929 1773 sive
948 1706 1116 1789 feminae,
1135 1704 1191 1773 sire

273 1801 414 1869 inlautes
442 1798 509 1868 sive
527 1798 656 1880 adulti,
686 1798 753 1867 sive
786 1799 915 1867 ratione
941 1813 1111 1890 compotes
1134 1799 1191 1866 sire

272 1906 444 1961 umentes:
477 1913 543 1961 nou
574 1912 689 1960 omnes
720 1903 830 1959 tamen
862 1892 950 1960 licite
978 1893 1189 1982 baptizantur.

251 2038 254 2044 -
272 1986 615 2076 Namqueiufidelium
630 1986 701 2067 lilii,
712 1985 820 2053 invitis
830 1986 1035 2073 parentibus,
1048 1983 1189 2074 baptizari

158 2167 161 2172 Ι
272 2103 338 2151 nou
359 2081 491 2163 debent;
507 2079 586 2168 ipsis
602 2079 726 2170 quippe
746 2079 938 2170 patentibus
957 2081 1080 2150 iniuria
1099 2081 1188 2156 iceret,

272 2176 299 2244 si
320 2175 362 2243 alt
381 2176 428 2244 eis
447 2174 507 2243 lilii
528 2187 747 2264 separentur,
778 2186 815 2241 ut
839 2175 1003 2262 baptismo
1030 2175 1190 2243 abluantur

273 2268 358 2337 etin
378 2268 443 2337 fide
462 2268 703 2351 instituantur;
727 2280 839 2335 contro
865 2278 976 2337 autem
998 2269 1080 2338 fides
1100 2268 1131 2334 in
1147 2264 1189 2331 di·
1222 2269 1225 2274 ’

271 2363 414 2431 scrimeu
433 2363 676 2444 adduceretur,
699 2357 725 2428 s'i
745 2371 816 2448 post
834 2360 1038 2450 baptismum
1060 2356 1188 2451 parenti·

271 2456 333 2524 ltus
353 2455 597 2545 relinquantur.
618 2454 804 2542 Baptismus
825 2466 934 2522 tamen
954 2476 1088 2544 semper
1106 2452 1186 2529 valet,

270 2565 346 2617 cum
368 2550 408 2617 ad
426 2547 628 2618 Sacrameuti
650 2547 850 2618 validitatem
872 2568 1052 2617 consensus
1071 2565 1187 2616 seuve

261 2641 380 2709 'luntas
399 2653 572 2729 parentum
591 2643 684 2709 nullo
705 2653 799 2729 pacto
816 2641 1021 2747 requiratur.
1037 2643 1077 2711 dt
1095 2640 1121 2708 si
1139 2634 1188 2704 dlii

271 2734 454 2805 infidelium
475 2746 566 2804 certo
583 2734 837 2824 praevideantur
852 2733 965 2804 statim
987 2733 1147 2814 morituri,
1166 2729 1187 2795 si

271 2828 462 2899 immaniter
482 2850 499 2897 a
521 2827 714 2917 perentibus
747 2827 886 2933 proiecti
919 2840 977 2898 aut
1008 2829 1051 2899 alt
1070 2849 1125 2897 avo
1141 2845 1188 2926 pa

272 2934 390 3005 terno,
412 2923 461 2992 vel
479 2922 519 2990 ab
540 2943 603 3003 eo,
626 2922 687 2990 sub
716 2921 810 2989 ouius
844 2933 1004 3010 potestate
1033 2913 1185 2991 constituti

271 3029 361 3098 sunt,
379 3015 542 3123 baptismo
562 3016 769 3097 offerantur,
788 3015 817 3083 si
836 3016 1009 3085 demum
1000 3037 1066 3085 ram
1096 3007 1185 3081 adulti

272 3124 329 3178 aut
344 3110 458 3178 saltem
477 3109 606 3179 ratione
621 3108 760 3198 praediti
777 3108 975 3197 baptismum
992 3118 1184 3212 petentum

272 3204 400 3286 valide,
423 3215 492 3272 tum
511 3203 601 3273 licite
621 3203 853 3292 baptizantur,
877 3224 942 3292 quo
962 3203 1002 3271 de
1028 3223 1064 3271 re
1074 3205 1186 3267 notatu

272 3297 369 3385 digna
390 3308 469 3365 suut
486 3317 572 3386 quae
594 3297 627 3365 iu
647 3296 910 3384 congregatione
925 3295 958 3364 S.
974 3294 1076 3364 Officii
1089 3306 1184 3360 coram

271 3388 330 3457 Pio
350 3389 388 3456 Vl
409 3389 519 3460 habita
539 3388 630 3459 1779
650 3401 770 3458 statuta
791 3401 881 3459 suut.
897 3388 984 3458 llaec
997 3401 1104 3457 autem
1119 3390 1186 3452 suut

272 3479 1184 3561 huiusmodi:cl⁰nouliceremisiinarticulomortis,seu

272 3575 444 3645 moraliter
457 3590 548 3646 certo
562 3576 766 3647 imminentis
783 3577 898 3647 mortis
920 3576 1077 3666 periculo,
1091 3570 1185 3639 iulan-
