2642 4175
595 317 699 362 carot
716 317 760 360 lv.

629 533 645 623 ᾖ
663 530 719 600 73.
902 606 907 611 ,

460 704 506 762 le
524 702 706 774 Polyanle
723 701 912 760 sucoeeslra.

257 880 484 973 Polpgamiam
505 880 736 963 successivam,
758 900 819 950 seu
836 881 998 949 secundas
1017 892 1051 950 et
1071 883 1156 951 ulte-

210 979 318 1048 riores
338 975 483 1064 nuptias,
505 976 594 1044 velut
614 973 757 1058 illicitas,
781 985 814 1042 et
842 994 902 1063 per
921 994 956 1041 se
978 975 1082 1043 malas
1099 997 1155 1043 re·

211 1069 551 1176 probaruntveteres
543 1080 629 1137 mter
643 1067 840 1145 haereticos,
846 1067 991 1136 secundo
1004 1069 1152 1151 saeculo,

211 1162 445 1244 montanistae,
468 1163 590 1251 quibus
609 1181 644 1229 se
664 1159 787 1228 addixit
815 1161 1153 1244 Tertullianus31er·

211 1259 258 1328 tio
272 1269 382 1327 antem
400 1255 534 1324 saeculo
551 1275 607 1323 aas
621 1254 846 1343 reprobarunt
858 1252 1043 1322 Noratiani.
1057 1254 1157 1322 Eum·

211 1353 285 1422 dem
300 1369 448 1419 errorem
465 1348 520 1416 alii
536 1348 746 1437 postmodum
764 1348 905 1436 amplexi
924 1357 1013 1415 sunt.
1033 1347 1155 1416 Petrus

211 1446 252 1514 de
271 1445 377 1513 llarca
411 1441 446 1508 in
479 1453 621 1510 tractato
651 1441 693 1508 de
715 1440 923 1510 Matrimonia
956 1440 1154 1511 existimarit

210 1550 299 1607 ratas
317 1535 451 1626 quidem
472 1535 575 1604 luisse
592 1534 679 1622 apud
698 1545 826 1604 veteres
843 1534 1005 1603 secundas
1018 1533 1154 1623 nuptias

210 1631 341 1719 publice
360 1647 399 1696 ac
420 1627 569 1715 legitime
590 1638 800 1711 contractas,
821 1639 854 1696 at
872 1627 1006 1715 negarit
1022 1647 1076 1696 eas
1091 1648 1167 1715 pro

210 1744 288 1792 vero
306 1722 520 1791 Sacramenta
541 1720 670 1788 habitas
691 1732 773 1790 tunc
790 1721 903 1789 luisse.
929 1720 1071 1790 Basilius
1086 1719 1156 1789 lla·

214 1817 307 1895 cedo,
324 1813 468 1884 Orientis
484 1813 667 1903 imperator
685 1815 819 1883 saeculo
838 1814 1003 1884 Ecclesiae
1022 1832 1066 1893 ιιι,
1079 1831 1157 1882 oon·

212 1922 281 1987 tra,
305 1909 420 1978 tertias
437 1907 569 1995 nuptias
590 1907 624 1975 in
645 1909 786 1997 quadam
807 1928 866 1976 sua
885 1909 1013 1976 novella
1042 1907 1153 1975 decla·

216 2005 301 2073 rarit
319 2001 464 2082 illicitas,
488 2013 624 2091 quartas
643 2021 721 2070 rero
736 2002 833 2090 plone
848 2002 957 2069 nullas
975 2012 1007 2071 et
1021 1999 1153 2069 irritas.

213 2099 280 2168 Leo
297 2099 479 2187 imperator
498 2107 722 2183 cognomento
742 2094 897 2185 Sophus,
920 2116 978 2164 seu
1007 2095 1152 2184 sapiens,

213 2191 327 2260 Basilii
348 2191 448 2273 lilius,
470 2188 556 2259 etin
577 2188 721 2277 imperio
738 2190 892 2258 orientali
917 2209 1101 2270 successor,
1119 2188 1156 2255 il-

215 2286 273 2354 lud
295 2285 394 2354 etiam
413 2283 540 2364 statuit,
563 2283 678 2372 utqui
700 2283 813 2351 tertias
834 2283 965 2372 nuptias
983 2282 1155 2351 contrahe-

214 2390 291 2447 rent
309 2377 425 2467 poenis
460 2375 691 2445 ecclesiasticis
725 2376 988 2458 subiicerentur;
1023 2387 1057 2443 at
1082 2375 1154 2463 ipse

215 2473 399 2561 imperator
420 2470 497 2554 Leo,
519 2468 577 2559 qui
599 2469 661 2537 hoo
677 2469 803 2546 statuit,
824 2468 921 2539 tertia
943 2470 1097 2538 defuncta
1114 2490 1153 2535 u·

214 2584 306 2646 rore,
330 2575 484 2652 quartam
505 2562 609 2643 duxit,
630 2564 717 2652 quod
738 2584 804 2631 non
818 2562 1154 2651 leriapeperitdissi·

216 2657 288 2737 dia,
312 2656 496 2745 dequibus
525 2656 629 2724 videri
650 2657 774 2745 poterit
790 2656 974 2725 Caminalis
991 2655 1155 2724 Baronins

216 2752 257 2818 ad
280 2769 403 2818 annum
424 2746 506 2817 ont.
534 2749 578 2816 Ea
607 2750 741 2818 decreto
761 2749 899 2818 Concilii
917 2749 1067 2818 Toletani
1083 2765 1152 2831 xrrt,

217 2844 305 2934 quod
327 2843 476 2912 lrabitum
498 2855 547 2913 est
566 2863 620 2910 an.
654 2840 734 2922 683,
753 2863 827 2911 can.
856 2840 890 2927 5,
910 2844 1076 2912 secundae
1095 2862 1156 2909 nu·

215 2939 304 3026 ptiae
339 2937 568 3027 hispaniarum
590 2936 726 3024 Reginis
752 2936 948 3026 nentiquam
979 2935 1156 3025 permitte·

215 3031 351 3099 bantur.

264 3124 384 3193 Veram
406 3124 567 3192 secundas
594 3134 651 3189 aut
671 3122 751 3190 alias
769 3142 996 3212 quascumque
1016 3122 1156 3194 ulterio-

217 3238 271 3287 res
289 3218 423 3315 nuptias
444 3217 532 3285 haud
552 3208 711 3284 invalidas
733 3236 815 3300 esse,
838 3228 895 3284 aut
920 3215 1094 3299 illicitas,
1085 3238 1157 3308 rpso

216 3322 356 3380 naturae
367 3309 499 3379 lumine
519 3311 716 3392 edocemur;
734 3330 810 3377 cum
829 3309 917 3379 enim
940 3329 1030 3377 mors
1042 3331 1155 3379 omnia

217 3404 331 3484 solvat,
354 3404 434 3472 illud
457 3403 705 3510 consequitor,
736 3403 824 3493 quod
844 3403 1012 3471 vinculum
1030 3423 1153 3486 omne,

216 3496 332 3583 quod
324 3507 411 3564 inter
431 3497 589 3585 coniuges
601 3506 684 3581 erat,
701 3497 743 3565 ob
758 3497 856 3565 unius
874 3507 1027 3574 mortem,
1043 3497 1155 3566 statim
