2642 4175
492 385 655 433 trrmmtn
673 385 697 431 r.
949 373 1016 433 ltu

128 480 226 571 cipue
257 479 411 564 uhmstit,
440 501 484 550 eu
505 481 594 574 quod
629 481 670 553 ad
699 480 764 551 rim
795 481 940 565 reisrri,
969 495 1003 554 et
1028 483 1066 553 in

127 573 161 645 ri
179 573 304 645 includi
323 574 499 649 summme
531 584 663 664 potest,
684 585 737 645 est
753 586 893 665 raptus,
914 597 974 647 sen
992 575 1066 646 rie*

127 667 218 743 laum
238 686 401 756 personae
420 667 462 737 de
481 667 554 737 loco
572 665 607 737 iu
624 668 735 739 locum
755 669 928 753 abductio,
947 669 1066 740 matri-

128 759 231 835 monii
252 759 392 831 ineundi
410 780 521 831 eausa.
540 760 708 831 avocatus
727 759 820 831 1108
841 762 922 832 haue
941 763 1061 833 hahet:

125 849 330 938 llaousaam
347 874 414 925 aaa
431 856 449 920 d
467 853 590 937 odida,
603 874 695 925 aa...
712 862 830 924 astarte
847 856 1068 925 courdumaco

22 1004 24 1023 ,
126 945 292 1036 ocurpito
307 967 369 1015 cota
386 945 473 1019 dolo.
492 945 561 1017 lam
582 966 661 1017 reso
682 947 738 1017 ubi
759 949 854 1017 adast
872 961 987 1036 raptus
1002 1000 1012 1030 ,
1030 959 1065 1017 et

126 1038 290 1128 quamdiu
307 1059 446 1128 persona
467 1050 560 1127 rapta
575 1038 610 1109 iu
624 1051 787 1128 potestate
804 1042 947 1128 raptoris
963 1040 1066 1109 inrita

126 1143 160 1203 at
175 1131 349 1203 reluctans
367 1143 428 1210 ast,
442 1130 553 1203 existit
571 1131 739 1215 violantia,
760 1134 910 1221 adeoque
930 1152 1069 1202 comen·

125 1245 196 1309 sus,
218 1223 325 1313 siqui
347 1236 482 1295 esterna
501 1223 723 1313 exprimitur,
755 1237 902 1294 extortus
929 1224 1064 1308 dieitur,

125 1337 188 1386 noc
206 1318 350 1406 amplias
377 1317 553 1395 liberast,
574 1329 612 1387 ut
641 1317 761 1387 citatus
788 1318 949 1388 articulus
969 1337 1066 1407 prae·

125 1409 253 1480 scribit.
277 1406 392 1501 ltaque
412 1409 683 1492 matrimonium,
707 1411 849 1481 durante
868 1421 979 1500 raptu,
1000 1410 1066 1479 ini<

22 1552 24 1567 ,
127 1513 225 1585 tum,
247 1501 362 1591 impeti
387 1513 507 1591 potest.
535 1502 617 1573 Rem
637 1504 787 1593 exemplo
807 1502 994 1576 illustrabo.
1017 1502 1071 1572 Sit

130 1595 255 1684 puella,
271 1616 357 1684 quae
375 1616 435 1685 per
451 1596 528 1677 rim,
544 1615 604 1664 seu
617 1594 800 1687 physicam,
814 1596 1002 1667 cuiusmodi
1017 1607 1072 1666 est

124 1688 269 1758 violenta
299 1708 419 1757 manus
451 1689 609 1770 iniectio,
631 1710 692 1759 seu
722 1692 909 1773 moralem,
932 1702 970 1760 ut
988 1700 1068 1759 sunt

22 1844 24 1873 :
128 1801 247 1869 grurus
265 1780 401 1864 minae,
432 1782 608 1871 gravisque
627 1794 760 1865 metus,
783 1795 843 1853 aut
861 1785 902 1854 sb
919 1785 991 1873 ipso
1012 1803 1067 1852 ra·

22 1880 24 1937 l
129 1885 237 1961 ptura,
259 1887 317 1947 aut
334 1875 582 1945 a'mandstario
601 1873 724 1953 illatae,
744 1877 785 1944 da
805 1877 939 1965 propris
965 1877 1069 1944 domo

22 1968 23 2031 3
128 1966 338 2049 extrahitur,
358 1978 392 2037 ct
409 1968 452 2036 ad
468 1968 603 2037 domum
624 1966 861 2055 municipalem
881 1969 991 2056 reipsa
1012 1967 1068 2035 ala

22 2066 23 2108 ῑ
128 2059 284 2145 ducatur,
299 2060 354 2131 ubi
372 2060 480 2132 adhue
496 2061 529 2130 in
544 2070 708 2149 potestate
725 2060 870 2150 raptoris
886 2060 1067 2130 consituta

22 2215 23 2220 ,
128 2155 169 2222 ad
188 2155 322 2243 nuptias
341 2175 452 2226 eoram
474 2154 629 2226 ministro
643 2153 807 2225 ineundas
826 2164 919 2222 metu
939 2153 1065 2241 patius,

128 2267 230 2335 quam
244 2248 411 2322 vuluntate
429 2247 596 2336 adigatur.
613 2247 717 2318 Nemo
733 2266 813 2316 sane
831 2245 971 2326 dubitat,
983 2245 1066 2334 quun

128 2338 320 2412 huiusmodi
339 2351 453 2429 raptus
472 2339 747 2429 impedimentum
769 2338 931 2409 dirimens
948 2336 1067 2408 consti·

23 2519 24 2522 Ἴ
127 2444 215 2504 tuat·
232 2434 337 2504 Aliter
352 2445 464 2504 autem
485 2434 661 2506 dicendum
683 2443 793 2515 asset,
816 2431 844 2502 si
868 2431 978 2522 puella
997 2451 1067 2501 nau

22 2527 24 2546 '
128 2525 272 2614 amplius
291 2526 403 2609 iuvita,
421 2527 479 2596 sed
498 2526 622 2610 rolens,
640 2526 828 2616 lubensque
847 2524 1063 2602 consenserit,

22 2647 24 2690 ς
129 2631 163 2687 et
179 2620 270 2709 quod
291 2619 356 2709 ipsi
384 2630 482 2690 antea
509 2619 700 2709 displicuit,
735 2621 867 2690 tandem
901 2618 1065 2709 inciperet

129 2711 339 2894 planogrregpm
358 2803 582 2887 fraudulento,
603 2823 662 2874 sen
691 2803 916 2887 seductionis,
936 2805 994 2893 qui
1014 2804 1067 2872 lo-

128 2917 205 2966 sum
223 2896 334 2982 habet,
351 2898 485 2986 quando
499 2898 542 2966 ob
560 2896 713 2967 eumdem
736 2896 836 2964 finem
857 2896 1062 2965 matrimonii

128 2988 278 3074 ineundi,
301 2990 411 3079 puella
430 2989 596 3077 precibus,
615 2986 837 3070 suasionibus,
856 2986 1065 3076 pollicitatio·

128 3081 238 3169 nibus,
260 3083 401 3172 aliisque
421 3081 550 3152 blandis
570 3101 609 3150 ac
626 3079 795 3152 insidiosis
810 3079 938 3148 artibus
961 3080 1062 3148 sedu-

128 3175 228 3260 citur,
250 3188 287 3248 ut
303 3175 432 3248 lubenti
452 3175 564 3244 animo
580 3183 749 3262 raptorem
767 3172 876 3260 ipsum
890 3181 1064 3260 sequatur,

129 3268 350 3344 neumanensis
380 3278 453 3351 est,
479 3287 520 3335 an
552 3265 674 3335 citatus
700 3264 860 3334 articulus
889 3264 1058 3353 loquatur.

129 3360 212 3433 Sunt
229 3360 461 3451 auctores,qui
477 3369 591 3429 tenent
607 3355 798 3428 huiusmodi
812 3367 944 3447 raptum
957 3356 1062 3425 liber-

126 3456 185 3523 tati
209 3449 390 3526 cousensus
409 3456 453 3524 ita
475 3451 663 3535 adversari,
687 3462 724 3523 ut
744 3449 992 3519 matrimonium
1011 3450 1063 3520 le·

125 3549 247 3635 galiter
265 3548 432 3638 perimere
451 3545 565 3638 possit,
578 3544 774 3637 praesertim
795 3544 884 3634 quud
901 3563 1064 3633 saepenu-
