2642 4175
338 359 383 403 nu
400 359 635 405 mnnnmuunts
654 362 852 408 ιιιιιιιιιοιιιι
947 351 1013 409 367

124 467 193 538 tur,
217 454 315 543 plane
334 454 551 545 consequitur
570 477 608 524 ιιι
625 468 736 527 mente
753 458 901 528 eiusdem
922 459 1061 530 luiden-

125 547 187 615 tini
208 567 276 616 non
292 567 365 616 esso
383 548 623 618 clandestinum
628 570 761 640 ,nequa
775 552 920 637 irritum,
938 564 971 622 et
985 553 1060 622 ideo

91 639 249 733 ‚suffieit
281 641 365 708 olam
392 643 543 709 renovari
582 663 793 713 consensum.
828 644 932 735 ldque
951 646 1060 715 lorum

125 731 256 801 obtinet
275 752 314 801 eo
346 733 434 801 vel
426 754 460 801 ιιι
491 754 593 818 casu,
626 757 694 842 quo
724 737 997 845 impedimentum
1019 739 1061 807 ad

124 826 235 893 lorum
257 836 429 893 externum
449 835 483 895 et
501 830 741 901 contentiosum
762 830 907 899 delatum
927 831 981 914 sit,
993 851 1061 900 non

125 928 238 987 tamen
259 916 292 985 in
314 918 431 986 eodem
452 918 523 988 loro
540 919 641 990 luerit
660 921 849 1011 probatum.
871 922 953 991 Cum
971 922 1060 991 enim

18 1017 19 1022 ’
126 1010 267 1078 huiusce
280 1010 480 1081 Matrimonii
499 1013 590 1080 valor
609 1015 718 1082 adhuc
735 1025 862 1084 constet
882 1014 1059 1096 Ecclesiae,

129 1104 359 1173 convalescere
390 1103 505 1193 utique
525 1106 671 1194 poterit,
707 1105 734 1175 si
761 1123 865 1176 novus
882 1126 1064 1176 consensus

124 1197 256 1264 occulte
276 1206 477 1285 praestetur.

172 1288 266 1369 Quod
286 1301 411 1377 spectat
430 1290 609 1358 secundam
638 1290 891 1380 quaestionem,
914 1311 955 1360 an
974 1291 1064 1360 soili-

125 1392 180 1450 cet
199 1380 341 1462 sufficiat
358 1402 537 1451 consensus
555 1382 628 1451 eius
646 1384 826 1466 dumtaxat,
848 1383 905 1473 qui
928 1383 1065 1472 impedi·

125 1473 231 1542 menti
250 1473 512 1563 praeexistentis,
541 1487 599 1544 aut
618 1497 679 1565 per
698 1476 989 1566 dispensationem,
1006 1488 1066 1546 aut

125 1566 192 1634 alio
214 1567 311 1635 modo
331 1566 565 1655 legitimorum
591 1568 714 1639 sublati
742 1569 893 1640 nutilium
914 1568 1062 1652 habeat,

125 1679 186 1727 seu
206 1659 317 1749 potius
336 1679 374 1728 ex
395 1671 537 1749 utraque
558 1673 651 1750 parte
677 1663 893 1769 requiratur,
924 1663 1062 1747 multis,

127 1773 212 1840 quos
231 1752 393 1834 nominat,
415 1772 627 1842 quorumque
655 1755 801 1825 rationes
821 1755 1006 1861 perpendit,
1030 1767 1064 1824 et

125 1844 428 1932 confutaresatagrt
440 1843 736 1934 Sohmalugrueber
753 1848 792 1915 ad
807 1848 859 1916 tu
876 1845 933 1930 16,
952 1847 1011 1916 lib.
1028 1847 1062 1931 1,

125 1936 288 2005 Decretal.
319 1957 412 2004 num.
435 1935 504 2005 166
532 1950 565 2007 et
596 1958 690 2027 seqq.
715 1958 751 2006 ea
781 1939 1062 2027 placuitopiuio,

125 2049 246 2120 nempe
278 2048 318 2099 eo
337 2029 372 2098 in
401 2050 503 2113 easu,
526 2050 592 2120 quo
613 2030 860 2099 revalidandum
882 2030 925 2099 sit
954 2031 1066 2099 llatri-

126 2123 290 2205 monium,
307 2124 394 2212 quod
410 2122 549 2193 nulliter
564 2143 601 2191 ex
614 2124 744 2192 delectu
758 2142 939 2191 cousensus
952 2122 1064 2204 unius,

124 2215 201 2283 fiete
221 2215 373 2296 seilicet,
394 2227 452 2284 aut
483 2235 543 2304 per
576 2227 728 2298 metum,
750 2225 808 2284 aut
835 2234 894 2303 per
914 2234 1064 2283 errorem

124 2308 318 2397 praestitus,
337 2308 438 2376 luerit
458 2318 677 2393 contractum,
695 2310 770 2379 oum
791 2307 1066 2395 impedimentum

126 2401 309 2468 reducatur
330 2401 370 2468 ad
391 2400 506 2468 vitium
536 2400 671 2490 aliquod
693 2420 874 2470 consensus
892 2400 962 2469 solo
982 2418 1066 2469 novo

127 2513 295 2561 consensu
314 2492 473 2570 sanabile,
492 2492 572 2562 satis
592 2513 676 2578 esse,
696 2495 723 2564 si
742 2494 810 2577 ille,
827 2493 885 2584 qui
905 2492 1000 2583 prius
1018 2492 1068 2561 le·

126 2584 243 2672 gitime
266 2606 333 2653 uon
353 2586 538 2669 consensit,
567 2606 768 2657 consensum
787 2607 885 2656 suum
906 2597 1063 2669 renovet,

128 2678 269 2747 alterius
287 2678 390 2766 partis
409 2698 573 2747 consensu
592 2699 659 2749 non
680 2691 849 2763 renovato,
870 2680 926 2750 sed
942 2680 1067 2749 virtua-

126 2769 459 2858 literperseverante
467 2771 811 2842 HanoseutentiamS.
822 2733 1081 2862 A'tpuonsusda·

128 2860 335 2950 liguorion.
354 2862 447 2933 1111
459 2864 722 2932 communiorem
741 2863 954 2932 asserionem
972 2862 1065 2945 dicit,

129 2974 168 3021 ao
181 2954 718 3024 confirmatvarusuuustextrbus
711 2954 891 3044 quidquid
902 2965 1011 3033 tamen
1024 2953 1083 3023 de.

130 3045 194 3114 hac
212 3048 376 3115 sententia
396 3047 451 3129 sit,
473 3067 573 3154 quam
593 3067 709 3134 graves
729 3059 880 3115 auctores
896 3066 970 3114 cum
985 3045 1067 3114 Pon·

129 3138 176 3206 tio
195 3138 363 3222 reiiciunt,
387 3099 570 3208 dedentes
562 3160 595 3208 ru
613 3161 689 3208 casu
710 3139 850 3227 requiri,
868 3151 904 3207 ut
924 3149 1065 3243 utraque

132 3251 209 3318 pars
223 3251 420 3300 eonsensum
439 3244 584 3315 renovet,
600 3233 759 3322 profecto,
774 3232 801 3300 si
817 3230 1080 3298 matrimonium

133 3322 259 3391 nullum
274 3324 449 3413 detegatur
466 3325 581 3393 etalio
598 3345 811 3414 quocumque
829 3322 1065 3411 impedimento

133 3414 320 3499 dirimente,
340 3418 434 3507 quod
450 3438 516 3485 non
536 3438 574 3486 ex
593 3418 740 3500 fictione,
756 3428 859 3497 metu,
877 3426 933 3484 aut
950 3433 1066 3483 errore

134 3520 319 3593 enascatur,
341 3530 380 3577 ao
395 3521 572 3600 utramque
591 3524 719 3601 partem
740 3509 870 3592 afficiat,
892 3507 1068 3597 utriusque
