2642 4175
259 320 326 379 348
596 334 697 381 00000
708 336 755 380 111.

212 447 281 502 tum
295 430 466 522 proveniat
486 452 524 500 ex
537 442 632 520 parte
647 432 789 501 laminae
809 449 966 520 passurae
982 432 1139 503 iacturam

209 527 307 609 ritae,
329 525 447 608 lamae,
471 525 629 607 scandali,
651 525 679 594 si
698 524 779 594 illud
799 526 1017 615 detegeret‘l»
1040 526 1138 621 llesp.

211 619 275 689 fuit
293 643 308 685 e
326 618 446 686 affirm.
468 618 576 707 quoad
597 618 708 687 lorum
728 617 951 688 conscientiae
964 630 1105 689 tantum.
1124 644 1138 685 0

211 712 332 782 Confer
348 709 494 780 Sanchez
513 711 537 778 l.
557 708 591 792 9,
614 711 693 780 diss.
712 709 770 794 16,
786 732 820 781 n.
841 709 873 793 7,
888 723 921 782 01
937 724 1023 781 sent.
1041 713 1142 782 surde

212 804 291 895 Syn.
308 805 333 872 l.
349 801 381 887 7,
404 825 433 872 c.
450 800 508 887 31,
524 823 559 873 0.
577 802 612 887 9;
632 803 667 874 S.
686 804 939 893 11010000010
951 805 1082 893 Ligario
1103 807 1142 875 de

211 897 353 966 blatrim.
376 898 400 964 l.
420 894 453 980 6,
476 917 548 986 cap.
569 893 603 978 3,
635 897 715 969 dub.
737 897 779 981 1,
801 919 835 967 0.
858 896 962 981 1199,
984 896 1089 982 1193,
1111 911 1143 968 01

211 1010 305 1080 seqq.
337 989 457 1071 Quaeri
477 990 532 1058 bic
550 991 657 1074 solet,
687 991 766 1080 quid
784 991 928 1081 parocho
947 991 997 1061 vel
1017 994 1142 1061 confes·

211 1085 299 1153 sario
316 1085 551 1173 praestandum
573 1083 627 1166 sit,
650 1082 719 1166 ubi,
738 1085 880 1152 instante
899 1085 961 1174 hoc
978 1084 1142 1173 urgentis·

210 1177 315 1246 simae
336 1176 541 1245 necessitatis
571 1188 714 1258 eventu,
740 1197 851 1265 neque
871 1177 912 1244 ad
944 1176 1141 1266 Episcopum

211 1268 306 1340 10οἰΙο
324 1289 478 1339 recursus
498 1269 569 1339 dari
591 1270 720 1358 queat‘l
739 1268 824 1339 Sunt
854 1269 912 1359 qui
933 1279 1048 1339 tenent
1066 1290 1142 1339 eon·

211 1362 385 1431 sessarium
407 1361 648 1431 absolutionem
668 1379 735 1431 non
754 1383 851 1451 posse
872 1363 1062 1451 impertiri,
1091 1364 1141 1442 si,

211 1455 372 1542 neglectis
392 1455 537 1538 monitis,
559 1455 733 1543 poenitens
750 1456 893 1525 ulterius
909 1455 1090 1544 progredi,
1112 1467 1142 1524 et

211 1548 431 1616 nubereoum
452 1547 690 1637 impedimento
709 1548 803 1629 velit,
824 1549 1072 1639 parochumque
1092 1548 1142 1616 de-

215 1640 296 1709 bere
315 1640 484 1708 declarare
506 1661 542 1709 se
561 1641 693 1729 nuptias
713 1641 858 1722 differre,
878 1662 953 1710 com
974 1641 1141 1711 0001000

211 1733 329 1800 valeat.
348 1732 458 1822 Aliqui
491 1744 644 1802 auctores
671 1734 733 1803 bac
763 1734 955 1803 difficultate
984 1755 1019 1803 00
1052 1751 1140 1822 expe·

211 1825 325 1907 diunt,
346 1827 425 1894 dum
445 1838 598 1895 asserunt
616 1825 649 1896 in
670 1827 761 1897 bisce
773 1848 891 1898 rerum
909 1826 1073 1896 adiunctis
1087 1847 1140 1916 pa·

212 1917 351 1986 rochum
372 1919 585 1989 matrimonio
604 1919 765 1990 interesse
784 1940 893 2009 posse,
910 1941 949 1989 ac
965 1920 1141 1988 decernere

214 2010 507 2101 impedimentum,
543 2033 583 2083 eo
603 2015 692 2102 quod
712 2013 847 2082 nonium
867 2013 974 2103 magis
993 2032 1092 2102 qnam
1110 2033 1144 2078 u·

214 2104 270 2173 tile
291 2107 454 2189 evaderet,
473 2107 610 2176 omnino
623 2128 764 2191 cessare,
781 2109 930 2196 adeoque
948 2106 1142 2195 nupturien-

213 2210 263 2267 tes
279 2216 319 2268 00
333 2199 427 2292 baud
446 2200 589 2289 amplius
608 2200 751 2269 detineri
772 2213 805 2271 et
824 2198 1001 2288 obstringi.
1015 2198 1071 2268 lsti
1089 2219 1142 2267 au·

213 2302 321 2361 atores
352 2313 430 2362 vero
454 2305 620 2375 «notant,
644 2303 681 2361 ut
710 2292 818 2364 verbis
839 2304 914 2363 utar
932 2313 962 2362 s.
984 2288 1140 2380 Alphnnsi

214 2384 254 2453 10
274 2383 405 2472 bigorio
424 2385 483 2454 lib.
505 2384 526 2455 6
546 2387 587 2455 de
608 2385 795 2457 Poenitent.
815 2406 852 2454 n.
871 2382 951 2469 613,
973 2385 1061 2474 quod
1076 2395 1141 2454 esto

212 2488 293 2544 tunc
312 2478 524 2566 permittatur
543 2478 694 2549 contrahi
725 2479 998 2562 matrimonium,
1036 2490 1141 2546 tamen

213 2570 411 2657 qaantocius
427 2571 570 2659 (saltem
607 2573 647 2641 ad
669 2574 828 2642 maiorem
860 2570 1095 2649 securitatem,
1112 2579 1143 2637 et

213 2662 254 2729 ad
274 2662 462 2731 salvandam
483 2666 700 2734 reverentiam
720 2665 850 2755 legibus
870 2663 1035 2732 Ecclesiae
1054 2661 1143 2731 debi-

192 2755 307 2843 mam)
326 2755 453 2824 recurri
475 2757 1016 2835 10101018.1000110011001000,
1043 2766 1079 2825 ut
1104 2753 1143 2823 ab
1220 2812 1225 2819 ,

216 2867 253 2917 00
269 2848 470 2937 dispensatio
490 2850 691 2920 obtineatur.
711 2876 726 2918 a
746 2852 834 2921 Haec
853 2849 1015 2920 sententia
1035 2846 1143 2917 multis

216 2958 282 3015 000
302 2943 484 3031 probatur,
508 2964 547 3013 00
567 2946 655 3033 quod
676 2945 767 3015 nulla
789 2943 965 3013 necessitas
992 2961 1050 3010 eos
1069 2940 1143 3010 red·

211 3034 295 3103 'dere
316 3047 424 3123 potest
445 3035 595 3118 habiles,
617 3058 701 3125 qnos
726 3037 917 3106 Tridentina
938 3033 1091 3125 Synodus
1110 3048 1144 3101 o·

217 3126 331 3197 mnino
347 3128 511 3200 inhabiles
531 3128 677 3212 iudicat,
709 3150 771 3199 nec
789 3131 839 3199 lex
859 3128 996 3198 irritans
1019 3144 1146 3196 cessare

217 3241 364 3310 unquam
383 3234 504 3312 potest,
523 3223 630 3312 quoad
649 3235 743 3291 actus
756 3223 955 3305 nullitatem,
975 3231 1147 3311 quantum·

217 3313 264 3381 vis
284 3332 442 3402 magnum
462 3316 708 3385 incommodum
731 3317 870 3386 oriatur.
892 3315 957 3382 dlii
979 3313 1027 3382 nil
1047 3312 1149 3382 emni-

216 3425 260 3475 no
279 3406 442 3494 dubitant,
463 3409 544 3499 quin
562 3410 707 3498 parocho
727 3420 761 3478 et
779 3407 979 3478 confessario
998 3428 1035 3476 ex
1056 3404 1146 3475 suavi

215 3499 382 3570 Ecclesiae
401 3503 643 3591 gubernatione
663 3513 696 3572 et
714 3522 775 3592 per
789 3501 965 3591 qnamdam
986 3498 1147 3589 epikeiam
