2642 4175
148 417 152 426 ἣ
268 343 337 402 350
603 355 707 402 carun
724 356 771 400 ru.

221 454 316 523 nium
335 465 472 524 sanetur
489 455 523 522 in
544 454 676 535 radice,
697 474 764 542 quo
784 473 864 522 casu
881 454 994 523 nullus
1014 453 1159 545 amplius

221 545 632 617 consensus.renorationi
654 546 747 615 locus
767 545 883 628 datur;
904 545 957 614 sin
977 546 1086 617 minus
1108 548 1160 617 di«

221 641 339 710 stricte
373 642 566 729 praecipere
600 640 735 728 utrique
769 639 819 706 vel
857 639 1030 720 alterutri,
1060 654 1160 729 prout

168 737 184 750 “
225 746 393 821 uterque,
428 734 476 801 sel
510 732 672 801 alteruter
704 731 978 820 impedimentum
1007 733 1156 816 noverit,

224 846 286 894 uec
315 826 497 894 deliberato
530 824 666 906 animo,
699 845 866 913 praveque
897 824 964 892 fine
985 846 1023 893 eo
1051 847 1160 917 usque

222 918 458 1001 occultaverit,
480 930 516 988 ut
542 916 685 986 exterius
705 937 772 985 uon
793 916 888 998 ficte,
909 917 966 985 sad
985 918 1073 986 serio
1093 940 1159 988 ma·

225 1011 422 1080 trimonium
440 1009 504 1080 sub
521 1008 723 1092 conditione,
742 1010 770 1079 si
791 1009 878 1097 Papa
899 1009 1158 1097 dispensaverit,
1197 1034 1202 1045 ·

223 1104 273 1173 tel
294 1104 393 1173 etiam
413 1099 610 1192 simpliciter
629 1102 849 1185 contrabant,
881 1115 914 1171 et
935 1102 1062 1172 interea
1082 1124 1159 1192 prc-

227 1197 371 1279 mittaut,
392 1197 433 1265 ab
453 1195 542 1264 omni
561 1194 750 1284 periculoso
779 1215 976 1282 congressu,
999 1216 1036 1263 ac
1055 1197 1160 1265 lurni·

226 1289 317 1357 cario
337 1287 516 1357 concubitu
537 1307 572 1356 se
589 1287 758 1370 cohibere,
793 1289 899 1356 donec
917 1288 1009 1356 casui
1029 1309 1089 1377 pet·
1104 1290 1162 1357 di-

227 1381 475 1471 spensationem
490 1380 656 1470 Episcopi,
673 1390 706 1449 et
717 1390 938 1468 permutuum
951 1400 1160 1460 eonsensum,
1243 1423 1249 1432 ·

224 1474 253 1542 si
274 1484 415 1561 utraque
440 1494 516 1561 pars
535 1472 807 1560 impedimentum
829 1474 1004 1559 cognovit,
1031 1475 1081 1543 vel
1101 1493 1161 1564 per

226 1567 378 1653 copulam
394 1564 537 1635 maritali
551 1566 669 1633 affectu
683 1564 841 1648 habitam,
857 1565 961 1635 aliave
973 1565 1163 1653 rationem

225 1657 357 1737 iufra,si
372 1658 543 1742 alterutra,
556 1679 641 1746 quae
658 1658 800 1745 ignorat,
812 1657 985 1727 certiorari
1000 1671 1156 1748 nequeat,
1240 1737 1242 1740 ,

225 1750 394 1839 provisum
408 1750 522 1819 luerit.
541 1750 646 1819 Porro
659 1750 834 1819 deficiente
848 1750 1069 1839 promissione
1082 1752 1162 1819 utri·

226 1862 334 1931 usque
347 1843 396 1911 vel
410 1842 682 1932 alterutrius,qui
697 1842 970 1931 impedimentum
984 1842 1086 1926 norit,
1097 1865 1162 1912 ma-

229 1934 378 2003 trimonii
393 1934 571 2005 celebratio
586 1936 780 2023 deneganda
795 1947 857 2005 est.
876 1932 1158 2006 Vidcllelsslbeol.

224 2024 294 2098 ser.
308 2026 342 2112 l,
359 2051 393 2118 p.
407 2026 575 2109 tert-tto,
594 2040 627 2098 et
643 2048 709 2098 ser.
729 2026 763 2111 ii,
781 2050 813 2118 p.
833 2024 913 2098 att.
930 2027 1159 2099 Gravissimum

213 2121 314 2191 'lianc
333 2123 605 2212 complexamque
622 2122 851 2210 quaestionem
864 2144 925 2211 pro
938 2123 987 2209 rei
1000 2123 1161 2210 gravitate
1234 2198 1238 2204 .

228 2227 435 2305 pertractare
451 2214 551 2284 nimis
565 2216 701 2302 longum
718 2227 815 2298 esset,
831 2235 893 2283 nee
905 2216 998 2284 valde
1012 2235 1162 2285 necessa·

227 2306 329 2390 rium,
353 2321 422 2377 tum
444 2308 545 2395 quod,
580 2307 708 2377 etiamsi
729 2328 849 2392 casus,
882 2309 922 2377 de
942 2329 1008 2397 quo
1028 2308 1160 2397 agitur,
1285 2380 1289 2387 ,

227 2399 300 2468 dari
321 2400 354 2466 in
377 2400 467 2488 praxi
488 2399 614 2487 possit,
637 2401 725 2489 quod
747 2422 764 2468 a
785 2400 954 2469 nonnullis
972 2400 1163 2470 auctoribus

228 2493 424 2578 denegatur,
444 2491 578 2560 difficile
594 2504 716 2575 tamen,
734 2493 783 2560 vel
800 2492 898 2561 etiam
915 2495 1088 2562 moraliter
1101 2493 1163 2560 im·

231 2582 388 2672 possibile
421 2604 493 2652 esse
513 2584 627 2653 multis
647 2585 800 2666 videtur,
833 2596 871 2653 ut
898 2586 1019 2674 aliquis
1047 2586 1163 2654 modus

137 2698 139 2701 ·
232 2684 365 2762 praesto
382 2674 471 2744 illico
491 2696 557 2745 non
577 2676 620 2745 sit
638 2677 886 2747 matrimonium
905 2677 1163 2767 tandiu‚absque

231 2767 301 2835 ullo
316 2768 460 2836 scandali
475 2780 508 2837 et
521 2768 677 2838 infamiae
696 2769 1037 2858 periculodilierendi,
1060 2791 1164 2860 quan·

231 2858 290 2929 diu
311 2859 421 2928 omnia
440 2860 512 2928 iure
532 2861 686 2949 componi
705 2875 840 2950 queant;
855 2875 925 2939 tum
939 2864 1028 2952 quod
1043 2862 1164 2932 nostris

231 2952 410 3041 praecipue
430 2953 648 3041 temporibus,
670 2955 790 3042 quibus
807 2975 867 3044 per
880 2954 1019 3024 liuidum
1033 2954 1164 3027 electri·

233 3066 308 3111 cum
343 3066 382 3113 ac
410 3045 477 3114 rias
497 3047 622 3117 ferreas
646 3046 747 3117 urbes
773 3046 940 3137 principes
958 3069 1025 3117 non
1057 3049 1164 3117 solum

183 3182 186 3189 -
232 3159 308 3206 cum
344 3137 528 3208 minoribus
552 3137 700 3207 eiusdem
732 3139 882 3228 regionis
900 3139 1097 3212 civitatibus
1129 3160 1167 3207 ac

233 3230 375 3318 oppidis,
397 3231 455 3299 sed
475 3252 551 3299 cum
571 3231 644 3299 aliis
667 3232 764 3300 etiam
795 3233 934 3302 aliarum
962 3233 1167 3321 gentiumne

234 3322 407 3391 nationum
429 3324 535 3410 magis
554 3322 677 3392 dissitis
690 3345 727 3393 ac
739 3318 929 3414 longinquis
944 3326 1085 3394 urbibus
1098 3324 1167 3393 abs·

235 3434 301 3500 que
320 3414 473 3484 distantia
493 3417 597 3485 ferme
613 3417 863 3505 coniunguntur
883 3418 960 3496 ‚six
979 3428 1038 3486 aut
1056 3438 1098 3487 ne
1116 3415 1168 3485 vix

235 3504 369 3592 quidem
400 3507 527 3598 concipi
560 3529 655 3597 posse
683 3509 813 3580 videtur
845 3510 990 3601 parocho
1019 3509 1168 3581 medium
