<?xml version="1.0" encoding="UTF-8"?>
<!DOCTYPE html PUBLIC "-//W3C//DTD XHTML 1.0 Transitional//EN"
    "http://www.w3.org/TR/xhtml1/DTD/xhtml1-transitional.dtd">
<html xmlns="http://www.w3.org/1999/xhtml" xml:lang="en" lang="en">
 <head>
  <title>
</title>
<meta http-equiv="Content-Type" content="text/html;charset=utf-8" />
  <meta name='ocr-system' content='tesseract 3.04.00' />
  <meta name='ocr-capabilities' content='ocr_page ocr_carea ocr_par ocr_line ocrx_word'/>
</head>
<body>
  <div class='ocr_page' id='page_1' title='image "./septimiimariaev00veccgoog_0181.png"; bbox 0 0 2642 4175; ppageno 0'>
   <div class='ocr_carea' id='block_1_1' title="bbox 411 295 1087 355">
    <p class='ocr_par' dir='ltr' id='par_1_1' title="bbox 411 295 1087 355">
     <span class='ocr_line' id='line_1_1' title="bbox 411 295 1087 355; baseline 0 -2"><span class='ocrx_word' id='word_1_1' title='bbox 411 311 453 354; x_wconf 82' lang='lat' dir='ltr'><strong>nn</strong></span> <span class='ocrx_word' id='word_1_2' title='bbox 471 309 707 354; x_wconf 79' lang='lat' dir='ltr'><strong>suasuruuurrs</strong></span> <span class='ocrx_word' id='word_1_3' title='bbox 726 309 927 355; x_wconf 79' lang='lat' dir='ltr'><strong>navaruourr</strong></span> <span class='ocrx_word' id='word_1_4' title='bbox 1024 295 1087 353; x_wconf 83' lang='grc'><strong>163</strong></span> 
     </span>
    </p>
   </div>
   <div class='ocr_carea' id='block_1_2' title="bbox 193 405 1147 3491">
    <p class='ocr_par' dir='ltr' id='par_1_2' title="bbox 193 405 1139 1898">
     <span class='ocr_line' id='line_1_2' title="bbox 193 405 1139 498; baseline 0 -22"><span class='ocrx_word' id='word_1_5' title='bbox 193 420 261 489; x_wconf 90' lang='lat' dir='ltr'><strong>tes,</strong></span> <span class='ocrx_word' id='word_1_6' title='bbox 282 406 316 474; x_wconf 91' lang='lat' dir='ltr'><strong>in</strong></span> <span class='ocrx_word' id='word_1_7' title='bbox 332 405 448 496; x_wconf 90' lang='lat' dir='ltr'><strong>quovis</strong></span> <span class='ocrx_word' id='word_1_8' title='bbox 461 408 579 495; x_wconf 87' lang='lat' dir='ltr'><strong>gradu,</strong></span> <span class='ocrx_word' id='word_1_9' title='bbox 597 406 655 498; x_wconf 90' lang='lat' dir='ltr'><strong>qui</strong></span> <span class='ocrx_word' id='word_1_10' title='bbox 676 417 825 496; x_wconf 88' lang='lat' dir='ltr'><strong>tempore</strong></span> <span class='ocrx_word' id='word_1_11' title='bbox 839 405 1025 496; x_wconf 90' lang='lat' dir='ltr'><strong>adoptionis</strong></span> <span class='ocrx_word' id='word_1_12' title='bbox 1042 419 1139 476; x_wconf 89' lang='lat' dir='ltr'><strong>erant</strong></span> 
     </span>
     <span class='ocr_line' id='line_1_3' title="bbox 195 499 1136 591; baseline 0 -23"><span class='ocrx_word' id='word_1_13' title='bbox 195 501 235 569; x_wconf 91' lang='lat' dir='ltr'><strong>in</strong></span> <span class='ocrx_word' id='word_1_14' title='bbox 255 511 417 589; x_wconf 73' lang='lat' dir='ltr'>potestate</span> <span class='ocrx_word' id='word_1_15' title='bbox 435 500 585 570; x_wconf 88' lang='lat' dir='ltr'><strong>eiusdem</strong></span> <span class='ocrx_word' id='word_1_16' title='bbox 618 520 781 591; x_wconf 83' lang='lat' dir='ltr'><strong>personae</strong></span> <span class='ocrx_word' id='word_1_17' title='bbox 801 499 1002 590; x_wconf 89' lang='lat' dir='ltr'><strong>adoptatae,</strong></span> <span class='ocrx_word' id='word_1_18' title='bbox 1025 511 1063 568; x_wconf 92' lang='lat' dir='ltr'><strong>ut</strong></span> <span class='ocrx_word' id='word_1_19' title='bbox 1081 521 1136 571; x_wconf 82' lang='lat' dir='ltr'><strong>ex·</strong></span> 
     </span>
     <span class='ocr_line' id='line_1_4' title="bbox 195 591 1135 683; baseline 0 -22"><span class='ocrx_word' id='word_1_20' title='bbox 195 614 314 683; x_wconf 79' lang='lat' dir='ltr'><strong>presse</strong></span> <span class='ocrx_word' id='word_1_21' title='bbox 334 594 483 664; x_wconf 89' lang='lat' dir='ltr'><strong>decisum</strong></span> <span class='ocrx_word' id='word_1_22' title='bbox 516 594 619 664; x_wconf 90' lang='lat' dir='ltr'><strong>estin</strong></span> <span class='ocrx_word' id='word_1_23' title='bbox 651 593 688 662; x_wconf 87' lang='lat' dir='ltr'><strong>L.</strong></span> <span class='ocrx_word' id='word_1_24' title='bbox 722 593 756 662; x_wconf 89' lang='lat' dir='ltr'><strong>Si</strong></span> <span class='ocrx_word' id='word_1_25' title='bbox 775 593 1015 664; x_wconf 77' lang='lat' dir='ltr'><strong>Paterfamilias</strong></span> <span class='ocrx_word' id='word_1_26' title='bbox 1034 591 1079 661; x_wconf 87' lang='lat' dir='ltr'><strong>l5</strong></span> <span class='ocrx_word' id='word_1_27' title='bbox 1098 593 1135 662; x_wconf 84' lang='lat' dir='ltr'><strong>ff.</strong></span> 
     </span>
     <span class='ocr_line' id='line_1_5' title="bbox 195 687 1136 778; baseline 0.001 -22"><span class='ocrx_word' id='word_1_28' title='bbox 195 688 243 756; x_wconf 90' lang='lat' dir='ltr'><strong>de</strong></span> <span class='ocrx_word' id='word_1_29' title='bbox 264 689 389 778; x_wconf 82' lang='lat' dir='ltr'><strong>adopt,</strong></span> <span class='ocrx_word' id='word_1_30' title='bbox 410 689 560 778; x_wconf 86' lang='lat' dir='ltr'><strong>adeoque</strong></span> <span class='ocrx_word' id='word_1_31' title='bbox 581 688 670 758; x_wconf 92' lang='lat' dir='ltr'><strong>inter</strong></span> <span class='ocrx_word' id='word_1_32' title='bbox 688 687 778 778; x_wconf 94' lang='lat' dir='ltr'><strong>ipsos</strong></span> <span class='ocrx_word' id='word_1_33' title='bbox 797 699 831 758; x_wconf 93' lang='lat' dir='ltr'><strong>et</strong></span> <span class='ocrx_word' id='word_1_34' title='bbox 843 688 1055 777; x_wconf 84' lang='lat' dir='ltr'><strong>adoptantem</strong></span> <span class='ocrx_word' id='word_1_35' title='bbox 1069 698 1136 757; x_wconf 91' lang='lat' dir='ltr'><strong>sta·</strong></span> 
     </span>
     <span class='ocr_line' id='line_1_6' title="bbox 196 780 1134 871; baseline 0.002 -22"><span class='ocrx_word' id='word_1_36' title='bbox 196 801 238 850; x_wconf 87' lang='lat' dir='ltr'><strong>re</strong></span> <span class='ocrx_word' id='word_1_37' title='bbox 274 800 339 851; x_wconf 92' lang='lat' dir='ltr'><strong>non</strong></span> <span class='ocrx_word' id='word_1_38' title='bbox 360 793 469 871; x_wconf 91' lang='lat' dir='ltr'><strong>potest</strong></span> <span class='ocrx_word' id='word_1_39' title='bbox 487 780 753 851; x_wconf 82' lang='lat' dir='ltr'><strong>matrimonium.</strong></span> <span class='ocrx_word' id='word_1_40' title='bbox 777 780 879 852; x_wconf 86' lang='lat' dir='ltr'><strong>Secus</strong></span> <span class='ocrx_word' id='word_1_41' title='bbox 899 792 950 851; x_wconf 82' lang='lat' dir='ltr'><strong>est</strong></span> <span class='ocrx_word' id='word_1_42' title='bbox 970 782 1010 851; x_wconf 91' lang='lat' dir='ltr'><strong>dc</strong></span> <span class='ocrx_word' id='word_1_43' title='bbox 1030 781 1134 865; x_wconf 86' lang='lat' dir='ltr'><strong>filiis,</strong></span> 
     </span>
     <span class='ocr_line' id='line_1_7' title="bbox 196 875 1137 966; baseline 0.003 -25"><span class='ocrx_word' id='word_1_44' title='bbox 196 875 260 962; x_wconf 89' lang='lat' dir='ltr'><strong>qui</strong></span> <span class='ocrx_word' id='word_1_45' title='bbox 282 887 432 964; x_wconf 87' lang='lat' dir='ltr'><strong>tempore</strong></span> <span class='ocrx_word' id='word_1_46' title='bbox 452 875 640 966; x_wconf 89' lang='lat' dir='ltr'><strong>adoptionis</strong></span> <span class='ocrx_word' id='word_1_47' title='bbox 658 895 727 945; x_wconf 92' lang='lat' dir='ltr'><strong>non</strong></span> <span class='ocrx_word' id='word_1_48' title='bbox 744 887 822 945; x_wconf 91' lang='lat' dir='ltr'><strong>sunt</strong></span> <span class='ocrx_word' id='word_1_49' title='bbox 837 875 899 944; x_wconf 88' lang='lat' dir='ltr'><strong>snb</strong></span> <span class='ocrx_word' id='word_1_50' title='bbox 918 886 1080 963; x_wconf 86' lang='lat' dir='ltr'><strong>potestate</strong></span> <span class='ocrx_word' id='word_1_51' title='bbox 1101 896 1137 944; x_wconf 92' lang='lat' dir='ltr'><strong>a·</strong></span> 
     </span>
     <span class='ocr_line' id='line_1_8' title="bbox 195 966 1136 1059; baseline 0.002 -23"><span class='ocrx_word' id='word_1_52' title='bbox 195 968 352 1056; x_wconf 88' lang='lat' dir='ltr'><strong>doptati,</strong></span> <span class='ocrx_word' id='word_1_53' title='bbox 375 990 442 1059; x_wconf 91' lang='lat' dir='ltr'><strong>quo</strong></span> <span class='ocrx_word' id='word_1_54' title='bbox 474 969 561 1038; x_wconf 91' lang='lat' dir='ltr'><strong>circa</strong></span> <span class='ocrx_word' id='word_1_55' title='bbox 582 981 672 1038; x_wconf 88' lang='lat' dir='ltr'><strong>recte</strong></span> <span class='ocrx_word' id='word_1_56' title='bbox 708 969 809 1039; x_wconf 81' lang='lat' dir='ltr'><strong>infert</strong></span> <span class='ocrx_word' id='word_1_57' title='bbox 842 968 990 1037; x_wconf 86' lang='lat' dir='ltr'><strong>Sanclrez</strong></span> <span class='ocrx_word' id='word_1_58' title='bbox 1009 970 1032 1036; x_wconf 92' lang='lat' dir='ltr'><strong>l.</strong></span> <span class='ocrx_word' id='word_1_59' title='bbox 1056 966 1136 1038; x_wconf 90' lang='lat' dir='ltr'><strong>7de</strong></span> 
     </span>
     <span class='ocr_line' id='line_1_9' title="bbox 197 1060 1138 1152; baseline 0.006 -23"><span class='ocrx_word' id='word_1_60' title='bbox 197 1074 283 1129; x_wconf 91' lang='lat' dir='ltr'><strong>mat.</strong></span> <span class='ocrx_word' id='word_1_61' title='bbox 298 1062 386 1152; x_wconf 89' lang='lat' dir='ltr'><strong>disp.</strong></span> <span class='ocrx_word' id='word_1_62' title='bbox 405 1060 450 1132; x_wconf 77' lang='lat'><strong>63</strong></span> <span class='ocrx_word' id='word_1_63' title='bbox 469 1083 504 1131; x_wconf 92' lang='lat' dir='ltr'><strong>n.</strong></span> <span class='ocrx_word' id='word_1_64' title='bbox 520 1061 578 1147; x_wconf 82' lang='lat'><strong>35,</strong></span> <span class='ocrx_word' id='word_1_65' title='bbox 594 1074 628 1132; x_wconf 91' lang='lat' dir='ltr'><strong>et</strong></span> <span class='ocrx_word' id='word_1_66' title='bbox 640 1060 686 1131; x_wconf 82' lang='lat'><strong>36</strong></span> <span class='ocrx_word' id='word_1_67' title='bbox 705 1083 801 1152; x_wconf 90' lang='lat' dir='ltr'><strong>posse</strong></span> <span class='ocrx_word' id='word_1_68' title='bbox 821 1061 1002 1131; x_wconf 82' lang='lat' dir='ltr'><strong>consistere</strong></span> <span class='ocrx_word' id='word_1_69' title='bbox 1023 1062 1138 1135; x_wconf 68' lang='lat' dir='ltr'><strong>matri·</strong></span> 
     </span>
     <span class='ocr_line' id='line_1_10' title="bbox 195 1155 1138 1247; baseline 0 -25"><span class='ocrx_word' id='word_1_70' title='bbox 195 1156 352 1223; x_wconf 90' lang='lat' dir='ltr'><strong>monium</strong></span> <span class='ocrx_word' id='word_1_71' title='bbox 373 1156 461 1226; x_wconf 90' lang='lat' dir='ltr'><strong>inter</strong></span> <span class='ocrx_word' id='word_1_72' title='bbox 481 1157 692 1247; x_wconf 88' lang='lat' dir='ltr'><strong>adoptantem</strong></span> <span class='ocrx_word' id='word_1_73' title='bbox 713 1167 747 1225; x_wconf 92' lang='lat' dir='ltr'><strong>et</strong></span> <span class='ocrx_word' id='word_1_74' title='bbox 766 1156 872 1225; x_wconf 89' lang='lat' dir='ltr'><strong>lilium</strong></span> <span class='ocrx_word' id='word_1_75' title='bbox 890 1155 980 1224; x_wconf 84' lang='lat' dir='ltr'><strong>filiae</strong></span> <span class='ocrx_word' id='word_1_76' title='bbox 1009 1155 1138 1244; x_wconf 91' lang='lat' dir='ltr'><strong>adopti-</strong></span> 
     </span>
     <span class='ocr_line' id='line_1_11' title="bbox 196 1249 1134 1338; baseline 0.003 -23"><span class='ocrx_word' id='word_1_77' title='bbox 196 1269 272 1331; x_wconf 89' lang='lat' dir='ltr'><strong>vae,</strong></span> <span class='ocrx_word' id='word_1_78' title='bbox 292 1249 370 1338; x_wconf 90' lang='lat' dir='ltr'><strong>quia</strong></span> <span class='ocrx_word' id='word_1_79' title='bbox 390 1249 513 1320; x_wconf 89' lang='lat' dir='ltr'><strong>mulier</strong></span> <span class='ocrx_word' id='word_1_80' title='bbox 525 1250 693 1320; x_wconf 89' lang='lat' dir='ltr'><strong>nemiuem</strong></span> <span class='ocrx_word' id='word_1_81' title='bbox 715 1250 867 1321; x_wconf 84' lang='lat' dir='ltr'><strong>hebetia</strong></span> <span class='ocrx_word' id='word_1_82' title='bbox 888 1270 947 1318; x_wconf 92' lang='lat' dir='ltr'><strong>sua</strong></span> <span class='ocrx_word' id='word_1_83' title='bbox 960 1258 1134 1338; x_wconf 88' lang='lat' dir='ltr'><strong>potestate,</strong></span> 
     </span>
     <span class='ocr_line' id='line_1_12' title="bbox 197 1341 1138 1433; baseline 0 -24"><span class='ocrx_word' id='word_1_84' title='bbox 197 1341 388 1430; x_wconf 79' lang='lat' dir='ltr'><strong>§feminae</strong></span> <span class='ocrx_word' id='word_1_85' title='bbox 415 1344 496 1413; x_wconf 89' lang='lat' dir='ltr'><strong>lust.</strong></span> <span class='ocrx_word' id='word_1_86' title='bbox 528 1345 570 1414; x_wconf 91' lang='lat' dir='ltr'><strong>de</strong></span> <span class='ocrx_word' id='word_1_87' title='bbox 605 1345 717 1433; x_wconf 87' lang='lat' dir='ltr'><strong>adopt.</strong></span> <span class='ocrx_word' id='word_1_88' title='bbox 747 1344 846 1414; x_wconf 87' lang='lat' dir='ltr'><strong>Recte</strong></span> <span class='ocrx_word' id='word_1_89' title='bbox 874 1343 974 1413; x_wconf 88' lang='lat' dir='ltr'><strong>etiam</strong></span> <span class='ocrx_word' id='word_1_90' title='bbox 996 1342 1138 1411; x_wconf 86' lang='lat' dir='ltr'><strong>infertur</strong></span> 
     </span>
     <span class='ocr_line' id='line_1_13' title="bbox 197 1436 1137 1526; baseline 0.001 -22"><span class='ocrx_word' id='word_1_91' title='bbox 197 1456 300 1523; x_wconf 92' lang='lat' dir='ltr'><strong>posse</strong></span> <span class='ocrx_word' id='word_1_92' title='bbox 321 1436 501 1511; x_wconf 85' lang='lat' dir='ltr'><strong>consistere</strong></span> <span class='ocrx_word' id='word_1_93' title='bbox 521 1437 772 1506; x_wconf 88' lang='lat' dir='ltr'><strong>matrimonium</strong></span> <span class='ocrx_word' id='word_1_94' title='bbox 805 1439 893 1507; x_wconf 85' lang='lat' dir='ltr'><strong>iuter</strong></span> <span class='ocrx_word' id='word_1_95' title='bbox 925 1438 1137 1526; x_wconf 88' lang='lat' dir='ltr'><strong>adoptantem</strong></span> 
     </span>
     <span class='ocr_line' id='line_1_14' title="bbox 197 1530 1137 1621; baseline 0.002 -24"><span class='ocrx_word' id='word_1_96' title='bbox 197 1540 234 1597; x_wconf 89' lang='lat' dir='ltr'><strong>et</strong></span> <span class='ocrx_word' id='word_1_97' title='bbox 253 1551 501 1620; x_wconf 87' lang='lat' dir='ltr'><strong>quamcumque</strong></span> <span class='ocrx_word' id='word_1_98' title='bbox 520 1531 623 1599; x_wconf 86' lang='lat' dir='ltr'><strong>liliam</strong></span> <span class='ocrx_word' id='word_1_99' title='bbox 646 1530 855 1620; x_wconf 77' lang='lat' dir='ltr'><strong>illegitimam</strong></span> <span class='ocrx_word' id='word_1_100' title='bbox 876 1530 1035 1621; x_wconf 90' lang='lat' dir='ltr'><strong>adoptati,</strong></span> <span class='ocrx_word' id='word_1_101' title='bbox 1058 1530 1137 1620; x_wconf 90' lang='lat' dir='ltr'><strong>quia</strong></span> 
     </span>
     <span class='ocr_line' id='line_1_15' title="bbox 198 1622 1138 1714; baseline 0.004 -25"><span class='ocrx_word' id='word_1_102' title='bbox 198 1622 404 1714; x_wconf 83' lang='lat' dir='ltr'><strong>illegitimus</strong></span> <span class='ocrx_word' id='word_1_103' title='bbox 418 1677 427 1708; x_wconf 95' lang='lat'><strong>,</strong></span> <span class='ocrx_word' id='word_1_104' title='bbox 458 1624 619 1713; x_wconf 91' lang='lat' dir='ltr'><strong>quamdiu</strong></span> <span class='ocrx_word' id='word_1_105' title='bbox 648 1625 843 1713; x_wconf 88' lang='lat' dir='ltr'><strong>illegitimus</strong></span> <span class='ocrx_word' id='word_1_106' title='bbox 868 1635 992 1704; x_wconf 88' lang='lat' dir='ltr'><strong>manet,</strong></span> <span class='ocrx_word' id='word_1_107' title='bbox 1011 1623 1138 1712; x_wconf 89' lang='lat' dir='ltr'><strong>patriae</strong></span> 
     </span>
     <span class='ocr_line' id='line_1_16' title="bbox 199 1717 1138 1809; baseline 0 -25"><span class='ocrx_word' id='word_1_108' title='bbox 199 1717 360 1804; x_wconf 89' lang='lat' dir='ltr'><strong>potestati</strong></span> <span class='ocrx_word' id='word_1_109' title='bbox 379 1718 575 1809; x_wconf 88' lang='lat' dir='ltr'><strong>neutiquam</strong></span> <span class='ocrx_word' id='word_1_110' title='bbox 592 1718 749 1788; x_wconf 88' lang='lat' dir='ltr'><strong>subditur</strong></span> <span class='ocrx_word' id='word_1_111' title='bbox 769 1719 892 1808; x_wconf 75' lang='lat' dir='ltr'><strong>§finali</strong></span> <span class='ocrx_word' id='word_1_112' title='bbox 914 1718 993 1787; x_wconf 90' lang='lat' dir='ltr'><strong>inst.</strong></span> <span class='ocrx_word' id='word_1_113' title='bbox 1011 1718 1052 1786; x_wconf 92' lang='lat' dir='ltr'><strong>de</strong></span> <span class='ocrx_word' id='word_1_114' title='bbox 1070 1717 1138 1786; x_wconf 88' lang='lat' dir='ltr'><strong>llu-</strong></span> 
     </span>
     <span class='ocr_line' id='line_1_17' title="bbox 198 1810 292 1898; baseline 0.012 -20"><span class='ocrx_word' id='word_1_115' title='bbox 198 1810 292 1898; x_wconf 92' lang='lat' dir='ltr'><strong>ptiis.</strong></span> 
     </span>
    </p>

    <p class='ocr_par' dir='ltr' id='par_1_3' title="bbox 198 1902 1147 3491">
     <span class='ocr_line' id='line_1_18' title="bbox 248 1902 1137 1995; baseline -0.002 -23"><span class='ocrx_word' id='word_1_116' title='bbox 248 1902 440 1973; x_wconf 91' lang='lat' dir='ltr'><strong>Secundum</strong></span> <span class='ocrx_word' id='word_1_117' title='bbox 470 1907 560 1995; x_wconf 89' lang='lat' dir='ltr'><strong>quod</strong></span> <span class='ocrx_word' id='word_1_118' title='bbox 588 1904 725 1975; x_wconf 83' lang='lat' dir='ltr'><strong>excitari</strong></span> <span class='ocrx_word' id='word_1_119' title='bbox 757 1917 866 1994; x_wconf 90' lang='lat' dir='ltr'><strong>polest</strong></span> <span class='ocrx_word' id='word_1_120' title='bbox 897 1905 1035 1973; x_wconf 89' lang='lat' dir='ltr'><strong>dubium</strong></span> <span class='ocrx_word' id='word_1_121' title='bbox 1055 1902 1137 1971; x_wconf 93' lang='lat' dir='ltr'><strong>illud</strong></span> 
     </span>
     <span class='ocr_line' id='line_1_19' title="bbox 198 1997 1138 2090; baseline 0 -25"><span class='ocrx_word' id='word_1_122' title='bbox 198 2008 262 2081; x_wconf 89' lang='lat' dir='ltr'><strong>est,</strong></span> <span class='ocrx_word' id='word_1_123' title='bbox 285 2018 327 2066; x_wconf 91' lang='lat' dir='ltr'><strong>an</strong></span> <span class='ocrx_word' id='word_1_124' title='bbox 343 1997 376 2066; x_wconf 94' lang='lat' dir='ltr'><strong>in</strong></span> <span class='ocrx_word' id='word_1_125' title='bbox 393 2000 537 2068; x_wconf 90' lang='lat' dir='ltr'><strong>secunda</strong></span> <span class='ocrx_word' id='word_1_126' title='bbox 551 1999 661 2090; x_wconf 89' lang='lat' dir='ltr'><strong>specie</strong></span> <span class='ocrx_word' id='word_1_127' title='bbox 680 1997 888 2085; x_wconf 82' lang='lat' dir='ltr'><strong>cognationis</strong></span> <span class='ocrx_word' id='word_1_128' title='bbox 907 1998 1035 2085; x_wconf 88' lang='lat' dir='ltr'><strong>legalis,</strong></span> <span class='ocrx_word' id='word_1_129' title='bbox 1051 2017 1138 2085; x_wconf 87' lang='lat' dir='ltr'><strong>quae</strong></span> 
     </span>
     <span class='ocr_line' id='line_1_20' title="bbox 199 2087 1140 2198; baseline -0.001 -39"><span class='ocrx_word' id='word_1_130' title='bbox 199 2103 250 2159; x_wconf 91' lang='lat' dir='ltr'><strong>est</strong></span> <span class='ocrx_word' id='word_1_131' title='bbox 269 2092 360 2161; x_wconf 89' lang='lat' dir='ltr'><strong>inter</strong></span> <span class='ocrx_word' id='word_1_132' title='bbox 380 2094 570 2183; x_wconf 89' lang='lat' dir='ltr'><strong>adoptatum</strong></span> <span class='ocrx_word' id='word_1_133' title='bbox 593 2104 626 2161; x_wconf 90' lang='lat' dir='ltr'><strong>et</strong></span> <span class='ocrx_word' id='word_1_134' title='bbox 658 2092 745 2161; x_wconf 87' lang='lat' dir='ltr'><strong>filios</strong></span> <span class='ocrx_word' id='word_1_135' title='bbox 771 2092 982 2198; x_wconf 89' lang='lat' dir='ltr'><strong>adoptantis,</strong></span> <span class='ocrx_word' id='word_1_136' title='bbox 1003 2087 1140 2158; x_wconf 90' lang='lat' dir='ltr'><strong>nomine</strong></span> 
     </span>
     <span class='ocr_line' id='line_1_21' title="bbox 198 2180 1136 2277; baseline -0.003 -25"><span class='ocrx_word' id='word_1_137' title='bbox 198 2184 349 2253; x_wconf 87' lang='lat' dir='ltr'><strong>filiorum</strong></span> <span class='ocrx_word' id='word_1_138' title='bbox 379 2187 706 2277; x_wconf 86' lang='lat' dir='ltr'><strong>comprehendantur</strong></span> <span class='ocrx_word' id='word_1_139' title='bbox 742 2184 847 2274; x_wconf 90' lang='lat' dir='ltr'><strong>spurii</strong></span> <span class='ocrx_word' id='word_1_140' title='bbox 884 2193 917 2252; x_wconf 90' lang='lat' dir='ltr'><strong>et</strong></span> <span class='ocrx_word' id='word_1_141' title='bbox 948 2180 1136 2272; x_wconf 84' lang='lat' dir='ltr'><strong>illegitimi,</strong></span> 
     </span>
     <span class='ocr_line' id='line_1_22' title="bbox 200 2275 1141 2370; baseline -0.001 -25"><span class='ocrx_word' id='word_1_142' title='bbox 200 2280 304 2348; x_wconf 89' lang='lat' dir='ltr'><strong>verbo</strong></span> <span class='ocrx_word' id='word_1_143' title='bbox 325 2280 455 2350; x_wconf 78' lang='lat' dir='ltr'><strong>ansilla</strong></span> <span class='ocrx_word' id='word_1_144' title='bbox 483 2280 657 2370; x_wconf 88' lang='lat' dir='ltr'><strong>illegitima</strong></span> <span class='ocrx_word' id='word_1_145' title='bbox 680 2276 867 2368; x_wconf 86' lang='lat' dir='ltr'><strong>adoptantis</strong></span> <span class='ocrx_word' id='word_1_146' title='bbox 889 2277 1016 2346; x_wconf 87' lang='lat' dir='ltr'><strong>nubere</strong></span> <span class='ocrx_word' id='word_1_147' title='bbox 1036 2275 1141 2364; x_wconf 92' lang='lat' dir='ltr'><strong>possit</strong></span> 
     </span>
     <span class='ocr_line' id='line_1_23' title="bbox 201 2368 1140 2478; baseline -0.003 -37"><span class='ocrx_word' id='word_1_148' title='bbox 201 2373 250 2455; x_wconf 90' lang='lat' dir='ltr'><strong>ei,</strong></span> <span class='ocrx_word' id='word_1_149' title='bbox 282 2394 384 2462; x_wconf 87' lang='lat' dir='ltr'><strong>quem</strong></span> <span class='ocrx_word' id='word_1_150' title='bbox 417 2372 516 2444; x_wconf 88' lang='lat' dir='ltr'><strong>Pater</strong></span> <span class='ocrx_word' id='word_1_151' title='bbox 548 2374 697 2443; x_wconf 90' lang='lat' dir='ltr'><strong>eiusdem</strong></span> <span class='ocrx_word' id='word_1_152' title='bbox 724 2370 917 2478; x_wconf 80' lang='lat' dir='ltr'><strong>illegitimae</strong></span> <span class='ocrx_word' id='word_1_153' title='bbox 947 2368 1140 2459; x_wconf 88' lang='lat' dir='ltr'><strong>adoptavit,</strong></span> 
     </span>
     <span class='ocr_line' id='line_1_24' title="bbox 200 2464 1139 2556; baseline -0.003 -21"><span class='ocrx_word' id='word_1_154' title='bbox 200 2486 261 2535; x_wconf 87' lang='lat' dir='ltr'><strong>seu</strong></span> <span class='ocrx_word' id='word_1_155' title='bbox 282 2487 326 2535; x_wconf 90' lang='lat' dir='ltr'><strong>an</strong></span> <span class='ocrx_word' id='word_1_156' title='bbox 347 2467 438 2537; x_wconf 83' lang='lat' dir='ltr'><strong>tilius</strong></span> <span class='ocrx_word' id='word_1_157' title='bbox 455 2467 650 2556; x_wconf 89' lang='lat' dir='ltr'><strong>illegitimus</strong></span> <span class='ocrx_word' id='word_1_158' title='bbox 670 2466 798 2536; x_wconf 89' lang='lat' dir='ltr'><strong>nubere</strong></span> <span class='ocrx_word' id='word_1_159' title='bbox 811 2464 915 2555; x_wconf 91' lang='lat' dir='ltr'><strong>possit</strong></span> <span class='ocrx_word' id='word_1_160' title='bbox 934 2485 1020 2546; x_wconf 91' lang='lat' dir='ltr'><strong>eam,</strong></span> <span class='ocrx_word' id='word_1_161' title='bbox 1040 2484 1139 2553; x_wconf 89' lang='lat' dir='ltr'><strong>quam</strong></span> 
     </span>
     <span class='ocr_line' id='line_1_25' title="bbox 203 2557 1142 2669; baseline -0.005 -40"><span class='ocrx_word' id='word_1_162' title='bbox 203 2570 299 2648; x_wconf 90' lang='lat' dir='ltr'><strong>pater</strong></span> <span class='ocrx_word' id='word_1_163' title='bbox 318 2581 399 2638; x_wconf 85' lang='lat' dir='ltr'><strong>suns</strong></span> <span class='ocrx_word' id='word_1_164' title='bbox 418 2582 479 2650; x_wconf 89' lang='lat' dir='ltr'><strong>per</strong></span> <span class='ocrx_word' id='word_1_165' title='bbox 497 2560 708 2669; x_wconf 87' lang='lat' dir='ltr'><strong>adoptionem</strong></span> <span class='ocrx_word' id='word_1_166' title='bbox 734 2560 797 2629; x_wconf 91' lang='lat' dir='ltr'><strong>sibi</strong></span> <span class='ocrx_word' id='word_1_167' title='bbox 824 2559 926 2629; x_wconf 83' lang='lat' dir='ltr'><strong>tiliam</strong></span> <span class='ocrx_word' id='word_1_168' title='bbox 948 2557 1142 2667; x_wconf 83' lang='lat' dir='ltr'><strong>quaesivit‘l</strong></span> 
     </span>
     <span class='ocr_line' id='line_1_26' title="bbox 201 2650 1140 2742; baseline -0.003 -21"><span class='ocrx_word' id='word_1_169' title='bbox 201 2653 342 2734; x_wconf 82' lang='lat' dir='ltr'><strong>Quidam</strong></span> <span class='ocrx_word' id='word_1_170' title='bbox 378 2675 457 2724; x_wconf 89' lang='lat' dir='ltr'><strong>sane</strong></span> <span class='ocrx_word' id='word_1_171' title='bbox 490 2650 551 2725; x_wconf 89' lang='lat' dir='ltr'><strong>has</strong></span> <span class='ocrx_word' id='word_1_172' title='bbox 583 2653 670 2723; x_wconf 91' lang='lat' dir='ltr'><strong>inter</strong></span> <span class='ocrx_word' id='word_1_173' title='bbox 701 2674 859 2742; x_wconf 87' lang='lat' dir='ltr'><strong>personas</strong></span> <span class='ocrx_word' id='word_1_174' title='bbox 890 2651 1140 2723; x_wconf 90' lang='lat' dir='ltr'><strong>matrimonium</strong></span> 
     </span>
     <span class='ocr_line' id='line_1_27' title="bbox 203 2744 1140 2854; baseline -0.002 -39"><span class='ocrx_word' id='word_1_175' title='bbox 203 2748 388 2817; x_wconf 86' lang='lat' dir='ltr'><strong>consistere</strong></span> <span class='ocrx_word' id='word_1_176' title='bbox 423 2768 518 2837; x_wconf 91' lang='lat' dir='ltr'><strong>posse</strong></span> <span class='ocrx_word' id='word_1_177' title='bbox 550 2760 630 2817; x_wconf 90' lang='lat' dir='ltr'><strong>sunt</strong></span> <span class='ocrx_word' id='word_1_178' title='bbox 658 2747 808 2816; x_wconf 86' lang='lat' dir='ltr'><strong>inficiati.</strong></span> <span class='ocrx_word' id='word_1_179' title='bbox 843 2749 884 2816; x_wconf 82' lang='lat' dir='ltr'><strong>tt</strong></span> <span class='ocrx_word' id='word_1_180' title='bbox 923 2744 1140 2854; x_wconf 86' lang='lat' dir='ltr'><strong>praeferenda</strong></span> 
     </span>
     <span class='ocr_line' id='line_1_28' title="bbox 203 2839 1142 2931; baseline -0.001 -22"><span class='ocrx_word' id='word_1_181' title='bbox 203 2841 342 2910; x_wconf 88' lang='lat' dir='ltr'><strong>omnino</strong></span> <span class='ocrx_word' id='word_1_182' title='bbox 361 2840 493 2911; x_wconf 88' lang='lat' dir='ltr'><strong>videtur</strong></span> <span class='ocrx_word' id='word_1_183' title='bbox 521 2862 636 2911; x_wconf 88' lang='lat' dir='ltr'><strong>eorum</strong></span> <span class='ocrx_word' id='word_1_184' title='bbox 658 2840 849 2923; x_wconf 88' lang='lat' dir='ltr'><strong>sententia,</strong></span> <span class='ocrx_word' id='word_1_185' title='bbox 884 2840 941 2931; x_wconf 91' lang='lat' dir='ltr'><strong>qui</strong></span> <span class='ocrx_word' id='word_1_186' title='bbox 969 2839 1142 2909; x_wconf 89' lang='lat' dir='ltr'><strong>matrimo-</strong></span> 
     </span>
     <span class='ocr_line' id='line_1_29' title="bbox 204 2933 1139 3024; baseline -0.002 -22"><span class='ocrx_word' id='word_1_187' title='bbox 204 2934 261 3003; x_wconf 91' lang='lat' dir='ltr'><strong>nio</strong></span> <span class='ocrx_word' id='word_1_188' title='bbox 281 2934 433 3023; x_wconf 90' lang='lat' dir='ltr'><strong>copulari</strong></span> <span class='ocrx_word' id='word_1_189' title='bbox 455 2955 550 3024; x_wconf 91' lang='lat' dir='ltr'><strong>posse</strong></span> <span class='ocrx_word' id='word_1_190' title='bbox 569 2936 785 3005; x_wconf 90' lang='lat' dir='ltr'><strong>contendunt.</strong></span> <span class='ocrx_word' id='word_1_191' title='bbox 812 2934 859 3003; x_wconf 85' lang='lat' dir='ltr'><strong>Re</strong></span> <span class='ocrx_word' id='word_1_192' title='bbox 883 2933 1018 3024; x_wconf 87' lang='lat' dir='ltr'><strong>quidem</strong></span> <span class='ocrx_word' id='word_1_193' title='bbox 1044 2951 1139 3014; x_wconf 88' lang='lat' dir='ltr'><strong>vara,</strong></span> 
     </span>
     <span class='ocr_line' id='line_1_30' title="bbox 204 3026 1143 3116; baseline -0.004 -21"><span class='ocrx_word' id='word_1_194' title='bbox 204 3048 279 3095; x_wconf 89' lang='lat' dir='ltr'><strong>cnm</strong></span> <span class='ocrx_word' id='word_1_195' title='bbox 308 3027 464 3116; x_wconf 88' lang='lat' dir='ltr'><strong>cognatio</strong></span> <span class='ocrx_word' id='word_1_196' title='bbox 484 3028 614 3111; x_wconf 91' lang='lat' dir='ltr'><strong>civilis,</strong></span> <span class='ocrx_word' id='word_1_197' title='bbox 649 3049 707 3096; x_wconf 90' lang='lat' dir='ltr'><strong>seu</strong></span> <span class='ocrx_word' id='word_1_198' title='bbox 739 3027 875 3116; x_wconf 89' lang='lat' dir='ltr'><strong>legalis,</strong></span> <span class='ocrx_word' id='word_1_199' title='bbox 912 3047 998 3116; x_wconf 91' lang='lat' dir='ltr'><strong>quae</strong></span> <span class='ocrx_word' id='word_1_200' title='bbox 1035 3026 1143 3094; x_wconf 90' lang='lat' dir='ltr'><strong>oritur</strong></span> 
     </span>
     <span class='ocr_line' id='line_1_31' title="bbox 205 3118 1142 3211; baseline -0.001 -24"><span class='ocrx_word' id='word_1_201' title='bbox 205 3120 293 3190; x_wconf 89' lang='lat' dir='ltr'><strong>inter</strong></span> <span class='ocrx_word' id='word_1_202' title='bbox 311 3121 401 3190; x_wconf 85' lang='lat' dir='ltr'><strong>filios</strong></span> <span class='ocrx_word' id='word_1_203' title='bbox 421 3122 588 3211; x_wconf 92' lang='lat' dir='ltr'><strong>legitimos</strong></span> <span class='ocrx_word' id='word_1_204' title='bbox 607 3120 807 3210; x_wconf 89' lang='lat' dir='ltr'><strong>adoptantis,</strong></span> <span class='ocrx_word' id='word_1_205' title='bbox 826 3131 860 3189; x_wconf 91' lang='lat' dir='ltr'><strong>et</strong></span> <span class='ocrx_word' id='word_1_206' title='bbox 878 3139 952 3203; x_wconf 85' lang='lat' dir='ltr'><strong>eos,</strong></span> <span class='ocrx_word' id='word_1_207' title='bbox 971 3139 1055 3207; x_wconf 84' lang='lat' dir='ltr'><strong>quos</strong></span> <span class='ocrx_word' id='word_1_208' title='bbox 1071 3118 1142 3206; x_wconf 89' lang='lat' dir='ltr'><strong>ipse</strong></span> 
     </span>
     <span class='ocr_line' id='line_1_32' title="bbox 205 3211 1139 3305; baseline -0.003 -24"><span class='ocrx_word' id='word_1_209' title='bbox 205 3214 434 3305; x_wconf 89' lang='lat' dir='ltr'><strong>adoptaverit,</strong></span> <span class='ocrx_word' id='word_1_210' title='bbox 461 3227 654 3297; x_wconf 89' lang='lat' dir='ltr'><strong>evanescat,</strong></span> <span class='ocrx_word' id='word_1_211' title='bbox 685 3223 847 3302; x_wconf 91' lang='lat' dir='ltr'><strong>utsupra</strong></span> <span class='ocrx_word' id='word_1_212' title='bbox 875 3211 1139 3294; x_wconf 88' lang='lat' dir='ltr'><strong>observavimus,</strong></span> 
     </span>
     <span class='ocr_line' id='line_1_33' title="bbox 203 3303 1143 3398; baseline -0.002 -22"><span class='ocrx_word' id='word_1_213' title='bbox 203 3309 311 3378; x_wconf 91' lang='lat' dir='ltr'><strong>soluta</strong></span> <span class='ocrx_word' id='word_1_214' title='bbox 342 3307 449 3397; x_wconf 88' lang='lat' dir='ltr'><strong>patria</strong></span> <span class='ocrx_word' id='word_1_215' title='bbox 482 3318 667 3398; x_wconf 89' lang='lat' dir='ltr'><strong>potestate,</strong></span> <span class='ocrx_word' id='word_1_216' title='bbox 696 3306 764 3375; x_wconf 91' lang='lat' dir='ltr'><strong>sive</strong></span> <span class='ocrx_word' id='word_1_217' title='bbox 793 3327 832 3375; x_wconf 81' lang='lat' dir='ltr'><strong>cx</strong></span> <span class='ocrx_word' id='word_1_218' title='bbox 864 3317 958 3396; x_wconf 85' lang='lat' dir='ltr'><strong>parte</strong></span> <span class='ocrx_word' id='word_1_219' title='bbox 978 3303 1038 3372; x_wconf 83' lang='lat' dir='ltr'><strong>tilii</strong></span> <span class='ocrx_word' id='word_1_220' title='bbox 1064 3304 1143 3374; x_wconf 91' lang='lat' dir='ltr'><strong>ado·</strong></span> 
     </span>
     <span class='ocr_line' id='line_1_34' title="bbox 204 3398 1147 3491; baseline -0.004 -20"><span class='ocrx_word' id='word_1_221' title='bbox 204 3401 294 3490; x_wconf 90' lang='lat' dir='ltr'><strong>ptivi‚</strong></span> <span class='ocrx_word' id='word_1_222' title='bbox 314 3402 387 3471; x_wconf 91' lang='lat' dir='ltr'><strong>sive</strong></span> <span class='ocrx_word' id='word_1_223' title='bbox 407 3421 447 3470; x_wconf 83' lang='lat' dir='ltr'><strong>ex</strong></span> <span class='ocrx_word' id='word_1_224' title='bbox 476 3413 571 3491; x_wconf 89' lang='lat' dir='ltr'><strong>parte</strong></span> <span class='ocrx_word' id='word_1_225' title='bbox 590 3401 689 3485; x_wconf 93' lang='lat' dir='ltr'><strong>eius,</strong></span> <span class='ocrx_word' id='word_1_226' title='bbox 711 3400 770 3489; x_wconf 87' lang='lat' dir='ltr'><strong>qui</strong></span> <span class='ocrx_word' id='word_1_227' title='bbox 801 3399 891 3471; x_wconf 86' lang='lat' dir='ltr'><strong>filius</strong></span> <span class='ocrx_word' id='word_1_228' title='bbox 907 3398 1068 3469; x_wconf 83' lang='lat' dir='ltr'><strong>naturalis</strong></span> <span class='ocrx_word' id='word_1_229' title='bbox 1095 3410 1147 3468; x_wconf 90' lang='lat' dir='ltr'><strong>est</strong></span> 
     </span>
    </p>
   </div>
   <div class='ocr_carea' id='block_1_3' title="bbox 201 3491 1264 3587">
    <p class='ocr_par' dir='ltr' id='par_1_4' title="bbox 201 3491 1264 3587">
     <span class='ocr_line' id='line_1_35' title="bbox 201 3491 1264 3587; baseline -0.006 -23"><span class='ocrx_word' id='word_1_230' title='bbox 201 3494 453 3587; x_wconf 88' lang='lat' dir='ltr'><strong>adoptantis,&#39;</strong></span> <span class='ocrx_word' id='word_1_231' title='bbox 445 3514 479 3563; x_wconf 96' lang='lat' dir='ltr'><strong>m</strong></span> <span class='ocrx_word' id='word_1_232' title='bbox 508 3494 730 3566; x_wconf 89' lang='lat' dir='ltr'><strong>necessariam</strong></span> <span class='ocrx_word' id='word_1_233' title='bbox 749 3494 853 3566; x_wconf 88' lang='lat' dir='ltr'><strong>veluti</strong></span> <span class='ocrx_word' id='word_1_234' title='bbox 873 3491 1147 3583; x_wconf 87' lang='lat' dir='ltr'><strong>consequentiam</strong></span> <span class='ocrx_word' id='word_1_235' title='bbox 1263 3581 1264 3584; x_wconf 8' lang='grc' dir='ltr'><strong>Ἴ</strong></span> 
     </span>
    </p>
   </div>
   <div class='ocr_carea' id='block_1_4' title="bbox 0 0 1340 4175">
    <p class='ocr_par' dir='ltr' id='par_1_5' title="bbox 0 0 1340 4175">
     <span class='ocr_line' id='line_1_36' title="bbox 0 0 1340 4175; baseline 0 0"><span class='ocrx_word' id='word_1_236' title='bbox 0 0 1340 4175; x_wconf 95' lang='lat' dir='ltr'><strong> </strong></span> 
     </span>
    </p>
   </div>
  </div>
 </body>
</html>
