2642 4175
316 337 384 395 356
651 348 754 393 carun
769 350 816 393 111.

267 451 358 520 rium
378 466 559 516 concursus
574 445 780 551 postulatur,
785 449 892 536 quod
913 461 1022 519 tamen
1053 472 1120 522 non
1138 476 1202 522 mo·

270 541 462 624 thamutica,
485 552 522 609 ut
552 538 669 622 aiunt,
701 541 758 608 sed
779 522 949 609 moraliter
969 542 1197 651 ..accipiendum

269 646 332 704 est.
350 632 443 702 Unde
464 631 656 739 Episcopus,
682 630 750 700 sire
766 632 928 721 delegata,
950 634 1017 707 sive
1037 638 1130 727 quasi
1149 660 1196 707 or·

268 725 395 796 dinaria
413 736 574 832 potestate
595 725 622 793 is
642 736 767 808 utatur,
787 726 904 815 nequit
924 727 1194 817 dispensationem

268 817 444 908 impertiri,
464 818 527 886 nisi
548 829 676 886 constet
698 819 740 887 de
756 838 866 901 causa,
890 840 976 909 qnae
994 823 1196 929 prudentiae

269 910 386 980 morali
407 910 530 978 iudicio
549 909 726 994 sufficiens,
747 910 838 980 exS.
856 911 950 982 Sedis
962 915 1068 1001 praxi,
1087 915 1195 984 sibini-

269 1006 400 1075 dentur
422 1002 500 1073 Vide
520 1004 591 1072 dec
615 1001 650 1071 S
672 1000 842 1074 Poeniten
862 1004 979 1076 rnau
999 968 1104 1078 185'8

688 1209 779 1301 rsa.

379 1383 424 1439 Ite
444 1396 594 1440 consensu
614 1381 823 1454 dispensantis
842 1376 879 1439 et'
894 1384 931 1440 de
951 1385 1096 1443 notandis

570 1474 603 1530 ln
624 1475 758 1546 suppltct
773 1474 895 1534 libello.

314 1648 449 1719 Praeter
468 1661 664 1738 potestatem
693 1650 727 1719 in
761 1651 995 1738 dispensante,
1021 1663 1056 1722 et
1082 1651 1189 1722 iustam

271 1763 403 1812 causam
422 1741 648 1831 dispensandi,
670 1745 856 1833 postulatur
875 1744 973 1817 etiarn
1008 1745 1050 1814 ad
1070 1745 1189 1833 dispeu-

268 1835 405 1906 sotionis
421 1835 623 1905 validitatem
643 1856 825 1906 consensus
842 1836 946 1925 ipsius
965 1836 1187 1926 dispensantis.

268 1927 385 1999 Deficit
404 1938 515 1996 autem
533 1928 725 1997 huiusmodi
754 1948 956 2013 cousensus,
980 1930 1108 2019 siquid
1138 1948 1188 1998 ne·
1219 1961 1224 1972 ·

270 2022 413 2093 cessario
430 2020 681 2110 exprimendum
709 2021 914 2106 reticeatur,
936 2034 994 2093 aut
1023 2025 1053 2093 si
1084 2020 1187 2113 quide

265 2116 405 2186 veritate
426 2115 571 2183 alienum
589 2114 812 2204 exprimatur:
829 2117 1033 2204 exploratum
1050 2129 1100 2187 cst
1111 2114 1185 2186 enim

268 2210 514 2297 dispensantem
535 2208 624 2277 nolle
642 2208 783 2297 gratiam
804 2209 913 2277 tacere
932 2206 1184 2298 dispensationis,

267 2300 442 2371 deficiente
462 2299 612 2370 veritate.
627 2300 664 2368 ln
679 2299 796 2389 primis
810 2300 922 2391 itaque
939 2302 1116 2371 cavendum
1133 2311 1184 2380 est,

266 2414 309 2463 ne
326 2414 443 2462 causae
465 2413 525 2482 pro
546 2392 791 2482 dispensatione
812 2392 990 2465 obtinenda
1012 2396 1182 2472 adductae,

267 2497 326 2555 aut
338 2485 575 2573 subreptionis
591 2497 649 2555 aut
662 2484 866 2574 obreptionis
879 2486 955 2557 vitio
970 2488 1131 2559 laborent.
1144 2483 1186 2552 Vi-

266 2580 307 2646 de
325 2577 449 2649 Bened.
469 2577 535 2645 xtv
554 2578 634 2647 inst
656 2575 714 2661 87,
739 2589 771 2648 et
787 2578 898 2651 Const.
918 2579 971 2646 AD
993 2575 1186 2649 apostotl-

267 2669 345 2739 GAE
365 2668 615 2753 SERVITUTIS,
638 2670 767 2740 ubisit:
790 2695 804 2737 u
824 2671 917 2752 Quod
938 2673 1103 2760 expressio
1121 2689 1186 2739 cau·

267 2780 379 2831 sarum
396 2781 580 2851 earumque
593 2763 773 2835 verificatio
789 2765 829 2833 ad
846 2763 1063 2835 substantiam
1077 2774 1108 2833 et
1120 2759 1184 2829 voli·

266 2854 401 2925 ditatem
423 2855 678 2944 dispensationis
696 2856 871 2945 pertineat,
892 2856 1025 2948 illisque
1045 2854 1185 2926 deficien-

267 2947 366 3030 tibus,
389 2949 495 3036 gratia
511 2951 603 3019 nulla
626 2962 659 3018 et
677 2948 772 3018 irrita
792 2950 845 3032 sit,
864 2950 1059 3055 nullamque
1078 2966 1183 3019 execu-

255 3039 389 3109 tionem
410 3054 592 3111 mereatur.
612 3065 627 3106 s
650 3040 810 3110 Similiter
840 3042 1035 3112 canonicum
1055 3035 1183 3129 impedi·

266 3146 415 3202 mentum
438 3133 472 3202 in
492 3134 601 3223 specie
622 3135 851 3223 exponendum
873 3147 946 3214 est,
975 3147 1007 3205 et
1038 3135 1065 3203 si
1092 3132 1183 3233 plura
1283 3204 1284 3219 ¹

265 3225 502 3314 impedimenta
522 3237 734 3309 concurrant,
755 3227 886 3315 singula
917 3228 1068 3332 distincte
1093 3218 1185 3330 erpti-

264 3319 368 3387 canda
385 3332 473 3402 sunt,
496 3319 641 3388 veluti
615 3341 644 3387 sr
663 3332 816 3425 oratores
834 3318 1069 3408 consanguinei
1083 3317 1185 3385 sistet

265 3408 383 3478 affines
403 3411 512 3493 simut,
533 3423 602 3480 tum
625 3412 702 3501 quia
724 3433 904 3481 concursus
925 3409 1097 3501 plurium
1089 3425 1183 3493 smpe-

262 3500 488 3571 dimentorum
517 3507 620 3574 mutto
650 3504 870 3577 difficiliorem
903 3505 1011 3574 reddit
1031 3503 1184 3592 dispensa·
