2642 4175
346 363 392 407 nn
410 362 647 408 moronensem
665 361 862 408 murmuro
958 351 1022 410 351

130 471 328 549 promptum
351 479 390 527 ae
406 458 594 548 expeditum
614 460 753 541 deesse,
786 480 864 549 quo,
884 459 995 530 dilatis
1013 482 1073 552 per
1124 489 1127 495 ·

133 552 266 642 aliquot
284 552 385 621 boras
417 551 561 640 nuptiis,
596 571 614 620 a
647 550 826 641 Superiore
851 553 1072 624 eeclesiastico

133 654 366 739 opportunam
378 642 657 732 dispensationem
672 644 831 728 obtineat;
852 657 923 716 tuor
938 646 1071 716 demunt

134 739 225 827 quod
246 738 286 805 ad
307 756 407 806 omne
428 736 613 827 perieulum
633 737 907 827 proputsandum,
929 740 1073 810 aditum·

134 851 202 919 que
219 830 472 919 obsepiendum,
495 829 674 919 quominus
698 850 794 899 eosus
814 831 1010 919 continget,
1031 833 1074 901 tt-

134 923 293 1013 piseopus
301 921 469 1013 prudenti,
480 943 542 1011 pro
557 923 606 992 rei
621 923 761 1004 ratione,
774 923 848 1010 depe
864 924 1071 1009 dioecesana,

113 1017 188 1086 rel
208 1015 343 1105 speciali
364 1016 506 1104 quodam
544 1016 680 1106 provido
701 1015 916 1105 praescripto,
936 1017 1074 1106 quibus·

135 1109 214 1178 dam
234 1107 375 1179 vinculis
393 1107 626 1197 nupturientes
647 1107 857 1195 obstringere
875 1107 995 1197 potere
1016 1130 1076 1179 an·

134 1202 323 1291 teqoumad
340 1200 544 1270 matrimonii
558 1212 803 1270 sacramentum
822 1201 1070 1290 suscipiendum

138 1295 420 1393 tractandumque
440 1294 609 1378 accedant,
631 1293 677 1363 ita
690 1305 728 1363 ut
746 1305 933 1383 opportuno
952 1306 1078 1383 tempo·

136 1407 188 1470 re,
210 1408 228 1458 a
249 1387 411 1477 quolibet,
432 1387 461 1456 si
481 1386 591 1467 adsit,
619 1385 857 1475 impedimento
877 1388 1006 1458 oeeulto
1026 1386 1078 1456 di·

136 1500 295 1568 spensare
308 1479 406 1550 taeiie
421 1480 540 1549 valeat.
560 1479 639 1549 Vide
653 1475 819 1569 Meianpes
832 1481 949 1550 Theoi.
963 1480 990 1548 1.
1007 1475 1073 1551 etr.

63 1600 65 1602 ¹
136 1595 174 1661 p.
191 1570 251 1654 46,
274 1585 308 1643 et
326 1594 395 1643 ser.
415 1570 450 1654 2,
472 1594 507 1662 p.
534 1570 627 1656 dte,
658 1584 692 1643 et
710 1573 820 1643 Revue
839 1569 954 1644 Theoi.
975 1571 1077 1663 Beige

136 1665 287 1736 nouvelle
305 1665 405 1748 serie,
427 1663 449 1732 d
467 1663 592 1747 cahier,
612 1676 697 1755 sept.
712 1663 819 1735 teus.
841 1664 945 1736 Porro
963 1668 1077 1737 oecul-

137 1771 208 1826 tum
231 1757 506 1846 impedimentum
538 1759 733 1848 sr‘mplier'tet·
763 1758 844 1828 ittud
877 1770 951 1843 est,
986 1760 1077 1849 quod

136 1850 232 1920 nullo
249 1852 347 1920 modo
366 1851 589 1921 demonstrari
609 1863 737 1941 potest,
756 1851 928 1939 soliusque
947 1852 1005 1920 ttot
1026 1852 1079 1920 iu·

138 1943 226 2013 dieio
237 1944 455 2031 permittitur,
474 1956 508 2013 et
522 1944 586 2014 hoe
597 1944 732 2013 omniuo
745 1943 907 2018 oecultum
920 1965 938 2012 a
951 1965 980 2012 s.
996 1944 1079 2014 Poe·

138 2036 332 2107 niterttiaria
353 2037 488 2107 dieitur.
510 2036 614 2119 Quasi
628 2036 790 2106 oecultum
807 2035 887 2105 illud
907 2048 968 2120 est,
989 2036 1078 2125 quod

80 2206 83 2214 ,
137 2130 254 2218 paneis
273 2142 389 2201 notum
411 2141 473 2215 est,
506 2142 540 2199 et
558 2130 623 2199 hoe
642 2129 785 2198 intendit
804 2149 832 2197 s.
854 2127 1111 2211 Paenitentia-j

137 2223 186 2291 ria
206 2245 267 2313 per
287 2224 424 2293 verbum
445 2223 618 2306 oecultum,
639 2221 684 2292 ita
700 2233 736 2290 ut
755 2220 900 2310 praediea
918 2219 1001 2290 haee
1013 2220 1080 2289 diei

137 2316 257 2389 debeat
274 2313 392 2386 oe'eultt'
411 2314 610 2405 sipniiioetio
631 2315 666 2384 in
689 2312 847 2392 materia,
867 2313 908 2383 de
927 2334 994 2402 qua
1013 2313 1081 2400 api·

138 2421 205 2477 tur.
225 2409 312 2490 Quot
329 2412 480 2498 personis
495 2408 771 2498 impedimentum
786 2418 904 2485 notum
918 2426 991 2477 esse
1007 2426 1080 2495 pos·

138 2501 192 2581 sit,
215 2503 298 2592 quin
318 2503 447 2572 desinat
464 2523 536 2572 esse
565 2502 744 2586 occultum,
767 2499 940 2589 prudentis
961 2497 1080 2569 iudicis

138 2595 279 2664 arbitrio
290 2616 328 2663 ae
336 2594 520 2665 sententiae
533 2606 583 2665 est
592 2593 945 2685 relinquendumNon
959 2594 1082 2662 desunt

139 2687 352 2770 adminicula,
374 2688 495 2776 quibus
522 2686 586 2757 hoe
606 2687 782 2757 arbitrium
796 2687 892 2756 iaoiie
909 2686 1079 2775 diripitur,
1170 2702 1177 2720 ·

139 2800 246 2869 eaque
267 2781 415 2869 pendent
439 2792 507 2847 turo
535 2801 553 2849 a
586 2779 685 2863 ioco,
721 2791 833 2849 tuma
861 2798 1081 2867 personarum

139 2874 316 2961 qualitate.
340 2872 420 2942 vide
439 2872 519 2943 Bon.
535 2871 614 2955 xlv,
637 2870 715 2940 inst.
738 2869 796 2940 89.
879 2926 884 2933 ,
