2642 4175
270 260 336 316 222
553 289 556 294 ,
605 260 708 315 CAPUT
725 270 772 314 111.

221 375 323 443 latur.
344 369 455 451 Quare
474 387 535 456 per
554 388 590 437 se
621 367 701 437 satis
726 387 793 437 non
826 379 875 437 est
894 369 944 435 vel
965 369 1166 458 desperatae
1207 411 1214 423 ·

222 461 426 535 insimulatis
459 460 713 543 testimonium,
746 481 821 531 num
849 460 945 530 multi
965 461 1023 551 qui
1047 462 1081 532 in
1101 465 1165 533 tali

221 570 312 629 statu
343 556 533 637 habentur,
580 553 758 644 pristinam
797 569 999 644 recuperent
1035 556 1165 626 sanita·

223 665 303 735 tem,
329 652 379 720 vel
400 648 569 718 absentiae
588 648 814 732 diuturnitas,
840 649 918 738 quia
946 650 1041 720 multi
1059 652 1164 720 etiam

221 743 392 815 servitutis
423 742 593 811 laboribus
607 753 641 811 et
659 742 902 811 calamitatibus
922 744 1070 832 oppressi
1086 746 1165 814 lon·

222 859 299 927 gam
320 838 419 906 vitam
443 837 591 919 ducunt,
625 836 675 904 vel
695 836 829 904 tandem
856 837 1082 905 testimouium
1096 837 1164 906 viri

223 929 367 1001 cuiusvis
398 929 498 1000 etiarn
533 927 667 999 oculati.
706 927 799 998 Unde
833 928 867 998 in
899 950 1023 1017 genere
1059 928 1166 1000 Paro-

222 1027 306 1096 cbus
326 1024 458 1113 erigere
477 1022 577 1093 debet
604 1020 839 1112 probationes,
871 1043 956 1111 quae
980 1022 1166 1094 lulciantur

157 1193 161 1212 Ι
223 1120 275 1188 vel
292 1118 422 1187 duobus
445 1116 584 1186 testibus
603 1135 671 1183 non
691 1115 812 1185 dubiae
833 1115 934 1200 fidei,
967 1118 1016 1185 vel
1038 1116 1167 1200 iustru-

225 1225 337 1282 mento
359 1210 589 1280 authenticae
610 1208 761 1297 registris
782 1210 1031 1298 sepulturarum
1049 1221 1165 1279 extra-

224 1319 277 1374 cto
299 1317 332 1373 et
356 1304 527 1391 recognito
547 1303 587 1370 ab
607 1302 770 1392 Episcopo
788 1302 864 1385 loci,
881 1302 995 1391 inquo
1014 1305 1168 1393 sepultus

223 1411 276 1467 est
293 1398 480 1480 defunctus,
502 1395 569 1465 imo
591 1409 624 1464 et
648 1397 737 1485 quod
754 1396 972 1485 approbatum
986 1469 989 1474 ,
1002 1396 1102 1467 luerit
1119 1398 1168 1466 ab

224 1491 386 1581 Episcopo
422 1489 509 1571 loei,
544 1489 579 1557 in
611 1511 678 1579 quo
711 1489 961 1559 matrimonium
980 1491 1166 1559 secuudum

226 1585 379 1654 contrabi
399 1583 509 1651 debet.
530 1581 650 1650 Verum
681 1582 851 1671 speciatim
876 1583 984 1672 qualis
1003 1584 1047 1653 sit
1064 1605 1171 1673 opor-

225 1689 273 1747 tet
290 1677 467 1758 certitudo,
489 1686 522 1744 et
540 1675 675 1766 quinam
692 1676 786 1744 istius
801 1678 1026 1765 assequendae
1046 1679 1169 1745 modus

224 1794 244 1839 a
259 1770 469 1859 singulorum
486 1790 621 1837 casuum
637 1768 883 1839 conditionibus
897 1791 935 1837 ac
948 1770 1172 1840 circumstan-
1198 1828 1202 1832 .

222 1864 281 1952 'tiis
302 1864 435 1952 pendet,
468 1862 579 1931 babita
599 1862 730 1932 ratione
751 1864 802 1932 vel
821 1863 967 1952 regionis
986 1865 1170 1934 admodum

97 2031 100 2038 ,
226 1969 386 2040 remotae,
408 1958 459 2025 vel
476 1956 555 2025 belli
575 1967 633 2024 aut
651 1955 860 2045 pestilentiae
879 1957 1059 2045 grassantis
1078 1959 1112 2025 in
1125 1980 1168 2026 ea

226 2050 408 2141 provincia,
431 2049 466 2119 in
486 2071 550 2139 qua
572 2049 691 2118 coniux
710 2049 870 2139 degebat,
902 2050 1072 2135 ueletiam
1091 2051 1172 2121 eius

226 2142 400 2235 provectae
420 2144 549 2227 aetatis,
572 2155 630 2211 ant
647 2163 768 2231 aegrae
787 2145 997 2215 valetudinis.
1019 2144 1072 2214 Sic
1089 2166 1163 2215 cer·

230 2237 335 2308 titudo
355 2239 470 2307 adesse
502 2250 667 2321 censetur,
692 2237 729 2305 1⁰
757 2237 853 2307 side
883 2239 976 2308 obitu
1009 2238 1164 2328 coniugis

223 2352 368 2425 persona
388 2331 422 2398 in
442 2331 638 2399 auctoritate
657 2331 790 2420 publica
809 2332 986 2402 constituta
1007 2333 1136 2401 bdeml
1153 2373 1170 2385 ·

228 2424 306 2507 ciat;
314 2424 351 2491 2⁰
359 2423 387 2492 si
404 2444 491 2492 unus
511 2424 597 2492 adsit
615 2425 708 2493 testis
720 2426 761 2494 de
782 2426 864 2509 visu,
881 2438 914 2495 et
928 2427 1040 2515 plures
1052 2427 1092 2494 de
1106 2446 1171 2493 au-

227 2515 313 2601 ditu,
335 2516 392 2605 qui
410 2517 472 2586 sub
492 2517 681 2586 iuramento
702 2530 876 2603 testentur,
900 2518 1169 2608 aliaqueindicia

232 2608 432 2680 verosimilia
451 2624 670 2693 concurrant3
692 2609 729 2679 3⁰
749 2612 776 2679 si
796 2612 882 2682 lama
896 2613 940 2681 sit
959 2611 1169 2696 universalis,

230 2723 337 2793 eaque
353 2703 487 2774 attentis
503 2703 667 2772 adiunctis
683 2705 911 2776 vehementem
924 2705 1173 2795 praesumptio·

232 2815 307 2886 nem
329 2795 468 2866 iniieiat.
495 2798 533 2865 ln
557 2797 648 2865 bisce
683 2799 963 2883 circumstantiis,
999 2799 1172 2867 Paroebus

231 2911 299 2959 non
319 2890 526 2981 prohibetur,
544 2891 727 2981 ,quominus
743 2913 826 2961 novo
846 2892 1070 2975 matrimonio,
1093 2893 1172 2961 abs·

232 3005 300 3074 que
321 2983 493 3053 ‘ordinarii
513 2983 643 3054 licentia
677 2985 826 3068 assistat;
862 3007 975 3055 verum
997 2997 1092 3054 caute
1111 2987 1174 3054 ad-

234 3079 367 3146 modum
387 3077 567 3168 procedere
587 3077 710 3162 debet,
745 3092 778 3148 et
797 3080 973 3169 expediens
993 3078 1056 3150 erit
1077 3080 1173 3147 ordi·

233 3171 363 3240 narium
385 3170 569 3253 consulere,
592 3171 649 3260 qui
671 3173 712 3241 de
728 3193 808 3241 casu
825 3172 996 3257 iudicabit,
1019 3186 1053 3242 et
1080 3172 1109 3240 si
1128 3172 1176 3239 ri-

233 3265 322 3333 derit
341 3264 573 3334 certitudinem
595 3266 635 3333 ab
652 3265 742 3333 omui
763 3266 941 3336 formidine
957 3269 998 3350 de
1018 3264 1175 3354 opposito

232 3358 376 3425 solutam
392 3377 459 3426 non
479 3376 565 3440 esse,
589 3378 658 3427 rern
680 3360 767 3428 ads.
792 3358 909 3430 Sedem
930 3361 1064 3430 referet.

284 3448 317 3516 Si
338 3450 413 3540 quis
433 3462 542 3521 autern
560 3452 649 3521 lalsis
668 3453 876 3523 documentis
905 3455 1061 3543 deceptus
1081 3449 1179 3541 prio·
