2642 4175
357 386 401 430 nn
419 385 654 430 mnnnmnums
673 384 872 431 nummum
967 373 1034 432 249

148 491 302 570 tempus,
324 480 397 551 iure
417 482 576 554 canonico
596 481 835 572 praescribitur
854 481 1079 570 matrimonio,
1139 480 1142 486 ’

148 573 222 663 quia
255 588 334 645 aute
364 575 445 645 illud
478 589 609 667 tempus
628 576 771 665 puberes
790 576 989 665 regulariter
1009 598 1082 648 esse

147 688 210 736 non
226 669 349 737 soleat.
368 667 478 739 Posito
499 683 622 753 autem,
638 670 728 760 quod
745 669 869 740 malitia
891 671 1082 760 praeveniat

147 771 302 845 aetatem,
317 762 408 832 nulla
426 763 671 854 dispensatione
687 784 771 853 opus
785 775 835 832 est
853 763 893 832 ad
907 764 1079 835 matrimo-

146 853 236 922 nium
255 855 701 948 contralrendom,siquidem
720 856 953 926 determinatio
965 858 1082 928 aetatis

148 958 194 1016 est
212 948 386 1019 dumtaxat
405 950 639 1034 conditionata,
662 962 827 1041 quatenus
846 970 967 1038 nempe
987 952 1082 1021 mali-

147 1040 188 1108 tia
209 1052 355 1111 aetatem
389 1064 456 1112 non
484 1045 704 1133 praevenerit.
738 1047 795 1113 Ast
813 1043 854 1111 ad
876 1042 1081 1113 ordinarium

146 1132 206 1202 loci
233 1145 365 1224 spectat
394 1138 575 1207 decernere
605 1136 872 1228 de'quaestione
906 1135 1006 1220 lacti,
1041 1158 1082 1207 an

146 1227 296 1307 scilicet,
317 1238 354 1298 ut
372 1230 555 1314 asseritur,
578 1230 704 1301 malitia
735 1230 888 1320 suppleat
915 1239 1081 1312 aetatem,

148 1340 206 1391 nec
225 1332 280 1392 est
295 1324 521 1394 necessarium
536 1325 629 1394 adire
647 1324 869 1414 apostolicam
884 1320 1015 1406 Sedena,
1030 1323 1082 1392 ni·

147 1414 172 1482 si
190 1437 250 1504 pro
273 1415 393 1485 maiori
413 1427 505 1487 actus
524 1418 705 1500 validitate,
720 1431 754 1487 et
769 1418 808 1486 ad
830 1437 928 1486 omae
942 1417 1081 1486 dubium

148 1508 423 1579 submovendum.
441 1511 554 1601 ltaque
575 1511 757 1601 Episcopus
774 1509 956 1580 declarabit
975 1511 1085 1582 matri·

149 1604 297 1671 monium
317 1604 424 1674 aalide
443 1616 648 1675 contractum
667 1605 781 1690 fuisse,
797 1605 824 1674 si
841 1605 882 1673 de
895 1604 981 1673 lacto
993 1615 1084 1674 certo

149 1707 299 1779 constet,
327 1696 378 1766 sin
410 1698 533 1780 minua,
567 1696 640 1767 aS.
664 1697 748 1768 Sede
779 1697 920 1788 petenda
954 1709 1003 1767 est
1034 1697 1085 1765 di·

33 1855 34 1862 ,
148 1790 327 1877 spensatio,
346 1790 503 1879 si'gravis
523 1812 562 1859 ac
581 1812 705 1881 urgeas
724 1812 822 1860 causa
842 1790 966 1860 subest.

191 1882 266 1952 Non
285 1894 336 1952 est
355 1885 534 1954 omittenda
550 1886 701 1974 quaestio
712 1905 791 1954 sane
805 1883 908 1966 utilis,
918 1903 960 1952 aa
972 1880 1083 1952 matri·

149 1977 324 2059 monium,
347 1978 419 2047 sine
439 1978 587 2067 legitima
609 1977 856 2067 dispensatione
875 1986 1081 2046 contractum

31 2118 32 2127 κ
149 2070 234 2140 inter
251 2071 414 2160 puberem
429 2084 462 2142 et
479 2072 702 2163 impuberem,
719 2071 769 2141 vel
782 2070 866 2139 duos
879 2068 1082 2163 impuberes,

149 2164 182 2231 in
202 2165 328 2255 quibus
348 2166 473 2236 malitia
493 2167 659 2236 delectum
692 2163 809 2233 aetatis
832 2178 898 2232 non
919 2161 1083 2250 suppleat,

148 2256 224 2328 licet
243 2260 374 2328 nullum
396 2272 429 2329 et
448 2260 593 2343 irritum,
608 2259 715 2328 valeat
736 2266 846 2326 tamen
862 2256 895 2325 in
909 2254 974 2322 rim
993 2274 1089 2343 spou-

149 2352 268 2421 salium
286 2354 328 2421 de
347 2353 470 2436 futuro,
490 2375 549 2423 seu
571 2354 658 2443 quod
679 2352 765 2421 idern
784 2362 846 2433 est,
866 2349 900 2420 in
921 2346 1085 2437 sponsalia

149 2445 323 2515 detulero
343 2447 538 2516 resolvatur.
560 2446 677 2516 Variae
708 2446 769 2514 lrac
794 2446 834 2515 de
855 2465 892 2514 re
911 2439 1087 2513 circumse-

47 2580 53 2599 ·
150 2551 273 2609 rantur
283 2540 610 2610 sententiae1melius
620 2553 729 2610 tamen
744 2537 894 2630 quaestio
910 2535 1087 2606 resolvitur

150 2633 260 2702 debita
269 2632 644 2718 distinctione;velenim
655 2632 847 2724 impuberes
861 2629 1087 2702 contrahendo

151 2726 401 2797 matrimonium
414 2748 567 2817 expressa
581 2728 765 2798 intentione
775 2728 1089 2813 excluseruntspon·

150 2821 230 2889 salia
253 2820 447 2903 defuturo,
471 2822 520 2892 rel
539 2842 606 2891 non
637 2822 862 2890 excluserunt.
881 2818 913 2887 Si
944 2837 1011 2888 non
1033 2837 1087 2886 en·

151 2914 334 2998 cluserunt,
357 2913 525 2985 inducitur
540 2914 700 3003 obligatio
719 2912 922 3002 sponsalium
941 2913 982 2980 de
1004 2911 1089 2980 lutu-

153 3028 201 3089 ro,
220 3019 321 3096 prout
340 3007 487 3077 decisum
509 3020 559 3078 est
572 3008 605 3076 in
620 3029 694 3097 cap.
712 3007 784 3075 rin.
803 3025 846 3074 on
865 3024 952 3074 niso.
968 3023 1040 3073 rua.
1056 3016 1089 3074 et

151 3121 224 3189 cap.
247 3099 338 3169 Varro
356 3102 417 3170 eod
436 3102 490 3172 tit.
506 3102 539 3171 in
559 3100 593 3186 6,
604 3114 638 3172 et
658 3101 789 3189 volgata
810 3099 925 3187 regula
944 3096 1089 3186 exposcit

155 3218 170 3259 ι
194 3193 220 3261 si
242 3203 335 3263 actus
355 3213 422 3263 non
442 3195 546 3280 valet,
569 3206 606 3264 ut
624 3215 714 3264 nunc
733 3213 795 3282 ago
811 3244 820 3275 ,
837 3192 944 3260 valeat
960 3209 1000 3258 eo
1019 3208 1089 3257 ma-

151 3286 228 3355 liori
248 3288 362 3372 modo,
383 3310 450 3379 quo
471 3300 614 3378 potest.»
640 3286 674 3356 Si
694 3288 916 3368 excluserunt,
933 3281 1022 3351 aliud
1040 3292 1090 3352 est

153 3379 411 3466 affirmandum,
449 3383 526 3473 quia
557 3393 665 3452 tentus
694 3380 814 3450 citatos
849 3378 1089 3468 interpretatur

151 3472 531 3551 dumtaxatvoluntatem
546 3473 814 3546 contrahentium
824 3472 999 3554 occultam,
1010 3489 1090 3539 neu-

154 3565 280 3657 tiquam
298 3589 378 3638 rero
392 3570 584 3641 adversatur
602 3568 761 3638 volantati
780 3586 964 3657 expressae,
983 3574 1021 3632 ut
1038 3583 1092 3650 pa·
