2642 4175
284 416 351 479 230
621 425 725 473 carna
737 425 784 470 nr.

236 550 345 599 smum
359 526 465 598 valide
483 536 668 608 remanent,
686 525 774 594 unde
788 535 820 593 et
832 543 1019 607 conversus,
1042 522 1075 589 in
1095 542 1174 589 casn

238 622 403 713 apostoli,
426 620 547 708 poterit
566 619 669 709 partis
691 616 725 686 in
746 616 940 687 infidelitate
970 612 1175 685 remanentis

239 714 518 803 consanguineam
533 713 567 780 in
584 731 796 802 quocumque
821 712 927 798 gradu
956 712 1090 778 ducere.
1113 707 1177 774 Ve·'

237 831 315 878 rum
332 809 359 877 si
375 806 519 875 infidelis
533 826 608 875 oum
623 807 687 873 boo
699 803 935 893 impedimento
956 805 1062 872 solum
1077 805 1175 890 spon·

241 901 322 972 salia
335 900 453 983 valida,
464 901 512 969 vel
527 899 625 968 etiam
642 897 890 966 matrimonium
906 908 1013 965 retum
1028 893 1172 976 inirerit,

236 1007 275 1065 et
291 993 411 1064 deinde
428 1014 604 1061 conversus
617 990 886 1061 animadverterit
899 989 1176 1078 impedimentum

243 1089 368 1171 adesse,
384 1087 473 1176 quod
489 1098 598 1156 tamen
613 1096 762 1174 tempore
777 1083 980 1153 infidelitatis
994 1084 1105 1151 locum
1121 1080 1179 1147 ba-

243 1181 337 1259 buit,
366 1180 532 1248 affirmant
552 1180 664 1268 plures
683 1177 869 1246 necessario
895 1175 1176 1266 dispensationem

243 1273 382 1364 requiri,
394 1283 566 1361 propterea
582 1272 671 1361 quod
686 1270 816 1360 publica
835 1270 1001 1349 honestas,
1018 1268 1097 1338 iicet
1110 1287 1177 1339 non
1237 1316 1246 1324 ,

244 1369 351 1437 obstet
369 1365 472 1433 relori
487 1364 689 1434 matrimonii
710 1376 859 1453 tempore
879 1362 1084 1432 infidelitatis
1104 1383 1178 1431 oon·

244 1459 364 1540 tracti,
382 1458 490 1527 obstat
510 1469 619 1526 tamen
641 1457 713 1526 eius
732 1456 834 1526 veleri
856 1468 929 1545 post
947 1456 1129 1546 baptisma,
1149 1456 1176 1524 si

244 1563 352 1623 ratum
366 1561 492 1620 tantum
506 1550 870 1656 sitetimpedimeotum
884 1550 1045 1619 dirimens
1058 1549 1176 1619 evadit.

665 1773 753 1865 sse.

584 1930 630 1985 lte
665 1927 839 1986 affinitate.

293 2106 444 2177 Affinites
461 2120 511 2178 est
531 2129 749 2198 personarum
776 2106 1006 2197 propinquitas
1035 2128 1073 2175 ex
1106 2127 1179 2196 per·

247 2202 330 2271 fecta
352 2201 461 2271 carnis
488 2201 720 2272 commixtione
753 2201 974 2291 proveniens,
996 2221 1103 2289 eoque
1121 2221 1179 2269 no-

247 2294 336 2363 mine
354 2306 490 2364 vocatur
509 2294 661 2379 affinitas,
685 2294 773 2385 quod
795 2316 855 2384 per
881 2296 1047 2363 carnatem
1080 2314 1179 2382 copu-

245 2388 310 2457 lam
331 2407 395 2456 una
417 2387 570 2476 cognatio
604 2389 645 2457 ad
678 2387 815 2457 atterius
848 2386 1054 2476 cognationis
1079 2387 1179 2455 finem
1209 2446 1211 2451 a

247 2480 385 2549 aceedit.
403 2479 574 2570 Siquidem
588 2501 649 2571 per
663 2483 815 2571 copulam
831 2481 881 2549 vir
893 2494 927 2550 et
941 2480 1062 2550 femina
1077 2500 1178 2548 unum

246 2573 353 2642 fiunt:
377 2573 466 2642 unde
491 2572 652 2659 efficitur,
673 2587 711 2643 ut
725 2574 856 2643 vinculo
870 2575 932 2645 isto
945 2572 1179 2662 consanguinei

163 2688 165 2693 ⁴
246 2663 390 2734 feminae
410 2687 485 2733 cum
505 2666 587 2750 viro,
621 2679 654 2737 et
687 2668 924 2757 consanguinei
957 2667 1018 2735 viri
1036 2687 1112 2735 curn
1134 2666 1180 2735 ie·

247 2757 336 2826 mina
358 2759 516 2828 affinitate
536 2760 795 2849 coniungantur.
830 2761 915 2830 Hinc
946 2760 1122 2850 sequitur:
1144 2758 1180 2825 1⁰

245 2851 359 2919 Virum
380 2865 413 2921 et
432 2852 600 2934 feminam,
615 2855 673 2944 qui
692 2875 868 2943 corporum
884 2853 1116 2923 commixtione
1132 2872 1184 2920 co

247 2945 416 3034 pulsatur,
436 2945 550 3014 affines
570 2947 663 3016 inter·
682 2970 718 3018 se
753 2947 887 3037 proprie
907 2968 973 3017 non
1007 2967 1103 3028 esse,
1125 2946 1182 3013 sed

173 3092 188 3098 t
247 3036 449 3127 principium
470 3038 655 3123 affinitatis,
693 3053 726 3110 et
755 3041 850 3129 quasi
882 3040 1055 3130 stipitem,
1077 3060 1095 3107 a
1116 3057 1184 3128 quo

247 3131 415 3202 affinitatis
431 3133 552 3221 gradus
577 3142 822 3218 numerantur,
845 3133 938 3216 sive,
963 3144 1001 3201 ut
1036 3131 1181 3201 Gratiani

246 3224 355 3294 verbis
375 3237 450 3294 utar
469 3226 503 3294 in
529 3222 616 3295 notis
648 3228 688 3294 ad
713 3228 867 3296 arborem
887 3225 1054 3296 affinitatis
1086 3246 1181 3293 caus.

246 3314 303 3401 35,
324 3330 451 3407 quaest.
485 3316 520 3387 5:
545 3343 559 3385 r
589 3320 801 3389 interrirum
836 3331 874 3389 et
903 3320 1081 3389 mulierem
1115 3337 1179 3385 non

247 3411 454 3480 contrahitur
485 3411 653 3483 affinitatis
687 3434 798 3483 cause.
824 3436 839 3478 r
863 3412 949 3481 Hinc
978 3413 1028 3480 vir
1062 3409 1181 3500 poterit

248 3502 424 3572 mbiierem
445 3504 479 3571 in
497 3505 746 3575 matrimonium
774 3508 919 3589 ducere,
943 3524 1044 3596 quam
1066 3523 1178 3573 earna-

248 3594 326 3664 iiter
344 3608 438 3665 antee
457 3609 665 3686 cognoverat.
695 3598 731 3666 2⁰
751 3600 866 3690 Neque
902 3620 941 3669 ex
970 3597 1178 3688 sponsalibus
1204 3622 1207 3628 ·
