2642 4175
324 365 369 410 nn
387 361 666 411 naorarnrsmus
683 365 883 413 nasamorur
954 355 1020 414 389

29 462 30 465 ’
134 462 238 531 luerit
253 461 465 544 dissolutum,
486 483 547 531 nec
562 483 643 533 sane
660 463 923 544 matrimonium,
935 462 1076 555 eiusque

138 556 306 624 vinculum
327 555 455 644 concipi
485 556 669 627 ullomodo
700 568 831 645 potest,
854 558 944 648 quod
972 559 1078 627 subsi-

133 660 203 718 stat
232 648 343 717 adhuc
373 648 461 719 inter
493 661 662 720 mortuum
684 662 717 719 et
739 649 928 735 virentem
960 664 1076 721 mutua

29 790 31 831 ,
137 743 263 832 quippe
282 742 426 826 moditia,
449 752 482 811 et
499 755 641 831 potestas
655 743 689 812 in
703 765 843 832 corpora
863 757 898 813 et
916 744 1075 833 obligatio

137 836 216 905 inde
238 856 374 905 nascens
392 838 539 907 adactus
557 836 747 926 coniugales
759 838 802 906 ob
817 838 917 906 unius
934 851 1076 907 mortem

29 954 31 977 ¹
138 929 274 1018 penitus
293 930 515 1012 resoluuntur,
538 941 728 1013 arcessant,
751 952 826 999 cum
845 952 907 1000 nec
926 942 1079 1000 mortuus

140 1033 336 1111 potestatem
357 1023 409 1092 sui
439 1023 588 1112 corporis
618 1024 779 1112 praebere
809 1023 952 1112 amplius
980 1031 1081 1114 queat

137 1115 273 1198 viventi,
293 1137 356 1185 nec
371 1118 481 1187 vivens
501 1129 647 1200 mortum
663 1130 839 1206 recuperat
851 1117 991 1207 proinde
1004 1137 1080 1185 con·

29 1274 30 1277 ,
141 1208 194 1278 iux
232 1222 399 1297 superstes
431 1210 570 1279 liberam
600 1211 652 1280 sui
685 1211 833 1299 corporis
870 1212 1078 1300 potestatem,

29 1320 31 1353 1
137 1304 232 1393 quod
252 1303 347 1373 alteri
368 1325 433 1392 per·
447 1304 582 1372 modum
606 1303 811 1372 matrimonii
831 1305 965 1373 tradere
985 1315 1081 1393 pote·

141 1398 196 1464 rit.
219 1395 366 1485 ldlpsum
392 1397 526 1485 egregie
547 1397 764 1467 confirmatur
780 1397 912 1466 disertis
936 1396 1084 1486 Apostoli
1152 1466 1155 1471 ,

29 1476 31 1501 '
140 1489 236 1558 Pauli
271 1490 470 1559 testimoniis
502 1491 536 1559 in
569 1490 677 1579 Epist.
705 1492 746 1559 ad
766 1490 862 1560 Rom.
896 1486 1079 1570 viba-32

29 1584 31 1645 ἱ
141 1583 274 1664 ‹Quae
309 1582 371 1653 sub
404 1583 474 1653 viro
502 1595 552 1654 est
571 1585 704 1667 mulier,
739 1584 866 1654 virente
892 1584 975 1668 viru,
1010 1583 1084 1652 alli·

29 1720 31 1725 ·
140 1688 218 1764 gata
237 1688 290 1746 est
309 1677 394 1764 legi:
418 1678 445 1746 si
473 1689 585 1747 autem
605 1692 759 1761 mortuus
778 1678 880 1747 suerit
912 1677 961 1746 vir
985 1677 1081 1755 eius,

140 1771 284 1841 liberata
304 1780 354 1839 est
373 1792 391 1840 a
410 1771 483 1859 lege
504 1770 577 1851 viri,
599 1783 635 1840 ut
652 1772 781 1847 nonsit
799 1771 950 1841 adultera
966 1771 994 1839 si
1011 1772 1084 1838 lue·

29 1898 31 1959 p
144 1864 188 1934 rit
206 1885 283 1933 cum
304 1863 368 1933 alio
388 1863 470 1933 viro.
493 1887 507 1929 a
530 1864 571 1933 Et
587 1864 621 1933 iu
635 1864 648 1931 l
663 1865 704 1934 ad
721 1864 911 1933 Corinthios
931 1884 1003 1951 cap.
1021 1862 1086 1946 Vll,

29 1970 30 2005 t
143 1978 232 2028 vers·
254 1954 319 2026 39:
342 1956 492 2029 «Mulier
512 1957 645 2046 alligata
668 1968 718 2027 est
736 1957 827 2043 legi,
858 1967 983 2045 quanto
1001 1968 1086 2024 tem·

29 2078 30 2085 ¹
143 2072 226 2141 pore
257 2050 306 2120 vir
333 2051 404 2124 eius
437 2049 538 2134 vivit3
575 2051 664 2139 quud
689 2049 717 2120 si
742 2049 917 2118 dormierit
934 2048 984 2115 rir
1003 2047 1086 2130 eius,

29 2169 30 2174 ¹
144 2146 286 2218 liberata
306 2158 372 2216 est:
391 2145 448 2214 cui
467 2145 536 2214 vult
555 2144 670 2225 nubat,
694 2155 822 2213 tantum
843 2143 878 2210 in
898 2140 1049 2209 llomino.
1071 2165 1085 2205 o

29 2283 30 2286 =
146 2239 232 2308 Hinc
268 2238 437 2327 Eugenius
469 2237 508 2305 lv
540 2237 574 2307 iu
612 2238 748 2307 decreto
779 2257 839 2326 pro
872 2234 1090 2303 instructione

147 2334 390 2415 limenorum,
420 2332 544 2402 nedum
565 2332 748 2413 moundas,
768 2350 882 2399 verum
903 2328 1002 2397 etiam
1023 2339 1091 2395 ter·

29 2481 31 2512 ,
146 2424 220 2506 tias,
241 2437 389 2515 quartas,
411 2438 444 2496 et
463 2446 693 2515 quascumque
730 2422 914 2493 ulteriores.
931 2420 1088 2510 nuptias,

29 2525 31 2586 i
144 2541 187 2589 ea
206 2517 395 2609 posthabita
416 2518 601 2607 disciplina,
622 2540 723 2608 quam
742 2517 867 2587 laudati
887 2515 1090 2585 Graecorum
1140 2577 1141 2580 ,

29 2605 31 2714 i
150 2613 372 2702 imperatores
394 2613 538 2701 primum
557 2612 763 2694 inuenerant,
783 2611 906 2680 validas
930 2622 1031 2700 atque
1050 2608 1092 2675 li-

29 2729 31 2772 :
146 2708 233 2787 citas
264 2706 444 2784 declaravit
462 2701 553 2774 hisce
574 2706 702 2775 verbis:
729 2730 743 2772 s
760 2705 924 2785 Quoniam
945 2702 1091 2774 nonnul-

151 2801 213 2879 los,
227 2798 399 2881 asseritur,
414 2797 551 2887 quartas
563 2799 697 2888 nuptias
708 2811 876 2886 tamquam
894 2796 1093 2866 condemna·

44 2953 46 2960 s
147 2906 203 2964 tas
223 2912 396 2981 respuere,
418 2904 665 2981 repensatum,
685 2891 741 2959 ubi
759 2911 826 2959 non
846 2901 914 2971 est,
936 2908 1009 2956 esse
1033 2907 1093 2976 pu-

147 2999 255 3071 tetur,
272 3006 350 3055 cum
364 2987 547 3056 secuudum
557 2986 761 3075 Apostolum,
774 2994 906 3051 mortuo
919 2980 1001 3063 rino,
1016 3000 1094 3047 mu·

29 3163 30 3166 ¹
153 3082 217 3149 lier
236 3079 281 3150 sit
297 3078 340 3148 ab
359 3079 432 3150 eius
451 3079 526 3168 lege
544 3080 665 3162 soluts,
688 3089 721 3147 et
744 3075 917 3155 nubendi,
940 3074 993 3141 eui
1024 3072 1095 3140 vult

151 3174 191 3242 in
206 3172 362 3254 Domino,
381 3172 502 3242 habeat
517 3174 719 3252 facultatem,
738 3190 800 3239 neo
815 3166 999 3255 distinguat
1011 3184 1097 3233 mor·

153 3278 215 3337 tuo
237 3265 359 3357 primo,
386 3267 555 3346 secundo,
575 3267 624 3335 rel
649 3264 767 3345 tertio;
801 3261 1009 3331 declaramus
1028 3277 1095 3327 uon

153 3360 266 3432 solum
286 3360 460 3443 secundas,
472 3361 542 3429 sod
559 3360 658 3429 etiam
680 3356 806 3439 tertias,
826 3366 859 3425 et
877 3365 1027 3444 quanas,
1051 3363 1098 3420 at-

154 3474 225 3544 que
246 3453 435 3537 ulteriores,
458 3454 485 3524 si
502 3453 638 3542 aliquod
658 3450 856 3521 canonicum
874 3445 1105 3538 impedimen·

151 3558 229 3656 'tum
249 3568 317 3617 non
337 3546 468 3629 obstat,
503 3546 594 3616 licite
617 3544 768 3616 contrahi
790 3563 907 3633 posse,
929 3556 1099 3611 commen·
1169 3627 1174 3639 Ι
