2642 4175
262 362 327 418 124
607 374 710 420 etrum
722 374 756 418 11.

213 491 346 552 narum,
367 491 452 559 quae
467 469 717 539 matrimonium
735 469 863 539 occulte
883 468 1080 540 contrahere
1095 490 1158 558 pe-

216 575 303 645 tunt,
325 584 365 632 an
384 563 450 632 sint
469 563 520 631 sui
541 564 592 632 rel
610 563 709 632 alieni
729 561 824 647 iuris,
848 583 889 631 an
910 562 945 631 in
965 561 1155 633 minorihus

216 655 397 726 Ordinibus
417 655 586 726 constituti
611 656 811 746 pensiones,
835 667 893 724 aut
912 655 1072 725 beneficia
1097 656 1156 725 ob·

216 749 356 832 tineent,
379 770 417 818 ae
429 749 637 839 potissimum
653 771 670 818 a
685 748 960 818 contrahentibus
976 761 1154 838 exposcent

220 842 322 924 clara,
343 853 376 911 et
396 841 544 926 indubia,
563 855 596 912 et
615 864 632 912 a
651 843 765 931 quavis
783 843 899 911 fraude
915 841 1074 911 immunia
1089 854 1154 912 sta·

134 933 139 941 ’
216 947 271 1005 tur
302 935 399 1004 liberi
420 935 632 1006 documenta.
656 935 805 1025 Denique
826 934 944 1018 iubet,
966 947 1004 1004 ut
1022 948 1152 1005 secreto

219 1028 433 1098 matrimonio
447 1028 721 1112 intersitalterius
735 1027 961 1097 contrahentis
975 1028 1150 1116 parochus,

216 1136 274 1193 aut
292 1122 319 1192 si
338 1121 429 1210 gravi
451 1121 642 1211 impellente
664 1142 761 1191 causa
794 1121 879 1190 elius
899 1120 1054 1190 sacerdos
1073 1123 1146 1191 loco

216 1216 290 1286 cius
309 1216 517 1304 deputandus
536 1214 600 1300 sit,
623 1215 651 1285 is
672 1216 713 1284 ah
728 1214 891 1304 Episcopo
912 1214 1066 1303 eligatur,
1090 1214 1148 1305 qui

215 1308 406 1399 probitate,
427 1309 604 1393 doctriua,
631 1320 665 1378 ct
696 1308 841 1378 obeundi
863 1306 1011 1376 muneris
1030 1307 1148 1396 peritia

218 1401 490 1483 commendetur,
513 1413 614 1490 atque
635 1401 677 1470 ab
695 1402 813 1471 eodem
830 1400 1001 1490 parocho,
1024 1411 1081 1469 aut
1098 1420 1149 1469 sa·

215 1495 350 1564 cerdote
371 1494 531 1582 deputato
551 1495 789 1565 contrahentes
809 1493 1041 1564 commonendi
1059 1505 1146 1576 sunt,

217 1599 256 1656 ut
275 1597 394 1655 curent
417 1589 654 1675 procreandam
677 1589 805 1676 prolem
823 1587 1072 1676 quamprimum
1092 1586 1150 1656 ba·

217 1679 361 1770 ptirari,
385 1700 526 1768 eamque
548 1691 584 1748 ut
618 1680 801 1769 legitimam
822 1692 1026 1769 agnoscant,
1055 1679 1151 1748 bonis

218 1771 368 1843 moribus
383 1772 573 1853 informent,
592 1795 630 1842 ac
646 1774 711 1843 lrui
729 1773 898 1862 patiantur
911 1772 1007 1842 bonis
1022 1772 1061 1842 ad
1077 1792 1149 1842 eam

219 1887 259 1936 er
279 1877 475 1936 testamento
496 1920 505 1949 ,
543 1867 592 1935 rel
613 1868 654 1935 ab
677 1867 832 1938 intestato
849 1866 966 1935 delatis
986 1877 1044 1936 aut
1062 1865 1151 1935 deie-

219 1958 346 2042 rendis;
368 1971 473 2049 utque
494 1960 642 2029 eiusdem
658 1959 762 2050 prolis
781 1959 984 2030 nativitatem
1004 1970 1077 2049 post
1095 1959 1153 2027 ba-

220 2051 377 2144 ptismum
400 2055 598 2126 denuntient
618 2053 779 2144 Episcopo
793 2074 867 2122 cum
883 2064 959 2122 ncta
979 2053 1056 2136 loci,
1074 2065 1153 2122 tcm-

220 2147 323 2237 poris,
347 2159 379 2216 et
398 2147 537 2217 llinistri
573 2148 684 2216 collati
718 2145 947 2230 Sacramenti,
968 2158 1006 2215 ec
1023 2145 1150 2214 sincera

105 2309 112 2316 ,
221 2241 422 2310 indicatione
451 2254 653 2330 parentum,
674 2262 691 2310 a
713 2240 835 2330 quibus
868 2252 939 2309 orta
961 2252 1034 2321 est;
1058 2259 1153 2307 secus

216 2334 324 2404 sciant
343 2334 594 2403 matrimonium
615 2334 785 2403 occultum
807 2334 841 2402 in
859 2334 965 2401 lucem
981 2331 1154 2421 proferen-

217 2428 296 2496 dum
318 2445 413 2504 esse,
433 2446 477 2494 nc
501 2424 792 2516 gravisnulloque
821 2438 916 2516 pacto
950 2424 1085 2495 ferenda
1105 2423 1154 2493 ia·

218 2530 313 2587 ctum
333 2517 492 2606 legitimis
514 2517 592 2587 liliis
614 2519 792 2589 inferatur.
1168 2573 1171 2582 .

266 2609 440 2679 Celebrato
461 2610 685 2696 matrimonio,
700 2611 877 2702 parochus,
898 2619 956 2679 aut
974 2611 1153 2699 deputatus

220 2703 375 2772 sacerdos
395 2702 556 2793 scriptum
577 2705 736 2775 celebrati
761 2725 871 2775 coram
892 2724 928 2774 se
948 2702 1152 2772 matrimonii

222 2796 461 2865 documentum
476 2797 637 2889 Episcopo
651 2798 805 2869 exhibeat
818 2799 859 2866 de
876 2797 1025 2866 eiusdem
1039 2793 1156 2864 metri·

222 2887 325 2958 monii
342 2889 565 2962 celebratione
579 2912 655 2961 oum
670 2891 862 2961 nominibus
886 2887 1154 2959 contrahentium

223 2981 383 3066 testium,
405 2983 495 3067 loci,
531 2997 564 3056 et
582 2985 758 3074 temporis.
781 2983 940 3066 Quocirca
960 2982 995 3052 in
1014 2980 1157 3071 singulis

221 3075 436 3145 Cancellariis
465 3071 719 3168 Episcopalihus
756 3079 822 3146 duo
861 3075 1046 3167 peculiares
1078 3074 1154 3143 libri

222 3180 319 3239 conte
338 3171 490 3240 servandi
504 3183 593 3254 sunt,
612 3192 757 3261 quorum
771 3171 805 3240 in
820 3172 925 3240 altero
945 3166 1156 3238 matrimonia

93 3289 106 3312 s
224 3261 416 3333 huiusmodi
437 3264 691 3349 describantur,
715 3265 749 3333 in
776 3264 881 3334 altero
917 3261 1051 3331 nomine
1071 3260 1158 3329 lilio·

224 3376 312 3438 rum,
335 3356 392 3446 qui
415 3378 453 3427 ex
475 3357 555 3447 ipsis
575 3357 797 3428 matrimoniis
813 3368 1033 3448 procreantur
1048 3407 1057 3439 ,
1075 3374 1158 3445 quo·
1223 3433 1232 3438 ,

225 3448 434 3540 tiescumque
455 3450 488 3518 in
509 3451 643 3542 publico
662 3450 844 3542 parochiali
876 3449 962 3518 libro
984 3458 1157 3538 parentum

225 3541 360 3612 nomina
395 3544 627 3630 reticeantur,
661 3564 787 3635 eosque
824 3543 928 3612 libros
959 3542 1087 3611 clausos
1122 3561 1161 3609 ac
