2642 4175
289 374 357 434 372
625 354 727 433 aaran
744 386 791 447 nr.

243 483 429 578 gratissimi
451 481 611 555 momenti
635 502 683 565 re,
698 483 787 552 ultro
804 485 958 568 fatemur,
978 487 1012 555 in
1028 500 1108 557 casu
1124 509 1190 558 ne·

241 577 403 653 cassitatis
421 598 527 648 unum
546 596 586 647 ex
603 574 644 646 iis
664 574 815 647 adhiberi
834 577 923 648 licite
943 601 1052 669 posse,
1073 591 1107 650 et
1122 602 1186 650 no-

240 694 318 744 rum
338 673 440 744 etism
460 669 665 759 excogitari,
684 688 724 739 ao
742 669 853 761 sequi.
871 670 998 762 Reapse
1017 673 1183 764 quoniam

243 767 424 858 aliquando
437 765 472 834 in
484 763 538 834 his
550 782 722 833 rersarnur
732 762 999 849 oiraumstantiis‚'
1014 777 1053 836 ut
1063 767 1186 837 nullus

247 860 384 931 omnino
402 879 442 929 es
458 855 650 947 praemissis
668 854 775 925 modis
793 868 894 945 queat
912 857 1074 938 adbiberi,
1088 870 1124 929 et
1145 882 1185 929 a·

244 953 362 1024 liande
374 949 519 1021 scandali
534 949 654 1039 granis,
662 947 845 1033 homicidii,
854 949 1021 1035 infamiae,
1029 952 1182 1036 divortii,

242 1058 277 1118 et
295 1043 520 1117 destitutionis
538 1052 711 1131 susceptae
727 1042 829 1130 prolis
844 1044 991 1131 prudens
1006 1055 1127 1134 urgeat
1142 1046 1187 1114 ti·

242 1160 328 1225 mor,
343 1139 423 1208 hine
440 1135 605 1219 nonnulli,
624 1155 709 1224 quos
727 1135 816 1204 inter
827 1135 998 1206 Tiburtius
1010 1138 1184 1208 Navarrns

243 1244 330 1324 part.
340 1229 386 1301 20
394 1229 540 1301 manual.
550 1228 589 1297 ad
599 1248 691 1317 prax.
701 1228 899 1298 bannalium
914 1242 1187 1319 suggeruntmo·

243 1328 335 1410 dum,
346 1332 558 1412 utreportata
567 1321 813 1410 dispensatione
826 1321 867 1390 ab
880 1322 1119 1412 impedimento
1128 1324 1185 1393 di·

242 1419 397 1498 rimente,
408 1414 823 1504 habeaturaopulaalieotu
832 1415 975 1484 maritali
989 1436 1027 1485 ex
1040 1416 1185 1505 parteil
1312 1438 1313 1499 3

241 1513 320 1595 lins,
336 1509 395 1601 qui
413 1506 642 1598 impedimenti
656 1507 845 1577 dirimentis
861 1520 912 1578 est
926 1510 1091 1594 conscius
1101 1529 1185 1598 pars
1312 1558 1313 1561 ,

244 1602 463 1682 enimaltera,
480 1599 1184 1692 quaeimpedimentumignoratcampa·
1312 1626 1313 1699 }

243 1708 290 1770 tet
309 1693 558 1762 matrimonium
579 1711 652 1762 esse
671 1693 816 1763 validum
833 1694 950 1764 eodem
968 1694 1114 1763 maritali
1135 1697 1185 1764 ai·
1295 1716 1313 1759 ·,

242 1789 331 1858 lectu
345 1786 496 1875 copulam
512 1784 659 1868 babebit,
675 1797 776 1876 atque
790 1786 834 1855 ita
848 1806 951 1857 novus
964 1787 1088 1877 aliquis
1101 1807 1183 1857 eon·
1312 1868 1313 1873 ,

242 1900 359 1952 sensus
375 1900 414 1949 es
428 1889 522 1967 parte
534 1878 711 1968 utriusque
728 1878 947 1948 obtinebitur.
963 1874 1054 1949 Haeo
1065 1880 1182 1970 opinio

245 1973 370 2065 (inquit
381 1991 486 2061 supra
503 1971 655 2041 laudatus
670 1971 848 2060 Nerarrus)
863 1972 1098 2061 probabilitate
1112 1992 1186 2043 non

242 2079 344 2149 earet,
362 2065 503 2135 maxime
525 2084 600 2134 oum
621 2064 655 2132 in
675 2063 786 2133 dubiis
806 2065 1022 2154 praeferenda
1041 2065 1085 2136 sit
1104 2086 1183 2136 sen·

241 2162 344 2231 tentia
366 2158 542 2230 animabus
561 2157 684 2241 sarens,
701 2168 734 2227 et
750 2158 812 2225 hae
830 2159 871 2227 de
891 2179 989 2228 causa
1008 2158 1183 2229 conlertur

241 2252 428 2343 Baptismus
449 2252 484 2320 in
502 2249 708 2320 extremitate
724 2249 832 2339 digiti,
849 2252 981 2341 quando
995 2263 1114 2341 partus
1126 2271 1183 2341 pe

242 2346 391 2415 sialitans
410 2345 505 2413 illum
524 2342 678 2412 extrahit.
698 2343 766 2411 Neo
781 2343 886 2411 ullum
906 2343 1013 2413 eidem
1033 2344 1182 2413 Naverro

241 2438 413 2527 negotium
434 2435 567 2505 lacessit
578 2434 733 2525 superius
750 2446 931 2505 memorata
947 2437 1127 2505 elansulaa
1143 2435 1180 2505 S.

240 2528 500 2602 Paenitentiaria
522 2528 643 2617 apponi
663 2527 760 2597 solita
784 2528 956 2612 «Meliore,
979 2530 1032 2598 vel
1050 2531 1122 2597 viro
1140 2530 1183 2597 de
1312 2599 1313 2602 ,

241 2623 396 2690 nullitate
406 2621 529 2708 prioris
543 2639 715 2689 consensus
727 2621 926 2690 casinate»
937 2632 1007 2689 tum
1024 2622 1102 2711 quia
1118 2621 1185 2713 (in-
1312 2631 1313 2678 ἐ

241 2714 315 2803 quit
332 2712 415 2803 ipse)
438 2710 555 2781 Sancta
576 2710 677 2782 Sedes
691 2714 725 2782 in
740 2713 793 2782 his
812 2714 943 2792 ensibus
962 2715 1124 2798 relaxare,
1146 2727 1181 2783 et
1312 2757 1313 2770 ÷

243 2804 581 2895 meliori,qnopotest
593 2806 692 2876 modo
705 2805 877 2895 providere
890 2807 932 2875 de
944 2806 1182 2876 remedioeen·
1312 2841 1313 2844 ¹

243 2911 349 2981 satur,
361 2912 430 2967 tum
449 2898 527 2988 quia
541 2899 688 2968 clausula
708 2900 791 2967 haeo
808 2918 875 2968 non
895 2899 1030 2987 ponitur
1049 2909 1087 2968 ut
1105 2918 1183 2967 eon·

243 2991 324 3083 ditio
337 2992 536 3075 necessaria,
555 3002 588 3060 et
602 2992 724 3080 allegat
740 2990 886 3060 Sanoben
902 2991 961 3059 lib.
981 2988 1003 3059 8
1017 2992 1059 3061 de
1072 2991 1183 3061 lintri·

242 3083 355 3154 monio
368 3083 454 3174 disp.
471 3081 517 3151 nl
531 3104 566 3153 n.
584 3080 641 3168 ot,
657 3084 715 3173 qui
731 3104 845 3153 revera
859 3084 921 3153 lrao
934 3084 970 3151 in
982 3097 1078 3173 parte
1092 3083 1123 3153 ei
1136 3084 1182 3153 la·

239 3188 303 3247 vel.
321 3176 428 3246 Verba
443 3175 614 3245 Sanahenii
631 3176 714 3246 basa
727 3188 817 3245 sunt:
837 3174 925 3245 «Sed
942 3176 1024 3244 milri
1041 3193 1183 3266 persua·

241 3271 304 3340 deo
326 3289 454 3340 meram
471 3289 537 3338 nou
558 3289 631 3338 esse
651 3268 887 3352 conditionem,
908 3269 967 3337 sed
987 3269 1182 3339 instructio·

240 3382 317 3431 nem
337 3362 515 3452 qnamdam
529 3362 771 3432 Confessarii...
787 3361 896 3430 Duoor
911 3373 1023 3431 autem
1042 3362 1082 3429 ad
1101 3361 1179 3445 boo,

240 3454 470 3543 quiaquamlo
491 3455 637 3543 ponitur,
667 3467 703 3526 ut
734 3454 904 3538 conditio,
924 3453 1010 3524 siout
1039 3453 1183 3542 contigit

241 3546 277 3614 in
297 3546 451 3616 facultate
471 3547 697 3617 Commissarii
717 3546 902 3634 Graciatne,
915 3546 1053 3637 ponitur
1071 3548 1182 3616 multo
