2642 4175
366 363 410 406 nu
426 363 660 409 mnantunxms
678 364 876 411 uxumuoxn
974 356 1040 413 227

152 459 349 544 dimentum,
372 459 405 529 in
425 480 526 545 casu,
549 482 585 531 se
608 462 753 532 extendit
774 463 814 531 ad
834 475 989 554 quartum
1012 486 1090 555 gra·

153 555 243 622 dum.
416 605 420 614 r
529 568 532 574 '

198 646 283 728 Quid
297 667 374 716 uero
386 647 561 718 dicendum
579 649 681 718 estde
697 649 901 739 quaestione,
918 673 1018 742 quam
1033 676 1089 726 aa·

156 753 261 809 ctores
281 740 466 829 nuperrimi
489 753 689 830 proponunt,
711 764 753 811 an
767 764 805 813 ex
819 744 1030 816 matrimonio
1044 750 1089 819 ci·

154 833 220 916 vili,
243 833 518 923 impedimentum
540 834 691 923 publicae
711 836 892 906 honestatis
915 856 1085 929 exsurgat,

154 928 232 993 dum
247 928 493 1010 contrahentes,
513 927 617 996 civilis
635 929 719 1017 legis
738 931 943 1019 praescripto
958 953 993 1003 sa
1011 937 1090 1006 suh·

156 1020 318 1103 iieientes,
337 1020 585 1091 matrimonium
599 1042 713 1091 verum
730 1023 970 1092 clandestinum
987 1029 1090 1098 eond-

155 1134 229 1182 cere
250 1114 450 1190 intendunt‘.l
468 1114 549 1183 Cum
570 1114 602 1182 in
623 1135 700 1183 casn
721 1127 838 1203 agatur
857 1117 898 1185 de
919 1119 1090 1190 matrimo-

156 1206 235 1290 nio,
261 1208 351 1296 quod
372 1208 469 1276 aliter
486 1227 584 1296 quarn
600 1221 773 1296 praesenta
793 1209 937 1298 parocho
957 1223 991 1279 et
1009 1214 1092 1284 duo-

157 1301 217 1368 bus
247 1300 387 1370 testihus
407 1300 526 1369 initum
547 1312 620 1383 est;
650 1302 715 1370 iam
741 1312 832 1391 patet
849 1323 944 1372 casus
963 1305 1004 1373 ah
1024 1306 1092 1390 illc,

158 1414 256 1482 quem
275 1393 460 1483 posuimus,
488 1414 555 1462 non
575 1393 817 1479 discriminari,
842 1397 1014 1487 undequi
1039 1421 1092 1471 sc·

158 1498 307 1575 quuntur
320 1487 518 1555 sententiam
541 1486 687 1557 Sauohea
707 1488 908 1578 respondent
926 1493 1090 1581 negative;

159 1579 354 1649 affirmative
383 1592 535 1650 econtra
560 1581 617 1669 qui
645 1580 763 1651 Pontio
782 1583 986 1666 adhaerent,
1009 1608 1093 1676 quos

160 1672 1091 1769 interrecensendisuntCarriere,n.365,Guryn.l5l6,

157 1766 282 1857 aliique
305 1768 457 1836 doctores
477 1767 534 1855 qui
548 1768 657 1837 verius
678 1767 843 1837 affirmant
859 1771 974 1841 adesse
988 1774 1094 1863 puhli-

157 1882 227 1928 cam
246 1862 469 1945 honestatem,
489 1862 523 1928 iu
543 1871 661 1950 quarto
678 1862 797 1949 gradu.
811 1861 894 1941 Quid
916 1876 1028 1935 autem
1048 1867 1095 1934 di-

156 1955 298 2022 cendum
314 1965 375 2035 est,
397 1954 423 2021 si
445 1955 678 2022 contrahentes
695 1964 824 2023 tantum
847 1967 1092 2042 ponantactum

160 2048 310 2131 civilem,
333 2059 370 2115 ut
387 2047 453 2135 legi
475 2046 561 2116 ciuili
581 2057 743 2136 pareant,
778 2047 963 2119 et'ellectus
984 2051 1095 2121 civiles

157 2152 430 2230 consequantur,
463 2153 496 2209 et
523 2140 623 2208 simul
648 2159 707 2207 sua
729 2139 913 2208 intentione
944 2162 1096 2234 expresse

157 2235 464 2305 excludantullum
486 2232 737 2304 matrimonium
757 2233 984 2305 contrahere?
999 2236 1094 2307 Citati

156 2331 224 2398 duo
239 2338 394 2397 auctores
415 2337 532 2417 putant
551 2324 632 2395 oriri
653 2324 929 2416 impedimentum
946 2329 1097 2417 publicae

157 2421 343 2493 honestatis
364 2420 397 2488 in
418 2419 526 2510 primo
546 2419 678 2508 gradu,
705 2440 744 2488 eo
764 2421 853 2509 quod
871 2420 1009 2510 simplex
1028 2423 1096 2492 lor-

159 2536 290 2585 marum
313 2513 459 2582 civilium
491 2513 656 2582 exsecutio
689 2513 825 2583 dicenda
854 2526 905 2584 est
935 2517 1096 2605 quaedam

63 2673 67 2688 ,
158 2607 302 2698 legitimi
334 2606 537 2675 matrimonii
569 2606 759 2691 inchoatio,
796 2606 825 2675 vi
856 2607 951 2679 cuius
985 2611 1098 2700 sponsi

160 2701 381 2791 promissione
396 2712 522 2782 mutua,
545 2701 661 2770 saltem
693 2699 864 2790 implicita,
894 2704 1098 2775 matrimonii

160 2795 295 2884 petendi
321 2793 576 2876 devinciuntur,
599 2794 682 2862 adeo
713 2806 749 2862 ut
776 2806 964 2867 contractus
992 2797 1098 2869 civilis

160 2899 352 2958 contractus
388 2885 573 2976 sponsalitii
612 2886 838 2956 characterem
882 2891 1095 2978 praeseferat.

162 2982 225 3049 hlii
265 2993 378 3050 autem
414 2979 619 3048 arbitrantur
656 2980 787 3048 nullum
825 2978 1097 3070 impedimentum

163 3093 354 3162 exsurgere,
388 3072 467 3162 quia
497 3083 588 3140 aetus
620 3071 724 3140 civilis
750 3091 812 3140 nec
850 3075 1097 3147 matrimonium

162 3167 430 3245 clandestinum,
456 3185 518 3234 nec
543 3164 778 3253 obligationem
803 3167 1029 3253 sponsalitiam
1051 3166 1102 3239 iu·

166 3260 267 3330 duxit.
302 3260 375 3329 Non
406 3257 547 3328 existere
578 3256 827 3335 matrimonium
861 3257 1100 3328 clandestinum

167 3373 203 3421 ex
221 3374 261 3422 eo
281 3354 472 3435 deducunt,
494 3351 582 3440 quod
600 3350 711 3439 sponsi
726 3350 942 3419 contrahendi
956 3371 1032 3421 vere
1050 3352 1102 3429 iu-¹

167 3446 349 3516 tentionem
375 3446 501 3515 nullam
522 3444 657 3525 hahent.
678 3442 770 3525 Quod
791 3464 869 3514 tero
885 3466 948 3514 nec
967 3445 1105 3516 inducat

164 3540 357 3629 sponsalia,
389 3552 460 3610 tum
484 3535 705 3621 auctoritate,
728 3548 798 3605 tum
819 3537 946 3610 ratione
966 3540 1105 3617 demon·
