2642 4175
506 372 549 413 ou
565 370 776 417 saonsmnaus
1021 364 1061 421 53

168 489 317 557 namque
338 468 413 536 iure
434 466 593 535 canonico
610 466 833 558 improbatum
850 483 910 555 est,
935 474 1024 562 qtaod
1043 476 1114 545 vult

169 562 410 653 promissiones
429 561 623 650 nuptiarum
642 574 731 631 ratus
760 574 792 632 et
811 564 924 634 brutas
957 587 1029 635 esse
1050 621 1059 651 ‚
1080 583 1114 637 et

167 677 238 725 non
259 656 378 725 suadet
398 655 508 738 modo,
523 656 581 723 sed
595 654 695 724 minis
709 656 808 725 etiam
827 673 936 747 urget,
954 670 991 729 ut
1008 681 1111 750 spon·

171 750 297 831 salibus
317 749 397 819 satis
416 748 485 830 liat,
521 749 561 817 de
583 770 649 839 quo
670 752 770 838 paulo
789 750 887 821 infra.
909 754 979 823 lma
1007 755 1110 823 veteri

169 844 400 913 Romanorum
421 844 494 910 iure
508 862 545 910 ex
563 843 769 931 sponsalium
790 845 1002 935 stipulatione
1023 848 1110 917 aetio

168 960 210 1006 aaa
227 958 350 1027 sponsu
366 937 519 1018 dabatur,
542 946 576 1004 et
593 937 804 1005 solummodo
830 941 969 1028 perditis
989 940 1110 1010 Roma·

169 1045 236 1101 nae
254 1030 403 1100 Civitatis
422 1029 571 1098 moribus
602 1030 822 1121 repudiarum
855 1032 987 1102 licentia
1027 1034 1111 1103 irre·

166 1126 248 1214 psit3
272 1126 361 1215 quod
382 1123 626 1193 Hottomannus
659 1125 700 1195 de
719 1124 819 1196 aestis
839 1125 1027 1210 etincestis
1048 1148 1111 1196 nu·

169 1219 249 1308 ptiis
269 1217 360 1310 part
387 1216 462 1286 3et
488 1216 511 1284 lt
543 1217 668 1308 aliique
692 1220 879 1288 observant.
915 1222 956 1289 dt
984 1222 1110 1290 verosi

166 1312 365 1403 nuptiarum
385 1310 597 1401 promissioni
618 1314 843 1383 iuramentum
858 1314 1012 1397 addatur,
1030 1328 1110 1385 tune

164 1407 337 1475 vinculum
372 1404 575 1494 sponsalium
607 1406 727 1476 lortius
761 1419 794 1477 et
825 1407 969 1477 sanetius
997 1408 1054 1491 stt,
1077 1422 1110 1479 et

167 1499 230 1589 qui
251 1499 349 1569 fidem
372 1499 522 1588 fregerit,
541 1519 608 1567 non
631 1501 729 1569 modo
757 1500 987 1579 intonasset
1008 1502 1108 1572 etiam

167 1593 328 1683 periuras
348 1593 522 1662 habendus
542 1593 625 1676 e1·it;
648 1613 759 1684 neque
780 1595 867 1663 enim
887 1595 1014 1665 homini
1046 1597 1108 1664 soli

166 1686 328 1756 iniuriam
346 1687 435 1768 lacit,
454 1688 511 1755 sed
533 1686 764 1778 interpositam
794 1688 899 1778 ipsius
919 1689 976 1758 Dei
995 1702 1109 1759 aucto·

165 1780 518 1850 ritatemaontemnit.
634 1857 638 1863 ,

216 1874 352 1944 Cumin
380 1873 590 1964 sponsalibus
622 1875 714 1943 nulla
750 1874 820 1943 dies
851 1887 910 1944 aut
944 1875 1108 1945 terminus

165 1968 384 2057 promissioni
399 1968 587 2058 implendae
607 1968 825 2056 praestitutas
847 1979 914 2050 est,
940 1969 1110 2038 matrimo-

164 2061 258 2131 nium
295 2083 369 2132 eum
404 2062 550 2151 primum
588 2062 722 2149 poterit,
762 2060 841 2129 iniri
872 2061 970 2131 debet
1000 2082 1038 2130 ex
1070 2063 1108 2130 L.

167 2155 204 2223 lu
221 2175 369 2227 ountans
390 2155 436 2223 tt
459 2157 493 2223 ll.
518 2156 559 2224 de
579 2154 620 2224 tt.
638 2155 679 2222 l.:
702 2179 717 2219 r
738 2153 775 2222 ln
800 2154 955 2222 omnibus
983 2154 1110 2242 obliga·

165 2250 317 2318 tionibus
337 2250 370 2318 in
393 2250 515 2339 quibus
536 2248 607 2317 dies
638 2268 705 2317 non
738 2247 918 2336 apponitur
943 2248 1109 2334 praesenti

164 2344 223 2412 ⁴die
241 2344 395 2424 debetur;
422 2354 490 2412 aet
509 2343 544 2411 L.
572 2342 647 2411 Eun
664 2360 721 2422 Qut
744 2340 801 2420 lt,
823 2341 839 2430 §
858 2343 982 2431 quoties
1003 2341 1037 2410 ll.
1069 2341 1110 2411 de

167 2436 204 2504 ll.
227 2435 281 2505 0.:
308 2462 323 2504 r
348 2436 484 2518 Quoties
509 2437 542 2504 in
565 2435 824 2525 obligationibus
858 2435 929 2505 dies
949 2455 1015 2504 non
1050 2457 1108 2525 po·

167 2530 273 2614 nitur,
297 2531 464 2620 praesenti
498 2530 552 2598 die
586 2529 727 2619 pecunia
759 2529 914 2598 debetur.
947 2529 1108 2599 »Saltem
1148 2553 1158 2559 ·

169 2623 421 2693 matrimonium
454 2623 635 2692 ineundum
670 2634 744 2706 est,
782 2625 915 2712 quando
948 2623 1110 2693 alteruter

167 2718 436 2787 contrahentium
471 2718 617 2808 postulat
655 2714 910 2806 promissionem
949 2715 1107 2806 impleri,

169 2832 271 2901 quarn
292 2811 491 2881 sententiam
508 2822 647 2879 tuentur
665 2809 823 2893 Senmet,
851 2809 977 2900 aliique
997 2811 1110 2899 plures

168 2903 211 2973 ab
231 2925 306 2973 eam
330 2905 507 2987 rationem,
532 2905 620 2994 quod
636 2904 782 2972 creditor
802 2903 954 2972 oonsaius
983 2923 1021 2970 ac
1040 2924 1110 2971 me·

170 3018 243 3066 mor
261 2998 314 3067 sui
330 2998 425 3082 iuris,
443 3010 476 3068 et
489 3008 606 3087 potens
623 2998 797 3066 commode
814 3008 927 3087 petere
945 2996 1034 3086 quod
1048 2994 1110 3063 sibi

169 3091 319 3161 debiturn
341 3103 410 3174 est,
432 3110 495 3160 neo
521 3103 632 3160 tamen
652 3090 752 3180 petit,
774 3101 930 3159 censetur
960 3088 1111 3156 dilationi

167 3183 371 3268 consentiae,
386 3184 449 3253 nisi
464 3185 549 3253 lorte
563 3194 702 3275 propter
715 3184 876 3272 pudorem
891 3184 941 3251 vel
956 3182 1110 3249 timorem

169 3297 236 3346 non
258 3278 380 3347 audeat
398 3290 524 3368 petere,
548 3278 596 3347 uti
614 3277 807 3365 contingere
828 3276 861 3343 in
881 3274 1014 3344 leminis
1027 3273 1112 3343 solet

169 3382 287 3441 natura
309 3370 523 3455 verecundis;
543 3383 623 3441 tuno
638 3369 727 3440 enim
747 3389 880 3458 sponsa,
903 3368 1110 3459 quamvisa·

169 3476 224 3533 atu
244 3485 312 3534 non
333 3477 436 3554 potat,
455 3463 705 3556 interpretativa
731 3474 843 3533 tamen
858 3461 991 3532 ridetur
1019 3473 1111 3551 pete·

110 3596 116 3602 -
171 3577 221 3642 re,
235 3570 270 3628 et
283 3579 425 3649 sponsas
444 3558 478 3628 in
494 3579 586 3628 mora
608 3556 836 3630 constituitur.
853 3557 975 3627 Verum
994 3554 1112 3621 Docto·
1165 3580 1167 3585 ·
