2642 4175
339 350 383 393 mc
398 349 632 396 mrunmurmrs
650 351 849 399 meramnum
949 325 1014 398 3'23
1030 334 1050 366 ⁸

130 449 220 517 nium
241 458 418 540 potestate,
440 446 575 517 Parisiis
608 447 713 533 ibib,
741 473 755 516 r
788 450 843 519 ubi
880 463 913 520 et
942 452 1063 521 malam

135 542 266 610 Munoii
282 543 388 612 fidem
409 541 444 609 in
465 542 603 612 testibus
623 544 886 633 corrumpendis,
906 557 1064 613 truncan-

131 635 191 717 dis
209 646 243 704 et
260 635 500 717 adulterandis,
526 648 560 704 et
590 636 663 705 eius
682 637 851 720 fallacias,
876 637 1009 728 aliaque
1028 638 1060 706 id

135 749 236 814 genus
256 728 403 817 ingenuo
424 728 584 817 scriptore
613 749 750 816 prorsus
771 730 905 819 indigna
925 731 1061 800 detexit.

134 821 269 891 loannes
290 823 390 891 etiam
408 820 595 902 Gerbesius,
613 822 645 889 in
668 845 683 888 a
706 833 848 892 tractatu
868 822 1005 911 pacifico
1022 825 1063 892 de

134 926 293 1003 potestate
313 913 477 983 Ecclesiae
505 926 538 982 et
569 913 758 1002 Principum
793 935 893 1004 super
925 916 1062 1004 impedi·

135 1020 242 1077 menta
262 1007 473 1087 Matrimonii,
490 1006 626 1075 Parisiis
646 1005 750 1090 toea,
777 1030 791 1072 r
815 1008 965 1076 eamdem
988 1029 1079 1097 per·-

137 1122 259 1170 versam
291 1100 475 1170 doctrinam
495 1101 659 1169 refutavit.
682 1100 731 1169 Cl.
754 1099 899 1169 Perrone
919 1120 973 1190 op.
1006 1101 1062 1169 cit.

135 1194 189 1262 lib.
206 1193 239 1273 E,
256 1206 339 1263 sect.
359 1194 392 1276 1,
407 1214 436 1261 c.
451 1192 485 1275 1,
497 1206 560 1262 art.
582 1194 616 1270 3,
634 1204 703 1261 tum
719 1213 758 1261 er
771 1193 841 1282 ipsa
861 1193 910 1261 rei
930 1203 1060 1277 natura,

134 1300 201 1354 tom
223 1308 262 1355 ex
280 1308 379 1377 scopo
396 1286 496 1355 Cone.
517 1285 622 1369 Trid,
642 1296 712 1354 turn
742 1287 782 1354 ab
802 1286 970 1367 absurdo,
993 1297 1062 1354 tum

136 1380 277 1469 denique
296 1401 335 1449 ex
359 1381 443 1447 facto
464 1379 652 1447 luculenter
673 1379 792 1468 probat
823 1378 989 1448 Ecclesiae
1008 1399 1065 1448 nc-

58 1471 61 1478 '
138 1473 221 1541 mine
241 1473 425 1542 Concilium
446 1471 635 1559 siguificare
659 1471 914 1541 ecclesiasticam
934 1472 1080 1541 hierar·-

135 1564 252 1657 chiam,
279 1577 378 1656 prout
397 1586 414 1632 a
433 1565 526 1653 laicis
546 1564 753 1654 principibus
773 1565 1002 1654 distinguitur.

178 1660 293 1749 Neque
314 1658 442 1727 felicior
460 1658 521 1726 luit
537 1657 722 1727 canonicus
742 1659 825 1728 Litta
843 1659 1065 1730 Mediolanen-

30 1827 31 1848 ,
135 1750 201 1833 sis,
224 1752 297 1822 aliis
318 1751 417 1820 etiam
438 1750 610 1819 erroribus
635 1751 804 1835 famosus,
824 1752 858 1818 iu
879 1773 938 1821 suu
959 1751 1066 1841 Opere

30 1875 31 1878 ¹
137 1843 243 1914 italice
264 1844 450 1932 conscripto
476 1867 490 1908 a
514 1843 569 1912 Del
591 1843 705 1914 diritto
725 1844 757 1911 di
778 1843 926 1913 stabilire
946 1845 989 1932 gl'
1004 1846 1067 1911 im-

136 1934 1063 2024 pedimentidtrtmemtilllantmonio,Cremonatlan.»

29 2104 30 2107 ,
136 2028 305 2121 Siquidem
326 2030 496 2099 contendit
513 2049 625 2098 vocem
646 2029 865 2097 constituendi
882 2028 916 2096 in
937 2029 1068 2118 praedi·

136 2136 184 2195 cto
205 2125 339 2194 Canone
356 2144 375 2191 a
391 2122 593 2191 Tridentinis
613 2121 766 2190 Patribus
784 2120 988 2203 adhibitam,
1010 2120 1067 2203 ubi

137 2218 300 2286 definiunt
326 2216 507 2284 Ecclesiam
538 2216 686 2304 potuisse
706 2213 908 2284 constituere
928 2213 1068 2302 impedi-

137 2321 245 2380 menta
267 2308 515 2378 matrimonium
544 2308 760 2389 dirimentia,
782 2305 972 2395 significare
1001 2325 1068 2375 non

137 2404 270 2494 proprie
289 2403 492 2478 constituere,
514 2403 570 2470 sed
591 2413 718 2471 lantum
735 2421 913 2490 proponere
933 2399 1069 2488 impedi·

139 2509 245 2566 menta
267 2494 516 2563 matrimonium
536 2494 739 2577 dirimentia,
763 2494 864 2583 idque
887 2492 1068 2562 Ecclesiam

31 2592 32 2595 ’
140 2601 309 2677 praestare
329 2587 485 2655 adhibitis
499 2587 653 2676 publicae
673 2588 826 2656 utilitatis
842 2585 1069 2656 ethonestatis

139 2681 336 2763 rationibus,
359 2680 480 2769 quibus
499 2680 615 2769 optimi
636 2683 762 2771 quique
781 2680 952 2769 Principes
965 2681 1004 2748 ad
1019 2698 1071 2747 en·

139 2776 212 2844 dem
237 2774 473 2864 impedimenta
498 2775 707 2863 adaptanda,
729 2793 856 2861 suaque
876 2772 1071 2840 auctoritate

142 2868 328 2936 roboranda
348 2878 554 2935 moveantur.
577 2867 646 2936 Hac
668 2866 781 2954 itaque
800 2867 834 2932 in
851 2884 888 2931 re
907 2862 991 2931 nibil
1012 2863 1073 2930 Ec·

140 2961 263 3030 clesiae
282 2958 499 3047 praescriptio
518 2961 628 3040 valet,
650 2957 714 3027 nisi
733 2977 819 3045 quac
846 2955 1069 3044 proposuerit,

142 3055 258 3122 eadem
278 3050 469 3141 Principum
490 3051 686 3120 auctoritate
703 3049 952 3118 confirmentur.
968 3048 1074 3135 igitur

29 3144 33 3233 ξ
142 3146 224 3214 boec
237 3144 350 3233 opinio
364 3144 622 3214 Protestantinm
636 3141 785 3232 opinioni
798 3142 896 3230 plane
911 3137 1073 3227 congruit,

142 3240 199 3328 qui
221 3257 357 3311 omnem
378 3237 586 3328 Principibus
606 3246 802 3326 potestatem
822 3234 856 3301 in
877 3232 1077 3300 constituen-

142 3333 193 3400 dis
213 3331 459 3419 impedimentis
477 3332 643 3413 tribuunt,
660 3327 831 3397 ‘Ecclesiae
851 3326 989 3396 nullam.

188 3425 257 3492 Hos
276 3424 412 3510 sequuti
429 3438 506 3495 sunt
525 3425 644 3494 Petrus
663 3420 884 3491 ‘lambnrinus
915 3418 1076 3508 praelect.

141 3519 183 3586 de
202 3517 284 3586 lnst.
303 3515 425 3586 Christ.
450 3527 473 3585 t.
496 3512 529 3600 P,
553 3538 584 3585 c.
605 3512 750 3600 51781,
772 3516 915 3584 Thomas
944 3510 1079 3582 Nestius
