2642 4175
297 374 363 432 232
633 385 737 433 corun
753 387 801 433 ιιι.

251 506 331 555 neos
351 484 461 555 uxoris
481 496 514 555 et
532 483 799 574 consanguineos
816 482 890 567 riri,
912 483 1055 556 autrico
1076 507 1187 573 verse,
1276 497 1298 526 ‘-

249 578 306 648 sod
328 589 453 648 tantum
471 576 559 649 inter
580 579 755 648 mulierem
782 577 949 667 cognitam
974 591 1009 650 et
1041 600 1188 651 consan-

249 672 387 760 guineos
406 671 467 741 riri
487 672 728 761 cognoscentis,
749 682 784 742 et
801 670 944 742 vicissim
963 672 1053 743 inter
1071 673 1186 744 sirum

249 777 501 854 cognoscentem
522 777 555 836 et
573 764 838 854 consanguineos
856 766 1005 837 mulieris
1026 768 1186 855 cognitae

250 859 477 944 contrahatur,
499 858 577 929 hinc
595 859 644 944 fit,
667 870 705 928 ut
733 859 799 930 duo
819 858 918 930 unius
950 859 1097 929 [annilina
1117 862 1186 932 sra-

248 963 316 1022 tres
334 952 464 1022 duabus
496 953 634 1023 alterius
667 950 813 1024 familiae
845 951 1015 1022 sororibus
1048 954 1184 1026 nubere

247 1045 383 1133 possint,
401 1058 495 1134 pater
521 1058 555 1118 et
582 1045 671 1116 iilius
687 1045 787 1116 unius
805 1045 952 1116 familiae
982 1059 1129 1145 matpsm
1151 1061 1185 1118 et

245 1138 349 1209 filiam
368 1139 506 1210 alterius
525 1139 672 1212 familiae
690 1139 725 1208 in
745 1160 863 1211 uxores
877 1140 1012 1211 ducere.
1039 1164 1055 1208 r
1073 1139 1186 1232 Super

246 1252 287 1302 eo
304 1232 415 1322 inquit
430 1233 518 1303 idern
533 1232 682 1304 Pontifex
700 1232 912 1304 Innocentius
931 1232 974 1302 111
995 1254 1068 1324 cap.
1083 1232 1182 1315 Quen

247 1343 353 1395 sunus
371 1326 413 1395 de
426 1326 591 1415 Consnng.
612 1338 645 1397 et
664 1325 776 1408 niun„
800 1327 889 1416 qnod
919 1337 1012 1415 peter
1031 1338 1065 1396 et
1083 1327 1178 1397 tilius

246 1437 322 1487 cum
339 1431 445 1487 matre
465 1431 498 1489 et
513 1419 593 1502 filia,
616 1420 800 1490 avunculus
820 1431 854 1490 et
876 1439 980 1508 nepos
998 1440 1073 1489 cum
1095 1421 1179 1490 due·

245 1510 308 1579 bus
340 1511 509 1581 sororibus
540 1513 739 1582 contrahant
769 1512 1046 1596 matrimonium,
1067 1513 1182 1584 taliter

247 1602 307 1672 tihi
327 1605 480 1673 duximus
512 1606 806 1695 respondendum,
836 1607 925 1696 qnod
958 1606 1036 1676 lieet
1063 1628 1183 1677 omnes

247 1698 485 1785 consanguinei
505 1699 564 1767 viri
594 1700 661 1768 siint
689 1697 819 1769 affines
840 1698 971 1781 uxoris,
991 1699 1078 1770 inter
1103 1721 1183 1771 con·
1304 1704 1305 1707 ’

246 1790 447 1878 sanguineos
466 1803 577 1861 tamen
597 1791 709 1862 uxoris
738 1802 772 1860 et
802 1791 886 1875 viri,
913 1813 954 1862 ex
984 1794 1180 1863 eorumdem

247 1884 374 1953 scilicet
400 1884 460 1953 viri
481 1896 514 1954 et
530 1886 641 1955 uxoris
668 1884 842 1972 coniugio,
864 1885 954 1968 nulla
973 1897 1023 1956 est
1041 1907 1180 1975 prorsus

246 1976 390 2047 affinitas
407 1989 586 2062 contracta,
609 1991 746 2069 propter
768 1999 867 2066 quam
886 1978 1049 2049 intereos
1063 1980 1180 2050 matri-
1304 1980 1305 1983 ’

247 2070 396 2141 monium
423 2072 542 2144 debeat
568 2071 742 2164 impediri.
768 2095 783 2138 n
813 2071 973 2143 Similiter
1007 2073 1179 2143 matrimo-

245 2164 339 2234 nium
365 2166 470 2236 valide
489 2168 640 2237 contrahi
661 2177 771 2257 potest
788 2165 876 2236 inter
896 2162 1048 2236 vitricum
1077 2178 1111 2237 et
1141 2189 1179 2236 u·

244 2280 359 2329 xorem
376 2258 542 2348 privigni,
560 2261 648 2331 inter
680 2259 869 2350 privignum
900 2272 933 2328 et
963 2271 1115 2344 matrem,
1138 2259 1178 2329 fi·

244 2350 336 2434 iiam,
353 2363 570 2422 autsororem
588 2374 760 2436 novercae,
780 2354 867 2422 inter
887 2353 1082 2442 superstites
1103 2373 1179 2435 con·

244 2443 339 2532 iuges
357 2444 470 2514 fratris
489 2467 527 2514 ac
543 2467 696 2515 sororum
714 2458 935 2530 mortuorum,
953 2446 1001 2517 uti
1021 2448 1087 2515 inte
1099 2467 1184 2537 pro*

243 2536 301 2605 bat
318 2536 515 2607 Benedictus
534 2539 601 2607 xlv
630 2541 672 2610 de
703 2538 825 2631 synon.
859 2538 1009 2610 Dioeces.
1043 2538 1102 2609 lib.
1133 2537 1172 2623 9,

243 2650 317 2718 cap.
346 2627 416 2712 ii,
437 2631 570 2721 aliaque
599 2633 672 2703 eius
703 2634 836 2724 generis
865 2632 1076 2703 matrimonia
1097 2632 1174 2701 iniri

244 2736 382 2812 queunt.

290 2816 442 2886 Affinitas
463 2817 562 2887 habet
583 2818 754 2909 stipitem,
785 2819 933 2902 lineum,
968 2829 1002 2888 et
1019 2818 1172 2906 gradum.

245 2905 397 2999 Stipitem
418 2911 625 2982 constituunt
648 2913 699 2982 vir
730 2924 763 2982 et
793 2911 940 2996 femina,
969 2911 1057 2982 inter
1089 2931 1172 3001 quos

197 3085 201 3095 1
242 3003 384 3072 carnaiis
403 3007 518 3094 copula
539 3005 737 3090 intercessit,
759 3005 836 3096 quia
857 3016 998 3088 suntet
1016 3003 1171 3094 diximus,

243 3095 413 3167 affinitatis
430 3098 643 3189 principium.
666 3099 765 3170 Linon
785 3099 906 3188 duplex
925 3108 997 3180 est,
1025 3097 1090 3166 alin
1122 3118 1174 3167 re·

241 3199 304 3272 cta,
319 3191 383 3260 alia
403 3192 553 3283 oblique.
573 3193 610 3262 ln
629 3192 717 3263 linea
733 3194 827 3262 recta
841 3191 956 3261 affines
969 3189 1083 3260 uxoris
1098 3202 1175 3260 sunt

242 3283 299 3371 qui
318 3284 353 3353 in
372 3285 487 3358 eadem
509 3285 596 3355 linea
616 3297 696 3355 sunt
712 3284 951 3373 consanguinei
981 3283 1105 3354 mariti.
1137 3281 1174 3352 ln

241 3375 328 3445 linea
348 3378 495 3468 obliqua,
517 3379 634 3448 affines
649 3392 727 3449 sunt
745 3388 899 3468 respentn
916 3376 1043 3461 uxoris,
1064 3375 1121 3467 qui
1141 3375 1173 3446 in

242 3466 328 3537 linea
346 3470 481 3561 obliqua
501 3473 740 3561 consanguinei
771 3483 850 3543 sunt
880 3470 1004 3553 mariti,
1027 3481 1061 3540 ot
1080 3469 1173 3538 sinis·

241 3559 317 3630 sim.
339 3561 489 3654 Denique
508 3565 542 3635 iu
560 3564 721 3636 affinitate
745 3567 869 3654 gradus
889 3574 939 3633 est
959 3563 1115 3633 distantia
1137 3583 1173 3630 u·
1241 3656 1244 3661 r
