2642 4175
287 339 354 397 522
591 350 754 397 urrauntx
772 352 819 396 nr.

286 450 352 523 iarn
369 470 447 519 vero
469 451 502 520 in
533 451 743 521 conserendis
772 463 806 519 et
823 449 1038 519 conficiendis
1054 448 1171 520 Sacra·

239 545 360 615 meotis
377 545 453 613 iicet
473 543 613 614 intentio
633 543 771 612 actuatis
801 543 844 612 sit
863 543 1013 614 cranium
1046 544 1171 634 optima

239 650 273 707 et
291 638 584 728 praestantissima,
605 636 755 707 virtualis
774 648 863 707 certe
883 638 1014 720 sufficit,
1037 658 1104 706 non
1124 649 1173 707 ta-

238 751 316 800 men
335 730 525 813 habitualis,
544 751 654 822 nequo
674 731 932 821 interpretativa,
954 732 1174 820 quemadmn·

238 826 317 894 dum
336 843 411 894 cum
432 825 581 894 unanimi
615 825 860 912 Theologorum
893 845 1056 895 consensu
1078 826 1175 893 docet

190 922 195 930 '
239 938 267 989 s.
292 918 447 1001 Thomas,
466 930 552 1010 part.
570 916 603 1000 3,
623 930 753 1008 quaest.
769 916 826 1001 ut,
848 939 878 987 a.
897 916 919 986 8
936 920 976 988 ad
996 917 1031 986 3.
1051 918 1174 987 Verum

240 1013 329 1103 quod
350 1033 406 1083 ens
434 1025 583 1103 spectat,
605 1013 663 1102 qui
684 1010 894 1082 Sacramenta
907 1012 1175 1100 suscipiunt,.res

238 1107 367 1176 diverso
386 1107 458 1175 iure
479 1109 641 1197 censenda
664 1118 731 1179 est,
748 1106 897 1195 Namque
928 1107 963 1174 in
995 1127 1030 1175 re
1064 1126 1175 1174 sacra·

146 1276 154 1283 ἢ
239 1199 375 1271 mentali
406 1200 504 1270 *vaide
530 1200 629 1269 distat
660 1199 949 1269 Sacrameutorum
982 1199 1173 1269 ministera

238 1293 404 1376 subiecto,
424 1294 466 1362 ab
483 1314 523 1363 eo
542 1293 691 1375 scilicet,
720 1293 773 1361 cui
795 1291 1006 1362 Sacramenta
1031 1293 1175 1361 admini-

224 1390 401 1458 strantur.
416 1387 586 1478 Siquidem
603 1387 637 1455 iu
655 1386 819 1470 ministro,
836 1398 873 1456 ut
885 1387 990 1455 valide
1004 1386 1173 1465 conficiat,

239 1492 273 1550 et
290 1480 523 1563 administret,
544 1480 680 1549 omnino
705 1492 762 1550 aut
790 1480 928 1549 actualis
948 1494 1005 1548 aut
1024 1481 1178 1548 virtualis

239 1574 379 1644 intentio
397 1574 602 1664 postulatum
636 1576 694 1642 sed
730 1575 764 1643 in
790 1573 938 1644 subiecto
970 1574 1010 1642 ad
1032 1573 1175 1642 relidam

240 1665 444 1737 Sacramenti
474 1666 719 1757 susceptionem
746 1667 826 1737 satis
849 1680 899 1737 est
919 1666 1058 1736 intentio
1079 1666 1177 1735 habi·

239 1760 351 1841 tualis,
374 1762 424 1830 rel
445 1760 711 1849 interpretativa;
731 1761 825 1830 cuius
840 1761 1047 1830 differentiae
1067 1781 1107 1828 ca
1125 1781 1177 1828 ra·

241 1853 287 1923 tio
304 1864 375 1937 est,
408 1854 495 1944 quod
518 1854 551 1922 iu
573 1854 733 1923 ministris
761 1865 1045 1923 sacramentorum
1067 1855 1177 1922 conte

240 1948 305 2017 ctio
325 1959 375 2017 est
391 1967 523 2038 semper
543 1959 636 2019 actus
654 1947 820 2017 humanus
838 1968 904 2018 non
926 1948 1004 2016 item
1020 1948 1055 2014 in
1069 1948 1175 2016 susci-

241 2041 421 2132 pientibus,
442 2044 469 2112 si
492 2041 742 2112 Sacramentum
763 2041 990 2113 Poenitentiae
1010 2053 1044 2111 et
1062 2041 1175 2111 Matri-

242 2136 344 2207 monii
366 2135 527 2228 excipias,
549 2137 629 2206 dum
658 2148 750 2205 actus
770 2135 970 2223 poenitentis
988 2146 1068 2203 sunt
1085 2136 1176 2203 itlius

242 2228 448 2299 Sacramenti
467 2230 562 2320 quasi
584 2230 734 2311 materia,
757 2229 967 2298 Matrimonin
986 2240 1099 2299 autem
1123 2250 1174 2298 er.-

240 2343 353 2413 pressa
394 2323 660 2395 contrahentium
692 2324 869 2405 voluntas,
900 2342 959 2392 seu
992 2341 1175 2392 consensus

242 2417 373 2507 praeire
393 2417 502 2487 debet.
521 2416 582 2487 Sed
603 2429 713 2486 tamen
728 2429 765 2485 ut
778 2417 881 2485 adniti
902 2435 968 2485 nou
989 2416 1099 2484 solum
1123 2437 1175 2484 va·

243 2510 321 2592 lide,
340 2510 397 2579 sed
418 2513 517 2579 etiam
538 2510 639 2593 licite,
659 2530 717 2579 seu
739 2530 814 2578 curn
832 2510 941 2579 fructu
962 2508 1173 2578 Sacramenta

242 2603 446 2692 suscipient,
470 2604 605 2693 (potest
634 2603 759 2693 quippe
780 2603 902 2694 suscipi
924 2602 1173 2671 Sacramentum

244 2695 334 2784 quin
348 2696 454 2783 gratia
489 2694 691 2766 Sacrameuti
724 2696 930 2786 recipiatur)
949 2716 1086 2766 necesse
1106 2707 1171 2774 est,

244 2798 282 2858 ut
299 2788 425 2878 gratiae
446 2789 549 2879 ipsius
569 2789 811 2881 susceptionem
832 2791 1015 2873 intendant,
1037 2789 1174 2858 docente

244 2882 449 2966 Tridentino,
466 2905 547 2955 sess.
565 2904 605 2965 rt,
625 2905 698 2972 cap.
719 2881 759 2952 7:
785 2909 799 2950 ε
818 2883 1090 2954 iustificationem
1105 2901 1172 2951 esse

244 2977 490 3048 renovationem
526 2977 694 3047 interioris
715 2977 859 3047 hominis
877 2997 938 3065 per
955 2975 1171 3047 voluntariam

243 3069 485 3159 susceptionem
506 3072 633 3160 gratiae
651 3084 685 3141 et
712 3071 901 3153 donorum;
928 3094 942 3135 i
976 3081 1009 3139 et
1024 3069 1172 3139 Gennaes

244 3163 375 3244 iubent,
408 3174 445 3234 ut
470 3165 657 3235 adultorum
678 3166 829 3234 voluntas
848 3165 1061 3253 exploretur,
1083 3172 1172 3231 ante·

244 3280 345 3348 quarn
362 3257 560 3348 Baptismate
578 3259 763 3328 initientur.
784 3259 959 3328 Praeterea
977 3256 1016 3325 ad
1031 3256 1173 3324 fructus

244 3372 314 3421 snm
333 3352 576 3440 susceptionem
597 3374 681 3443 opus
701 3363 762 3434 est,
784 3363 821 3422 ut
839 3350 944 3422 adniti
965 3350 1094 3421 obicem
1110 3367 1171 3416 non

244 3456 423 3534 opponant,
438 3444 601 3529 videlicet,
617 3458 655 3515 ut
668 3445 825 3514 infusioni
839 3445 889 3514 rei
906 3454 1170 3532 augmentogra·

245 3537 310 3610 tiae
340 3537 403 3606 rite
437 3550 593 3629 recteque
612 3559 685 3610 sese
705 3540 900 3629 disponaot3
930 3557 1017 3628 quae
1041 3535 1171 3626 quidem
