2642 4175
412 357 455 399 nu
470 356 600 401 narona
615 357 815 405 unrnruouu
989 347 1032 405 95

137 455 287 544 supplet,
311 465 350 522 ut
367 465 460 523 actus
480 455 598 524 valent.
632 455 711 524 Vide
742 456 870 526 litteras
890 456 940 526 Pii
975 457 1013 525 lll
1039 460 1078 526 ad

137 549 253 637 Episc.
280 546 476 636 Agriensem
498 546 544 616 lt
564 547 641 617 lulli
659 546 763 617 1789.
795 548 831 618 3⁰
851 550 977 635 uiden,
1000 551 1078 641 quia

140 641 409 724 matrimonium,
430 642 518 731 quod
541 642 580 711 ad
603 642 675 710 eius
689 643 888 713 validitatem
904 655 1042 734 spectat,
1060 668 1077 713 a

139 735 272 817 divina,
296 735 453 818 naturali,
476 746 511 804 et
529 735 749 805 ecclesiastica
771 738 863 825 lege,
881 757 949 808 non
969 750 1079 807 tamen

140 850 159 898 a
181 828 291 911 cirili,
315 840 348 897 et
368 827 559 918 Principum
581 829 721 899 arbitrio
741 833 907 920 pendeat,
934 831 1020 901 sicut
1037 832 1080 900 ci·

140 923 429 999 vilescuntractus
453 921 577 1012 reliqui
592 944 602 1006 ;
619 918 666 991 'da
685 945 752 1013 quo
773 924 915 995 interius
932 924 1080 1014 disputa·

141 1016 267 1085 hirnus.
300 1013 338 1082 4⁰
356 1014 504 1105 Denique
525 1016 778 1086 matrimonium
798 1040 816 1087 a
837 1018 976 1088 caeteris
1001 1039 1081 1087 con·

141 1109 305 1179 tractibus
319 1107 440 1192 differt,
454 1120 617 1199 quantum
638 1111 775 1200 quidem
789 1132 843 1181 res
858 1132 950 1181 sacra
971 1133 1081 1200 apro·

141 1204 232 1286 fana;
257 1213 309 1272 εει
333 1202 421 1271 enim
444 1203 620 1273 invisibilis
638 1204 768 1294 gratiae
788 1205 1075 1293 risibilcsignum,

141 1297 283 1365 dum'ad
305 1294 509 1366 Sacramenti
542 1297 738 1387 dignitatem
771 1300 896 1369 elatum
931 1310 992 1383 est,
1014 1319 1082 1388 quo

141 1390 305 1479 coniuges
330 1390 592 1460 sanctificantur.

570 1611 661 1705 cae.

429 1771 473 1863 lle
491 1770 624 1829 matoria
638 1771 671 1827 ct
689 1770 801 1828 torna.
861 1780 867 1789 ‘

192 1950 290 2040 Apud
310 1968 427 2018 omnes
447 1947 633 2018 catholicos
653 1958 781 2017 certum
803 1959 865 2030 cst,
880 1960 1086 2019 contractum

147 2046 256 2127 illurn,
274 2042 332 2133 qui
356 2040 606 2111 matrimonium
628 2053 762 2110 vocatur
781 2041 821 2111 ah
839 2041 996 2124 Ecclesia,
1015 2062 1088 2112 esse

147 2138 326 2210 materiam
346 2135 571 2217 Sacramenti;
599 2145 650 2203 est
668 2135 757 2202 enim
775 2156 829 2203 res
849 2135 1027 2217 sensibilis,
1050 2155 1087 2204 ex

146 2255 212 2323 qua
235 2230 489 2300 Sacramentum
511 2227 700 2311 consultum
720 2227 801 2318 quin
822 2249 860 2297 ex
878 2227 1000 2318 Synodi
1021 2229 1091 2296 Tri·

145 2327 305 2398 dentinae
325 2323 520 2394 definitione
541 2321 792 2390 matrimonium
813 2321 923 2412 ipsum
942 2333 991 2390 est
1011 2341 1089 2391 vere

147 2432 182 2489 ει
201 2418 339 2509 proprie
358 2416 623 2485 Sacramentum.
644 2415 707 2484 Sed
730 2414 806 2505 quia
828 2416 930 2485 multa
953 2427 1091 2504 possunt

147 2513 181 2581 in
203 2510 419 2581 matrimonio
441 2509 611 2598 distingui,
627 2508 791 2579 videlicet:
814 2509 851 2577 l⁰
870 2521 1006 2578 mutuus
1025 2530 1090 2579 nu·

146 2607 300 2676 hentium
322 2624 504 2673 consensus
519 2603 628 2693 verbis
646 2615 704 2673 aut
723 2603 826 2692 signis
846 2623 1034 2693 expressum
1053 2601 1089 2669 2⁰

148 2712 266 2769 mutum
286 2718 467 2786 corporum
487 2696 641 2779 traditio;
664 2695 701 2765 3⁰
722 2718 824 2766 nexus
844 2718 904 2766 seu
920 2697 1089 2767 vinculum

148 2815 186 2863 ea
206 2793 264 2860 illo
284 2802 458 2860 contractu
479 2791 664 2874 resultans;
696 2789 732 2857 [ιθ
757 2792 902 2881 deniqne
935 2804 1090 2862 mutuum

149 2887 201 2955 ius
220 2897 255 2955 et
274 2884 434 2971 obligatio
457 2883 489 2951 in
511 2896 653 2973 utroque
682 2884 899 2954 contrahente
923 2886 961 2953 ad
996 2884 1092 2954 dehi-

148 2991 219 3050 tum
245 2977 445 3065 coniugale,
469 2976 591 3046 idcirco
614 2977 646 3045 in
675 2977 927 3047 determinanda
950 2976 1090 3048 materia

149 3072 356 3142 Sacramenti
378 3071 519 3139 multum
540 3070 742 3140 dissentiunt
762 3072 931 3151 Doctores,
954 3072 1035 3139 dum
1053 3092 1090 3138 a·

149 3167 214 3235 lius
231 3166 331 3234 aliam
353 3175 541 3233 contractus
557 3176 683 3253 partem
701 3185 760 3232 seu
775 3164 1014 3254 proprietatem
1030 3183 1092 3252 pro

152 3258 359 3328 Sacramenti
380 3258 518 3327 materia
539 3257 724 3327 constituit.

201 3352 356 3441 Itemque
390 3352 430 3419 de
463 3352 568 3426 forma
596 3352 752 3420 Doctores
783 3349 974 3438 disputant,
997 3369 1038 3418 au
1061 3348 1094 3417 in

154 3446 262 3514 verbis
281 3447 333 3515 vel
353 3445 497 3514 externis
518 3444 621 3533 signis
652 3442 920 3513 contrahentium
941 3443 1094 3532 ponenda

155 3540 212 3621 sit,
236 3562 277 3609 an
308 3540 340 3608 in
363 3538 472 3607 verbis
492 3537 704 3621 Sacerdotis,
726 3537 783 3628 qui
804 3537 1039 3607 contrahentes
1061 3534 1096 3602 in
