2642 4175
368 303 412 346 nn
429 303 665 351 utrumnam
681 305 880 352 marnmomr
978 294 1043 353 145

151 401 348 489 ignoranter
365 402 565 473 contraxerit
585 423 660 472 cum
681 403 810 487 ancilla,
835 404 879 474 ita
900 406 988 495 quod
1002 420 1091 496 post·

153 514 255 583 quam
278 493 441 565 intellexit
459 497 683 566 conditionem
699 497 814 587 ipsius,
836 501 1006 569 neoforto
1028 518 1090 572 nec

149 590 252 659 sorbo
274 590 481 661 consenserit
509 591 544 659 in
565 592 743 677 eamdem,
775 592 991 663 contrahendi
1013 615 1089 664 eum

151 684 217 754 alia
232 683 373 752 uberum
394 682 458 774 ipsi
480 685 641 755 concedas
675 686 871 756 auctoritate
902 688 1089 777 apostoliea

154 778 357 847 facultatem.
379 800 394 842 a
415 778 460 845 Ex
480 778 602 867 quibus
633 779 822 848 Canonilms
850 779 1021 870 colligitur
1051 781 1090 850 1ο

152 872 260 941 valida
282 890 355 940 esso
383 872 553 961 coniugia,
577 893 663 962 quae
683 872 771 941 inter
786 873 915 942 servilis
932 875 1093 946 conditio·

152 966 205 1035 nis
235 985 413 1057 personas,
429 966 507 1035 licet
535 965 644 1035 invitis
672 965 837 1050 dominis,
860 980 976 1036 mutuo
1012 989 1092 1038 con·

152 1081 256 1131 sensu
283 1060 537 1128 contrahantur.
574 1059 752 1148 Colligitur
784 1057 821 1126 2⁰
841 1061 1090 1130 matrimonium

152 1156 242 1224 inter
274 1173 387 1222 servos
416 1166 488 1223 tum
516 1154 647 1223 nullum
669 1167 702 1223 et
721 1153 854 1222 irritum
876 1174 965 1238 ease,
990 1176 1093 1245 quan·

152 1250 195 1318 do
216 1247 304 1316 liber
323 1248 490 1316 contrahit
521 1268 595 1316 cum
629 1268 746 1331 servo,
778 1267 878 1337 quem
912 1268 972 1336 per
999 1268 1093 1318 erro·

151 1363 225 1412 rem
259 1361 333 1411 esso
363 1341 508 1411 liberum
539 1342 691 1431 putabat.
721 1342 827 1431 Atque
847 1360 887 1410 ex
916 1344 979 1410 hoc
998 1362 1093 1411 erro·

152 1434 428 1519 reconditionis,
450 1456 510 1504 seu
537 1455 575 1503 ex
600 1435 758 1505 servitute
785 1436 922 1504 alterius
940 1436 1090 1524 ignorata

149 1531 262 1600 oritur
275 1529 554 1617 impedimentum
570 1528 732 1598 dirimens
749 1528 961 1599 conditionis.
980 1529 1102 1611 Quare.

152 1626 219 1694 duo
244 1622 429 1711 copulative
449 1623 673 1711 postulantur,
696 1635 733 1692 ut
752 1623 897 1692 conditio
918 1624 1090 1693 matrimo-

151 1718 247 1787 nium
271 1715 418 1800 dirimat3
441 1716 602 1785 nimirum
625 1718 823 1806 postulatur,
844 1728 881 1785 ut
904 1737 943 1786 ex
959 1730 1091 1786 coutra-

152 1811 313 1882 hentibus
332 1810 415 1878 alter
433 1809 521 1879 liber
538 1810 581 1879 sit
601 1822 634 1881 et
654 1811 739 1881 alter
755 1828 892 1894 servus,
910 1823 943 1879 et
955 1811 1088 1895 deinde,

153 1918 191 1975 ut
211 1906 300 1973 liber
316 1903 448 1993 ignoret
476 1904 669 1974 servitutem
689 1896 837 1985 alt'erius,
860 1905 916 1973 sed
944 1925 1021 1974 eum
1040 1907 1091 1973 in-

153 2019 303 2091 genuum
325 2014 358 2066 et
376 1997 519 2067 liberum
549 1999 648 2089 plane
667 1999 792 2067 credat.
828 1998 913 2065 Hine
943 1999 970 2065 si
1004 1998 1090 2067 liber

153 2094 290 2184 nuptias
312 2114 387 2161 cum
415 2093 557 2161 muliare
582 2093 780 2173 contrahat,
815 2111 915 2180 qoam
938 2094 1091 2161 saltasse

152 2189 320 2270 ancillam,
337 2187 388 2255 vol
407 2187 583 2267 viennense,
608 2198 687 2254 tune
704 2197 737 2253 et
756 2185 884 2252 licitum
901 2196 933 2252 et
945 2184 1089 2252 validum

154 2282 218 2350 erit
238 2280 502 2350 matrimonium.
528 2305 542 2347 a
568 2279 601 2348 Si
631 2279 754 2347 femina
782 2278 946 2366 ingenua,
980 2277 1090 2366 inquit

153 2375 329 2445 Zacharias
349 2373 435 2464 Papa
458 2375 516 2444 cit.
538 2395 610 2463 cap.
632 2373 849 2454 Paonosom,
886 2390 1017 2439 servum
1036 2391 1090 2439 ac·

151 2470 289 2560 ceperit,
324 2468 431 2538 sciens
464 2470 552 2558 quod
590 2487 704 2536 servus
723 2477 821 2549 esset,
838 2465 1087 2535 habeateum.»

198 2565 249 2631 Au
269 2582 347 2630 vero
369 2581 464 2631 error
481 2560 679 2630 conditionis
700 2561 827 2630 servilis
845 2559 952 2648 pariat
984 2558 1090 2648 impe·
1132 2561 1135 2568 “

116 2657 119 2663 ’
152 2657 340 2726 dimentum
357 2656 518 2724 dirimens
541 2655 640 2725 etiam
660 2656 693 2723 in
715 2676 754 2723 eo
779 2676 875 2737 casu,
907 2674 974 2742 quo
994 2673 1090 2721 error

151 2750 195 2820 sit
213 2769 346 2819 crassus
366 2761 400 2819 et
419 2751 541 2831 fatuus,
562 2749 606 2818 ita
628 2761 665 2816 ut
690 2749 848 2817 facillime
880 2748 955 2836 quis
991 2747 1087 2815 illum

153 2844 340 2924 abiecisset,
363 2844 390 2912 si
411 2843 615 2924 attendisset,
636 2854 827 2931 utpotarat,
850 2840 1001 2930 quaestio
1023 2860 1090 2907 ma·

56 2983 61 2990 f
152 2938 240 3007 xima
259 2949 309 3007 ast
329 2936 417 3006 inter
437 2939 600 3006 doctores.
625 2935 687 3017 Qui
708 2948 842 3024 negant,
864 2936 915 3002 his
935 2934 1090 3002 nituntur

153 3030 346 3113 momentis;
369 3031 514 3118 primum
541 3043 607 3109 est,
635 3029 712 3118 quia
735 3030 884 3111 iniuria,
907 3048 993 3118 quae
1011 3047 1090 3094 con·

152 3124 223 3215 iugi
244 3124 413 3214 ignoranti
433 3124 578 3213 irrogata
600 3124 681 3206 luit,
715 3124 764 3191 vel
798 3143 933 3209 prorsus
957 3131 1064 3188 cessat
1078 3171 1097 3199 ‚,

151 3221 202 3288 rel
222 3217 388 3288 levissimo
410 3230 470 3302 est,
493 3218 623 3308 quoties
647 3216 834 3304 ignorantia
854 3234 963 3282 crassa
987 3212 1090 3279 intar-

153 3314 305 3395 cesserit;
328 3313 510 3382 secundum
532 3323 593 3395 est,
615 3311 693 3401 quia
714 3309 811 3377 sicuti
832 3307 902 3375 iura
927 3305 1021 3373 flocci
1042 3304 1091 3373 ia-

154 3406 335 3477 eioutvaui
356 3406 500 3476 hominis
520 3407 674 3475 timorem
691 3403 725 3471 t.
749 3402 868 3470 lletum
889 3399 909 3468 6
929 3400 962 3467 ff.
981 3401 1087 3482 daeo,

153 3504 241 3590 quod
260 3513 370 3570 metus
385 3521 494 3586 causa,
514 3500 558 3569 ita
573 3511 606 3569 et
619 3497 839 3588 imprudentis
854 3496 977 3564 fatuam
995 3493 1090 3582 iguo·

256 3632 296 3684 De
314 3630 476 3684 Matrimonia
991 3627 1024 3674 l0
