2642 4175
496 343 660 393 uranon
678 346 726 390 ω.
968 336 1033 394 523

142 437 379 535 dispositiones
399 463 417 510 a
438 441 613 533 Theologis
633 441 839 532 potissimum
859 444 1082 517 illustrantur.

143 530 267 602 Verum
288 537 376 623 quod
391 536 531 607 infantes
547 550 580 605 et
596 547 756 627 perpetuo
773 550 922 609 amentes
938 553 1077 629 spectat,

142 628 238 697 nulla
257 627 294 694 in
314 630 363 698 eis
380 630 519 701 intentio
538 631 668 699 nullave
688 629 860 722 dispositio
880 634 1079 720 postulatur,

144 732 206 789 aut
239 722 354 793 saltem
388 735 600 813 praesumpta
632 724 783 795 voluutas
815 725 958 809 sullicit;
993 729 1081 818 quod

145 815 365 905 perspicuum
386 829 436 886 est
461 838 500 887 ex
533 817 710 887 traditione
733 829 765 886 et
784 819 875 908 praxi
896 819 1082 903 Ecclesiae;

67 954 73 963 x
145 907 506 999 quaeSacramentum
533 910 689 1000 Baptismi
710 911 835 981 eisdem
861 914 1079 984 administrat.

160 1070 163 1077 ,
195 1000 261 1073 Sed
283 1004 348 1072 iam
361 1026 464 1095 pauca
484 1005 631 1075 dicamus
649 1006 689 1074 dc
703 1005 875 1074 effectibus
889 1005 1082 1076 Sacramen-

143 1107 272 1176 torum‚
295 1097 352 1187 qui
374 1099 551 1188 praecipue
571 1100 757 1178 duosam,
790 1100 894 1186 gratia
916 1111 949 1169 et
968 1100 1085 1169 chara·

145 1200 231 1259 cter.
256 1191 467 1263 Sacramenta
499 1191 635 1271 omnia,
674 1193 957 1281 quemadmodum
984 1215 1085 1283 supra

144 1283 310 1368 diximus,
328 1288 498 1355 continent
509 1286 649 1374 gratiam
663 1306 763 1374 quam
781 1285 980 1373 significant,
998 1307 1086 1356 eam·
1121 1316 1125 1333 ,

145 1398 214 1469 que
242 1399 309 1446 uon
336 1379 536 1467 ponentibus
569 1380 696 1448 obicem
732 1399 864 1468 semper
897 1380 1083 1449 couleru'nt.

144 1472 220 1541 Non
243 1484 354 1540 tamen
385 1473 557 1562 aequalem
578 1472 719 1561 gratiam
751 1485 956 1542 sacramenta
976 1475 1087 1562 specie

145 1565 304 1634 distincta
327 1566 527 1654 largiuntur,
550 1587 625 1634 uam
644 1587 747 1634 unum
770 1566 1018 1638 Sacramentum
1039 1569 1086 1635 al·

145 1671 222 1730 tero
244 1671 294 1729 est
313 1660 458 1748 dignius,
473 1661 574 1749 idque
593 1661 626 1728 in
647 1659 853 1730 Eucharistia
876 1660 1085 1749 manifestum

146 1765 209 1836 est,
242 1773 328 1841 quae
361 1754 496 1823 realiter
526 1755 560 1822 in
586 1774 622 1823 se
646 1753 794 1822 continet
824 1755 946 1822 fontem
979 1756 1088 1823 omnis

130 1845 292 1934 gratiae.
326 1845 441 1936 Neque
472 1851 570 1915 etiam
599 1847 714 1915 eadem
745 1847 850 1934 gratia
879 1846 912 1914 in
933 1849 1091 1916 omnibus

150 1938 377 2033 sacramentis
411 1940 620 2020 infunditur,
658 1939 824 2027 siquidem
850 1937 1036 2026 Baptismus
1056 1955 1111 2021 et,

147 2032 360 2106 Paenitentia
394 2033 536 2124 primam
558 2032 699 2122 gratiam
732 2053 791 2101 seu
820 2031 1085 2102 iustificationem
1117 2084 1120 2098 ,

148 2128 257 2218 ipsam
279 2128 466 2210 conserunt,
489 2148 554 2217 qua
586 2127 626 2196 de
645 2146 682 2194 re
704 2124 914 2198 Sacramenta
943 2138 1088 2195 mortuo-

149 2242 226 2291 rum
249 2222 430 2304 dicuntur,
465 2221 542 2310 quia
569 2219 730 2310 primario
758 2218 905 2287 instituta
931 2231 1008 2288 sunt
1028 2241 1089 2308 pro

150 2314 201 2398 iis,
228 2315 287 2405 qui
310 2336 368 2404 per
389 2325 558 2405 peccatum
582 2315 649 2382 sire
670 2312 853 2401 originale,
874 2312 941 2382 sire
959 2314 1089 2383 actuale

149 2409 270 2498 privati
291 2409 404 2498 gratia,
414 2420 447 2478 et
463 2406 683 2498 spiritualiter
697 2406 819 2474 mortni
834 2406 991 2474 existunt.
1006 2405 1086 2475 Cae·

150 2513 224 2572 tera
254 2523 331 2572 vero
368 2501 580 2572 Sacramenta
612 2499 882 2570 iustificationem
912 2511 1087 2589 augentet

150 2596 348 2685 perficiunt3
370 2595 512 2686 ideoque
532 2595 746 2667 Sacramenta
763 2594 914 2662 uiuorum
927 2594 1083 2677 audiant,

150 2690 241 2779 quod
263 2710 322 2778 pro
341 2689 380 2759 iis
400 2690 548 2760 instituta
569 2700 669 2770 sunt,
703 2688 760 2778 qui
788 2688 1006 2777 spiritualiter
1025 2709 1085 2777 per

151 2782 293 2871 gratiam
312 2782 435 2853 vivunt.
453 2782 598 2852 Gratiam
617 2803 695 2851 vero
712 2783 807 2850 istam
829 2801 894 2849 non
911 2781 1086 2850 conterunt

152 2875 363 2947 Sacramenta
384 2897 533 2965 caepere
564 2875 753 2965 operantis,
791 2872 854 2941 hoc
877 2885 927 2941 est
956 2872 1085 2944 ratione

127 2969 129 2972 ’
151 2967 477 3061 honioperisouod
499 2968 671 3058 peragitur
695 2966 736 3036 ab
757 2964 909 3047 homine,
931 2975 1010 3053 puta
1032 2987 1085 3035 ra·

151 3064 244 3150 tione
264 3065 353 3145 tidei,
375 3060 530 3152 pietatis,
552 3073 610 3130 aut
629 3041 740 3130 meriti
759 3058 996 3147 suscipientis,
1027 3061 1084 3129 sed

152 3178 192 3230 aa
210 3179 304 3249 epcrc
322 3165 462 3247 operato,
480 3155 543 3224 hoc
562 3167 613 3225 est
631 3154 753 3224 virtute
774 3151 1084 3242 operissacramen·

151 3252 240 3334 ratis,
261 3272 320 3324 seu
340 3250 445 3340 ipsius
461 3247 684 3331 Sacramenti,
706 3248 794 3338 quod
809 3246 873 3316 rite
889 3245 1018 3314 homini
1032 3267 1086 3336 ap·

152 3344 393 3433 plicatur„Nec
410 3354 584 3435 propterea
616 3342 793 3411 dicendum
824 3352 875 3411 est
893 3339 993 3408 etiam
1017 3360 1084 3410 nou

151 3437 327 3529 dispositos
343 3436 560 3516 sanctificari;
584 3456 661 3505 nam
675 3431 847 3525 dispositio
861 3432 1084 3523 suscipientis,

150 3533 299 3621 quamvis
318 3530 444 3601 nonsit
463 3549 562 3604 causa
584 3529 729 3599 alliciens
752 3528 896 3617 gratiae,
919 3539 976 3596 ant
995 3539 1082 3596 tam·
