2642 4175
359 354 449 400 ou
467 353 598 399 uernat
617 353 815 400 ιιιιιιιιιοιιιι
967 343 1008 399 l‘
998 342 1033 400 5

136 452 266 560 sigillis
292 451 487 558 obsignatus
516 470 700 541 numquam
721 451 865 558 patiatur
899 452 1083 542 Episcopus

137 544 281 637 aperiri,
298 544 363 614 nisi
384 545 433 612 vel
454 544 518 613 alia
539 544 572 613 id
589 562 696 633 genus
709 545 933 629 matrimonia,
952 558 1009 615 out
1027 547 1079 615 ba·

138 639 297 730 ptismata
332 637 550 711 describenda
570 640 663 717 sint,
682 638 732 707 val
752 639 785 708 id
805 638 912 727 exigat
933 638 1080 709 iustitiae

140 731 426 802 administrandae
444 730 646 813 necessitas,
668 732 717 803 vel
735 732 869 822 aliquod
899 734 1079 802 documen·

142 838 216 895 tum
237 836 416 915 exposcant
437 844 551 893 verum
572 823 734 895 interesse
755 825 926 908 habentos,
957 825 1081 915 quibus

142 918 381 1009 probationum
403 917 553 989 aliunde
573 918 793 1006 petendarum
830 939 897 987 non
926 931 1079 1008 suppetat

143 1012 267 1102 copia;
289 1030 395 1100 reque
425 1010 576 1080 absoluta
595 1010 706 1080 denuo
727 1011 902 1080 claudendi
923 1023 1026 1093 sunt,
1046 1022 1080 1079 et

142 1105 276 1193 sigillis,
298 1115 335 1172 ut
352 1114 461 1186 antea,
483 1103 696 1192 obsignandi.
716 1104 821 1173 Porro
846 1103 1082 1174 contrahentes

143 1198 221 1288 ipsi,
244 1208 358 1280 testes,
381 1206 414 1265 et
433 1195 627 1286 Episcopus,
653 1217 692 1266 ao
717 1197 894 1287 parochus,
916 1218 976 1266 seu
996 1196 1082 1264 alius

143 1292 325 1373 sacerdos,
348 1291 406 1379 qui
437 1289 649 1358 matrimonio
679 1290 842 1373 interluit,
864 1289 988 1360 silentii
1007 1290 1092 1377 lege„

146 1382 428 1472 obstringuntur,
453 1395 521 1451 tum
551 1383 629 1472 quia
650 1382 684 1450 in
703 1396 908 1453 secretorum
927 1382 1082 1453 commis·

146 1479 242 1546 sione
261 1475 431 1546 silentium
448 1476 547 1546 tacite
567 1488 712 1546 exactum
734 1489 768 1547 et
783 1477 983 1566 promissum
1005 1496 1082 1546 cen·

145 1582 252 1652 setur,
269 1580 340 1639 tum
360 1568 437 1658 quia
453 1570 526 1656 lege
540 1569 773 1655 ecclesiastica,
792 1591 851 1640 seu
869 1592 906 1640 ex
921 1571 979 1639 cit.
993 1569 1078 1638 Con·

145 1670 256 1734 stitut.
280 1662 448 1732 Benedicti
467 1661 535 1730 xlv
552 1663 712 1751 obligatio
732 1663 937 1733 custodiendi
959 1662 1082 1732 silentii

145 1755 271 1826 indicta
287 1769 361 1825 est:
385 1756 462 1823 dnm
483 1755 571 1823 enim
590 1755 624 1825 in
638 1759 708 1847 ipsa
725 1757 838 1826 Const.
860 1755 1021 1847 excipitur
1034 1776 1086 1823 ca·

145 1872 217 1933 sus,
241 1870 307 1938 quo
329 1847 580 1921 matrimonium
599 1852 821 1939 evulgandum
841 1849 906 1934 sit,
929 1850 1008 1919 satis
1027 1869 1084 1917 su·

145 1963 276 2033 perque
309 1941 470 2013 evincitur
500 1941 640 2031 reliquis
673 1943 803 2013 casibus
822 1942 1083 2029 custodiendum

149 2058 233 2107 esse.
246 2035 325 2104 Vult
342 2046 452 2106 autem
470 2033 619 2108 Pontifex
635 2036 885 2105 matrimonium
901 2057 939 2105 eo
958 2035 992 2103 in
1005 2054 1084 2103 casu

149 2129 323 2218 evulgari,
346 2149 412 2217 quo
433 2128 563 2197 soboles
583 2142 756 2218 procreata
776 2129 939 2217 baptizata
960 2128 1082 2207 inerit,

147 2225 199 2292 vel
220 2221 389 2304 reficitis,
411 2223 460 2292 vel
480 2222 563 2290 falso
597 2221 760 2310 expressis
779 2234 956 2309 parentum
977 2219 1085 2287 norni-

148 2316 275 2399 nibus,
297 2327 330 2384 ct
351 2314 412 2404 ipsi
433 2327 587 2403 parentes
609 2315 695 2383 intra
724 2314 797 2383 dies
816 2311 861 2382 30
881 2334 898 2381 a
916 2311 1088 2382 nativitato

149 2408 389 2488 numerandos,
409 2408 458 2475 rel
479 2408 697 2491 immediate,
720 2407 771 2477 vel
791 2427 852 2496 per
871 2428 906 2476 se
928 2406 1016 2495 ipsos
1036 2405 1086 2473 vel

149 2523 209 2590 per
228 2502 359 2570 litteras
394 2520 511 2569 eorum
539 2500 731 2571 charactere
763 2512 935 2583 exaratas,
957 2500 1006 2568 vel
1027 2518 1087 2587 per

150 2614 330 2683 personam
350 2593 414 2662 lide
436 2592 569 2681 dignam
589 2595 629 2664 ab
647 2594 772 2663 eisdem
786 2594 991 2681 designatam
1008 2590 1085 2680 Epi-

150 2709 290 2777 scopum
312 2686 490 2755 certiorem
522 2707 587 2755 non
616 2687 779 2770 fecerint,
802 2689 929 2776 prolem
955 2686 1087 2776 ipsam,

149 2802 255 2887 quae·
258 2780 318 2850 tali
339 2780 412 2849 loco
433 2790 466 2847 et
485 2790 646 2869 tempore,
670 2780 831 2860 reticitis,
852 2793 909 2849 aut
928 2780 1009 2848 falso
1030 2797 1085 2846 ex-

148 2874 275 2963 pressis
294 2871 487 2942 nominibus
505 2885 704 2961 parantum,
732 2873 896 2962 baptizata
917 2884 989 2954 est,
1012 2890 1086 2940 esse

149 2968 349 3057 legitimam,
366 2966 445 3033 licet
458 2985 496 3033 ex
514 2967 635 3034 occulti
659 2966 861 3034 matrimonii
880 2966 1013 3034 foedere
1029 2983 1086 3031 su-

72 3071 80 3090 *
151 3072 313 3149 saeptam
347 3058 467 3127 Verum
497 3059 636 3147 praelati
659 3080 755 3128 casus
775 3060 859 3128 laeta
875 3081 903 3127 a
924 3056 1085 3127 Pontriirr

150 3152 279 3221 mentio
299 3172 366 3220 non
399 3151 507 3221 obstat
493 3153 731 3241 t‚quominus
751 3151 808 3222 alii
840 3172 935 3220 casus
970 3151 1085 3217 adesse

151 3247 294 3351 possint
315 3243 485 3350 inquibus
505 3244 753 3314 matrimonium
769 3244 876 3332 palam
898 3242 1085 3311 laciendum

151 3338 220 3407 sit:
247 3358 395 3427 «neque
415 3337 503 3407 enim
521 3339 635 3426 leges,
658 3357 769 3427 neque
796 3333 1085 3405 Senatusconsulta

152 3430 197 3499 ita
215 3430 316 3499 scribi
334 3443 482 3519 possunt,
503 3443 539 3500 ut
556 3450 672 3500 omnes
686 3451 793 3513 casus,
812 3453 869 3519 qur
862 3428 1086 3537 quandoque

151 3522 345 3605 inciderint,
358 3522 696 3614 comprehendantur.
722 3548 736 3590 ι
754 3523 903 3613 lgrtur
878 3545 905 3593 sr
926 3525 1089 3593 alteruter
