2642 4175
275 374 319 430 70
623 384 724 429 carun
742 384 764 427 1.

226 501 299 557 tum
322 496 389 569 est,
412 497 445 555 et
465 504 526 573 pro
546 483 698 572 negativa
724 482 888 552 sententia
912 481 1048 551 affertur
1066 503 1167 571 argu-

230 590 401 663 mentum,
425 579 513 667 quod
533 598 675 667 sponsus
695 597 760 646 non
783 576 819 645 iit
837 574 1029 646 notabiliter
1055 575 1163 660 vilior,

229 693 293 742 nec
317 672 385 741 ulla
405 683 483 741 nota
515 682 573 739 eut
601 669 784 759 ignominia
804 682 856 739 est
882 667 1025 738 laminae
1057 669 1165 738 virtum

231 767 378 849 ducere,
399 765 458 855 qui
488 763 587 833 aliam
607 763 771 853 cognovit,
795 776 832 833 ut
860 762 908 832 ait
928 760 1086 831 Sancbez.
1105 762 1166 832 Ve-

232 879 307 928 rum
326 856 488 929 sententia
509 857 703 926 affirmativa
723 877 809 946 quae
839 855 979 944 asserit,
1011 876 1165 945 sponsam

233 953 268 1021 ia
289 954 360 1022 loro
380 950 602 1022 conscientiae
619 971 687 1019 nou
706 971 856 1040 peccare,
875 948 902 1017 si
922 948 1077 1032 resiliret,
1097 970 1167 1017 rna·

232 1045 283 1134 gis
297 1044 443 1116 iustitiae
457 1056 679 1114 censentanea
694 1044 835 1127 videtur,
845 1055 915 1112 tum
926 1042 1003 1133 quia
1012 1042 1168 1112 notabilis

234 1139 373 1209 mutatio
391 1138 508 1208 inviro
523 1138 650 1207 detecta
665 1148 768 1217 estet
781 1137 910 1206 nulium
928 1148 978 1205 est
989 1135 1168 1205 discrimen

233 1232 322 1302 inter
352 1230 533 1302 notabilem
556 1229 773 1299 mutationem
807 1242 840 1299 et
859 1229 1164 1314 circumstantiam,

234 1347 320 1415 quae
347 1324 557 1414 sponsalibus
580 1324 794 1413 supervenit,
818 1337 851 1393 et
871 1344 942 1393 eam
964 1342 1050 1412 quae
1076 1322 1168 1411 prius

235 1418 417 1500 exstiterit,
438 1417 496 1486 sed
515 1415 617 1485 inerit
645 1416 820 1504 ignorata,
842 1428 910 1486 turn
932 1416 1010 1506 quia
1031 1418 1168 1486 honesta

233 1512 326 1600 virgo
356 1531 423 1580 nnn
444 1530 549 1599 aeque
570 1508 713 1578 intendit
740 1510 867 1580 nubere
897 1510 967 1578 uiro
987 1510 1165 1599 impudico,

236 1625 273 1674 ac
290 1604 423 1692 pudico.
440 1603 519 1672 Vide
535 1602 599 1671 Van
615 1603 675 1671 der
690 1603 812 1673 Velden
826 1603 935 1672 Princ.
951 1604 1066 1672 Theoi.
1083 1624 1166 1672 mor.

235 1698 260 1766 l.
283 1697 316 1781 i,
338 1718 372 1766 n.
395 1694 461 1765 uli
483 1709 515 1766 et
535 1716 620 1786 quiae
638 1696 805 1767 habentur
823 1698 839 1787 ᾗ
856 1698 1021 1788 sequenti.

655 1923 672 2012 ς
691 1921 749 1991 ee.

280 2078 325 2136 lie
342 2077 546 2138 dissolutione
564 2079 604 2138 ob
622 2078 825 2138 mutationem
843 2079 950 2152 enimi,
968 2078 1125 2152 corporis,

566 2173 617 2231 uel
636 2174 846 2231 fortunarum.

281 2351 372 2421 Nona
393 2373 492 2421 causa
526 2364 576 2421 est
607 2351 748 2427 mutatio
777 2352 903 2435 animi,
925 2350 1097 2440 corporis,
1123 2352 1172 2418 vel
1300 2430 1301 2433 Ἴ

235 2445 457 2528 fortunarum,
478 2445 580 2515 ueluti
599 2446 626 2514 si
640 2467 780 2535 sponsus
800 2457 857 2515 aut
876 2465 995 2535 sponsa
1013 2442 1170 2513 comitiali

235 2537 364 2620 morbo,
391 2538 495 2626 lepra,
515 2539 677 2631 paralysi,
701 2551 758 2609 aut
785 2539 848 2609 alia
869 2538 959 2628 graui
987 2550 1021 2607 et
1039 2537 1171 2605 incura-

235 2630 293 2699 bili
315 2629 509 2701 infirmitate
526 2633 773 2721 corripiantur,
802 2633 830 2701 si
856 2631 994 2703 notabili
1014 2629 1169 2699 deformi·

233 2733 324 2805 tate,
345 2723 445 2793 veluti
469 2724 496 2792 si
526 2725 701 2816 utriusque
733 2728 784 2795 vel
804 2727 904 2795 unius
934 2724 1021 2794 oculi
1043 2724 1167 2792 iactura

234 2817 449 2900 mulctentur,
469 2818 497 2887 si
515 2818 712 2903 latrociniis,
733 2819 961 2902 ebrietatibus,
975 2817 1065 2900 rixis,
1080 2828 1113 2885 et
1125 2816 1169 2885 si-

235 2909 369 2989 milibus
387 2909 475 2981 vitiis
500 2915 538 2981 se'
555 2912 719 2996 dederint,
739 2925 797 2982 aut
816 2914 949 2983 demum
970 2911 998 2980 si
1019 2931 1058 2979 ex
1074 2920 1167 2999 parte

234 3002 399 3071 bonorum
433 3005 586 3075 fortunae
619 3007 660 3075 ad
700 3006 870 3076 interitum
905 3003 1166 3095 properaverint.

234 3094 395 3166 Omnibus
412 3118 533 3187 nempe
553 3099 762 3187 pactionibus
780 3110 899 3170 natura
916 3119 974 3169 sua
991 3098 1078 3167 inest
1096 3116 1169 3165 con·

233 3189 314 3259 ditio
337 3215 353 3258 c
371 3191 473 3260 rebus
494 3191 539 3261 ita
568 3193 733 3262 stantibus
741 3216 750 3277 ;
769 3217 784 3260 i
808 3190 1038 3279 multomagis
1061 3190 1094 3259 id
1114 3209 1168 3258 va-

233 3283 302 3352 lere
322 3284 421 3353 debet
437 3284 471 3353 in
491 3286 712 3374 sponsalibus,
734 3307 821 3377 quae
842 3298 959 3355 mutuo
979 3303 1094 3353 amore
1113 3304 1168 3351 su·

232 3375 410 3446 stinentur.
447 3377 520 3449 Non
554 3379 662 3449 solum
698 3392 809 3449 autem
841 3378 981 3449 mutatio
1014 3375 1168 3446 notabilis

233 3468 387 3539 eveniens
407 3481 440 3540 et
455 3492 522 3541 non
539 3473 713 3562 praescita,
734 3474 792 3544 sed
817 3493 933 3543 omnes
951 3491 1087 3562 quoque
1105 3469 1168 3538 cir·

233 3566 450 3662 cumeteutiee
468 3577 563 3636 antea
585 3567 785 3655 incognitae,
809 3587 896 3657 quae
918 3563 1167 3636 matrimonium
