2642 4175
441 367 483 409 un
501 366 632 412 unauna
649 369 849 415 marmanum
1001 362 1066 418 109

604 583 693 674 sse.

301 748 346 804 lta
364 749 592 808 oandttdontbus
611 753 807 811 Hammonis
821 758 985 827 appositis.

221 929 432 1001 Matrimonia
453 933 496 1001 ob
515 931 719 1002 Sacramenti
748 934 966 1003 reverentiam
987 946 1020 1004 et
1039 937 1112 1025 piu·

171 1027 268 1095 rium
289 1024 576 1095 incommodorum
596 1026 743 1115 pericula
765 1048 848 1115 pure
868 1037 902 1096 et
917 1027 1115 1116 simpliciter

176 1119 379 1188 celebranda
400 1132 494 1201 sunt,
514 1141 623 1208 neque
643 1142 660 1187 a
682 1119 838 1189 Paroehis
857 1120 1029 1189 ferendum
1049 1135 1110 1206 est,

173 1225 213 1281 ut
230 1233 341 1281 eoram
360 1232 396 1280 se
413 1212 475 1281 sub
490 1213 555 1280 atla
570 1213 759 1282 conditione
777 1213 942 1283 ineantur.
961 1215 1110 1283 Attamen

170 1326 236 1374 neo
260 1304 351 1374 Sacri
381 1305 553 1389 Canunes;
576 1327 638 1376 nae
665 1307 734 1396 ipsa
763 1319 880 1376 natura
908 1306 1111 1377 matrimonii

173 1399 312 1468 omuino
331 1398 528 1488 impediunt,
553 1400 732 1488 quominus
749 1400 923 1470 consensui
945 1400 1114 1470 matrimo-

170 1491 256 1561 niali
282 1494 447 1582 quaedam
481 1493 687 1564 conditiones
721 1507 940 1583 apponantur.
959 1493 1128 1587 Conditio

171 1597 285 1672 autem
307 1585 530 1655 communiter
554 1586 713 1656 definitur
740 1588 882 1676 qualitas
903 1587 1113 1676 dispositioni

171 1700 233 1748 seu
247 1679 336 1747 actui
356 1680 496 1762 adiecta,
520 1681 770 1770 dispositionem
791 1681 907 1771 ipsam,
922 1701 982 1749 seu
1001 1692 1112 1751 actum

172 1771 208 1840 in
227 1772 366 1841 dubium
391 1773 540 1841 futurum
562 1785 714 1843 euentum
743 1776 964 1863 suspendens,
984 1795 1034 1843 ex.
1057 1795 1109 1862 gr.

171 1865 335 1934 contraho
356 1866 489 1948 tecum,
512 1868 538 1936 si
560 1868 651 1936 naris
672 1889 710 1936 ex
728 1867 821 1935 ludia
844 1868 981 1937 venerit.
1005 1867 1111 1955 igitur

175 1982 190 2023 a
213 1980 291 2028 vera
311 1960 457 2028 conditio
475 1960 509 2028 in
530 1962 679 2030 futurum
698 1960 903 2049 ooucipitur;
926 1981 1003 2029 uam
1025 1982 1112 2050 quaa

172 2051 204 2120 in
225 2053 469 2142 praeteritum,
493 2067 550 2124 aut
568 2074 727 2144 praesens
747 2066 880 2142 tempus
897 2053 1108 2142 coneipitur,

169 2146 328 2234 figuram,
351 2168 417 2215 uon
434 2148 496 2216 vim
515 2147 715 2217 conditionis
734 2146 891 2227 eontinet,
915 2170 928 2210 r
949 2157 986 2213 ut
1003 2147 1112 2235 ioqui-

169 2250 224 2307 tur
241 2240 277 2308 L.
303 2239 337 2322 6,
356 2240 389 2307 ff.
409 2241 448 2309 de
469 2241 610 2310 Haered.
633 2240 737 2310 instit.
753 2239 974 2319 Quamobrem
996 2237 1023 2304 si
1045 2260 1111 2307 rna·

170 2333 368 2402 trimonium
388 2334 452 2402 sub
470 2335 659 2403 conditione
686 2335 719 2402 in
739 2353 914 2422 praesens,
937 2343 995 2399 aut
1014 2351 1111 2419 prae·

172 2426 308 2497 teritum
328 2437 457 2515 tempus
474 2440 631 2517 concepta
654 2428 796 2510 ineatur,
824 2426 923 2495 veluti
946 2426 1109 2495 contraho

169 2532 302 2604 tecum,
326 2520 352 2588 si
373 2520 471 2589 Pater
492 2532 567 2590 tuus
587 2522 708 2590 Consul
728 2520 801 2602 tuit,
824 2532 880 2589 aut
899 2519 1020 2589 Consul
1040 2521 1108 2589 eie·

170 2624 240 2681 etus
258 2626 320 2696 est,
335 2613 444 2682 statim
461 2616 709 2685 matrimonium
724 2615 831 2702 ipsum
847 2624 904 2681 aut
917 2626 1038 2695 ratum,
1051 2627 1108 2682 aut

168 2707 299 2774 nulium
321 2719 380 2789 est,
403 2708 589 2796 quaeeuim
612 2707 787 2778 iantcerta
806 2719 901 2790 suut,
924 2706 1001 2775 lieet
1019 2709 1107 2794 apud

167 2819 229 2867 nos
248 2799 399 2882 ineerta,
422 2801 657 2888 obligationem
684 2821 749 2869 non
770 2812 966 2884 morantur,
993 2797 1107 2869 videli-

169 2907 221 2962 eet
234 2894 286 2961 vel
304 2892 449 2962 conditio
464 2895 597 2978 exstitit,
614 2909 645 2964 et
660 2915 839 2965 consensus
853 2896 956 2975 adest;
972 2892 1021 2959 vet
1038 2912 1106 2960 non

169 2985 304 3070 exstitit,
322 2998 356 3055 et
374 3007 552 3056 consensus
572 2990 675 3060 deest:
692 2988 919 3057 tantummodo
934 2986 1107 3072 suspendi-

170 3091 223 3147 tur
239 3080 443 3148 matrimonii
460 3102 556 3164 usus,
577 3083 682 3151 donee
700 3083 903 3170 exploratum
918 3079 1036 3159 suerit,
1061 3100 1102 3146 an

169 3172 316 3243 conditio
329 3193 445 3262 reapse
466 3174 628 3244 exstiterit
640 3176 688 3244 vet
703 3196 769 3243 uon
783 3174 957 3242 exstiterit.
975 3168 1107 3238 Pariter

168 3267 376 3336 conditiones
390 3269 606 3352 necessariae,
622 3288 680 3337 seu
700 3268 733 3335 iu
754 3288 813 3334 sua
828 3286 926 3334 causa
946 3261 1103 3331 determi-

167 3371 275 3444 natae,
292 3360 542 3430 matrimonium
560 3381 626 3430 nun
640 3361 857 3448 suspendunt,
876 3356 952 3447 quia
966 3378 1025 3445 pro
1040 3355 1104 3423 exi-

166 3455 329 3524 stentibus
347 3454 414 3522 iam
436 3454 610 3540 hahentur,
634 3454 681 3523 uti
712 3452 890 3534 contraho,
913 3449 940 3518 si
960 3452 1007 3518 soi
1028 3472 1101 3520 cras

165 3547 305 3635 oriatur,
329 3548 483 3638 aliaeque
504 3549 604 3626 huius
623 3552 767 3639 generis.
786 3546 862 3636 Lag.
878 3544 1028 3633 Pupillus
1048 3542 1069 3609 9
1085 3548 1104 3621 ξ
