2642 4175
242 313 308 371 510
552 324 716 371 sirannus
735 324 769 367 11.

192 437 295 490 rogare,
312 428 465 487 atrapens
483 424 653 487 impedimento
670 419 775 471 Soaetm
790 419 858 470 Setis
874 419 1024 482 dispensatio
1038 432 1131 479 proec-

193 502 273 550 rotor.
304 497 350 551 vet
383 507 468 567 posset
496 499 553 566 ipss
576 497 608 548 ad
637 497 758 549 Maiorem
782 497 1012 547 Poeuitentiarium
1035 493 1131 549 Romae
1212 552 1221 566 ⁴

192 590 282 642 preces
293 592 352 626 suas
369 575 440 627 darc.
460 576 529 627 ilaec
544 584 631 628 autem
650 576 677 625 in
695 575 745 625 iam
758 575 825 625 datis
837 573 959 642 precibus
971 584 1035 627 tuuc
1047 574 1132 624 iorent

193 650 332 702 mutanda:

230 725 259 775 i⁰
277 727 350 778 loeo:
369 726 558 790 illustrissime,
573 724 626 778 etc.
643 726 787 777 scribatur:

227 799 437 855 limirrentissime
452 820 482 855 oc
495 803 720 855 Reverendissime
737 803 856 854 Domine.

226 878 258 927 2⁰
276 879 342 931 ioco:
360 878 448 945 Quare
460 879 618 940 humillime,
636 887 688 930 cio.
707 879 853 933 scribatur:

227 954 315 1021 Quare
331 957 478 1009 humillime
500 956 629 1024 supplicat
649 954 809 1008 Eminentius
827 964 937 1018 vestrae,
956 965 988 1009 ut
1004 971 1084 1023 super
1100 970 1129 1004 eo

195 1030 381 1098 impedimento
399 1048 459 1084 oum
483 1032 536 1099 ipsa
555 1031 705 1100 dispensare
725 1031 860 1100 dignetur.

230 1107 260 1158 5⁰
281 1107 437 1161 Addeudum
457 1108 539 1158 iorct:

229 1183 360 1252 Dignatur
377 1183 524 1236 Eminentia
542 1183 634 1236 Vestra
654 1199 805 1251 responsum
819 1183 882 1236 dare
898 1183 949 1237 ad:

607 1259 683 1311 .Hoc
702 1260 782 1327 igitur
799 1261 856 1311 loco
873 1269 994 1312 accurate
1012 1258 1131 1326 designe-

196 1345 239 1386 tur
256 1336 389 1404 inscriptio
407 1336 531 1402 epistolae
544 1336 723 1401 (l’inrlirizzo).

229 1414 260 1464 1⁸⁰
278 1414 455 1485 Coniessarius
476 1412 648 1481 expeditionis
669 1422 788 1480 sumptus
800 1415 856 1482 ipse
873 1415 956 1467 solvat
973 1421 1001 1465 ct
1014 1415 1048 1464 ita
1066 1411 1134 1462 litte·

195 1504 284 1540 rarum
300 1504 373 1539 suam
390 1487 586 1555 inscriptionem
598 1488 732 1540 conficiat:

195 1609 395 1660 Erninrntirstnro
413 1623 443 1657 oe
460 1605 669 1659 Reverendissirno
689 1610 806 1672 Domino,
821 1609 914 1660 Maiori
932 1610 1134 1670 Paenitentiorio,

813 1703 932 1755 Romam.

95 2024 99 2039 '
196 2007 290 2077 XVli.
313 2007 474 2076 Fortunio
504 2012 638 2099 petendi
655 2011 950 2080 consolidationem
969 2013 1136 2102 dispenso·

244 2105 364 2184 tionis,
384 2122 467 2192 quoe
497 2104 593 2173 rotoilo
611 2113 656 2172 est
675 2108 712 2172 ob
732 2108 890 2173 incestum
908 2107 1075 2173 solicitum
1100 2107 1135 2173 in

203 2263 205 2268 ,
239 2198 400 2285 paccione,
419 2203 478 2263 atti
492 2206 664 2287 patratam
683 2200 906 2267 veliterninus
922 2207 995 2287 post
1015 2201 1132 2266 missos
1163 2237 1168 2240 <

241 2311 350 2377 preces
369 2299 399 2357 ct
416 2296 491 2358 onte
507 2292 760 2379 dispensationis
775 2294 1020 2373 concoctionem,
1036 2293 1087 2360 oei
1100 2293 1137 2359 ob
1196 2296 1198 2302 ’

245 2383 337 2467 [alsa.
353 2385 531 2470 attepotom
548 2385 698 2473 copulam
714 2384 881 2451 carnalem
900 2386 1020 2474 aisque
1039 2386 1137 2473 culpo

246 2483 436 2556 oratorum,
463 2479 515 2545 vel
534 2478 571 2544 ob
598 2478 761 2544 reticitom
785 2478 868 2544 bono
886 2478 949 2564 fide
968 2485 1135 2545 oratorum

247 2568 447 2672 malitiosam
471 2571 706 2651 intentionem,
733 2591 799 2659 qao
825 2572 966 2638 irscestots
987 2571 1056 2655 soit
1078 2572 1138 2638 od-

247 2680 377 2729 niueos.

286 2858 509 2930 illustrissime
528 2881 567 2928 ao
585 2861 869 2933 Reverendissime
886 2863 1049 2946 Domine,
1094 2843 1101 2850 ’

250 3011 355 3081 Titius
375 3023 408 3081 et
426 3011 522 3093 Titia,
540 3012 703 3081 Diocaesis
721 3026 853 3084 nostrae
867 3016 1003 3097 subditi,
1027 2985 1136 3084 matli-

205 3107 354 3174 monium
367 3106 401 3174 in
414 3105 530 3174 faciem
545 3106 711 3175 Ecclesiae
728 3107 813 3183 inire
827 3110 966 3198 cupiunt
982 3128 1056 3176 curn
1078 3108 1135 3176 ob·

204 3210 294 3267 lenta
312 3198 556 3287 dispensatione
580 3198 615 3266 in
645 3198 881 3288 impedimento
901 3201 1135 3289 consanguini-

205 3292 304 3372 tatis,
333 3292 383 3360 vcl
403 3291 569 3360 affinitatis
589 3312 626 3360 ex
646 3294 763 3380 copula
786 3295 1045 3377 matrimoniali,
1069 3293 1135 3385 (trio

205 3383 401 3471 exprimitur
431 3386 553 3472 gradus
566 3384 591 3474 l,
614 3386 766 3473 publicae
786 3386 990 3470 honestatis,
1012 3386 1062 3455 vel
1082 3407 1136 3454 eo·

203 3475 372 3562 gnationis
391 3477 585 3565 spiritualis.
608 3480 648 3546 At
667 3500 743 3547 vero
768 3479 942 3568 impetrata
967 3482 1136 3569 dispensa·
