2642 4175
354 382 398 426 nn
415 382 694 429 procur-marmus
713 384 912 430 nnrnrnonn
986 374 1052 434 393

590 600 607 689 §
620 597 677 667 74.

333 853 339 864 ⁴
379 767 451 824 ·1tc
468 766 645 838 Primoula
663 767 860 827 stannum.

209 943 282 1012 [tuo
304 954 382 1013 sunt
402 944 488 1015 circa
510 943 737 1036 Potpgamiam
758 945 990 1017 simuitaucam
1013 960 1100 1019 certa

159 1048 195 1107 et
219 1037 390 1125 enpiorata
412 1039 500 1127 apud
525 1039 712 1127 Theologos
741 1050 774 1108 et
805 1059 974 1109 sacrorum
996 1040 1103 1110 Cano-

160 1151 243 1199 num
267 1129 483 1219 Interpretes.
507 1131 655 1201 Primum
671 1144 721 1201 est
737 1132 827 1221 quod
844 1152 1008 1221 nusquam
1031 1132 1103 1204 iure

160 1235 303 1295 naturae
317 1224 445 1294 licitum
466 1224 586 1308 inerit,
609 1238 666 1295 aut
680 1246 752 1297 essa
766 1224 871 1314 possit
886 1225 944 1293 uni
960 1226 1104 1296 feminae

162 1317 280 1405 plures
292 1317 391 1387 sim'ul
404 1318 527 1389 habere
541 1319 690 1389 maritos.
707 1318 803 1388 Ratio
817 1330 931 1407 aperta
946 1320 1103 1410 est,quia

162 1409 195 1477 id
212 1431 272 1499 per
286 1430 321 1481 se
338 1431 377 1480 ac
390 1412 517 1483 directe
535 1424 660 1501 pugnat
680 1424 793 1481 contra
816 1411 1011 1500 primarium
1033 1415 1104 1484 mn·

163 1503 312 1573 trimonii
335 1504 446 1587 tinem,
463 1512 584 1596 nempe
604 1504 751 1575 filiorum
772 1505 1049 1594 procreationem,
1072 1520 1106 1577 et

163 1595 409 1667 educationem.
431 1599 471 1667 Et
485 1619 565 1668 sane
586 1599 757 1682 mulieres,
778 1619 865 1689 quae
884 1599 1036 1688 pluribus
1049 1621 1105 1671 co·

162 1690 323 1778 putantur
341 1691 431 1774 uiris,
447 1704 505 1762 aut
523 1713 715 1782 nunquam,
737 1705 795 1763 aut
809 1713 886 1762 raro
901 1694 1104 1783 concipiunt,

164 1795 202 1852 ut
215 1795 308 1873 palat
321 1783 354 1855 iu
369 1784 615 1858 meretricibus.
625 1785 739 1855 Proles
751 1807 841 1869 vero,
857 1785 884 1855 si
898 1787 983 1857 forte
994 1808 1106 1859 nasca-

167 1887 221 1945 tur
240 1878 408 1967 exaliqua
428 1879 582 1962 muliere,
600 1900 686 1969 quae
704 1879 856 1966 pluribus
875 1877 954 1948 viris
969 1880 1021 1949 sui
1036 1903 1106 1951 cor·
1139 1904 1146 1911 ’
1203 1949 1208 1955 .

169 1970 260 2058 poris
291 1975 419 2060 copiam
441 1972 540 2054 iacit,
575 1973 727 2041 redditur
748 1971 994 2060 incertamque
1021 1975 1104 2044 adeo

167 2063 280 2140 munis
317 2064 351 2138 in
372 2065 568 2138 educatione
593 2064 750 2154 periculis
781 2062 921 2133 obnoxia
943 2076 1015 2148 ast,
1037 2066 1106 2136 ruit

167 2158 325 2245 pacificae
353 2159 438 2230 vitae
471 2160 558 2230 inter
579 2158 737 2245 coningos
756 2157 988 2241 consuetudo,
1013 2171 1106 2229 tran·

165 2251 317 2339 quillitas
337 2264 370 2323 et
385 2254 467 2323 ordo
489 2252 522 2321 in
543 2273 580 2323 ra
599 2250 769 2333 familiari3
789 2270 875 2340 quae
894 2248 1021 2322 scilicet
1040 2273 1101 2342 pax

167 2356 199 2414 et
218 2354 329 2416 rectus
344 2348 425 2416 ordo
446 2345 526 2435 tingi
549 2345 671 2436 poterit
687 2344 720 2413 in
740 2343 876 2421 familia,
893 2343 928 2416 iu
948 2364 1013 2433 qua
1036 2346 1107 2434 plu·

167 2459 218 2509 rea
239 2438 312 2519 viri,
334 2440 398 2511 boc
416 2451 466 2510 est
483 2441 579 2529 ptura
600 2439 705 2528 cupita
723 2438 825 2510 sunt‘t
843 2436 928 2515 Hinc
948 2436 983 2507 in
1000 2439 1105 2508 ueteri

166 2531 378 2605 testamento
408 2534 535 2604 nullam
571 2532 714 2622 legimus
747 2531 922 2604 mulierem
955 2543 1104 2601 sanctam

168 2626 282 2713 pluras
298 2626 415 2696 codem
436 2639 587 2715 tempore
607 2627 746 2700 maritos
762 2626 934 2708 habuisse.
952 2626 1103 2698 Alterum

168 2730 218 2790 cst
237 2720 326 2809 quod
354 2720 527 2809 pluralitas
546 2742 687 2792 uxorum
709 2720 868 2810 primario
900 2719 1103 2791 matrimonii

134 2854 139 2857 ·
167 2811 225 2882 suni
244 2834 310 2884 non
326 2814 424 2900 plana
438 2826 610 2903 repugnat,
623 2814 703 2903 qnia
716 2834 836 2902 nempe
852 2833 951 2894 uuus,
970 2826 1003 2883 et
1016 2813 1104 2884 idern
1209 2883 1217 2894 „

165 2905 216 2974 vir
235 2906 388 2994 pluribus
402 2907 479 2976 fitiia
497 2928 534 2976 en
550 2907 688 2977 diuersis
706 2906 862 2974 uxoribus
875 2904 1104 2993 suscipiendis,

167 2999 296 3068 olandia
316 3010 351 3070 ct
368 3000 627 3088 ademundispnr
647 3018 718 3068 asse
738 3008 870 3086 potest;
893 3017 933 3064 an
954 3017 1032 3068 raro
1050 3018 1103 3066 re·

169 3102 295 3180 pugnat
316 3092 505 3181 primaevae
535 3090 739 3164 matrimonii
761 3089 984 3173 institutioni,
1006 3102 1107 3178 prout

168 3204 205 3256 eu
226 3206 264 3254 ax
284 3185 403 3258 diuinis
423 3186 604 3276 Scripturis
621 3185 717 3258 uobis
737 3182 975 3263 innotescitur
991 3202 1106 3251 secun·

167 3278 291 3360 dariis,
312 3278 494 3369 minusque
512 3279 700 3370 praecipuis
721 3274 925 3350 matrimonii
954 3274 1101 3358 finibus,

167 3369 248 3441 illud
283 3384 344 3455 est,
364 3375 453 3463 qnod
473 3373 582 3446 aerius
608 3391 744 3445 examen
765 3367 922 3459 exposcit.
956 3367 1029 3439 Nou
1046 3369 1104 3438 de-

167 3463 302 3538 fuerant
324 3468 384 3556 qui
411 3467 600 3556 negativam
620 3475 774 3538 tenerent
805 3460 1015 3533 seutemiam.
1041 3462 1105 3532 dlii

169 3569 329 3644 putarunt
348 3559 570 3652 polygamiam
593 3580 654 3632 uec
687 3559 874 3647 primaevae
901 3553 1106 3628 matrimonii
