2642 4175
508 364 671 410 urrunnun
688 367 734 412 111.
979 355 1045 413 526

152 462 256 533 divini
277 463 398 533 cuitus.
418 485 433 528 r
453 462 569 553 itaque
582 464 765 553 putandum
779 486 845 534 non
866 477 917 537 est
930 465 1093 536 eiusmodi

151 555 287 647 siguum
308 556 498 626 edmerum
529 571 761 627 ornamentum
787 559 859 628 dari
879 561 1037 650 inersque
1058 561 1093 630 io

154 653 266 722 anima
290 649 397 719 iacere
418 661 450 720 et
469 650 633 734 otiosum;
653 651 819 742 siquidem
841 674 901 742 per
923 655 1092 725 characte-

152 766 225 813 rem
248 743 406 833 Baptismi
425 745 524 813 homo
542 744 661 834 recipit
680 746 812 833 signnm
846 746 1015 817 iiiiaticnis
1034 747 1093 817 Dei

152 839 261 929 fitque
283 847 379 927 aptus
399 838 472 907 aiiis
494 836 717 908 Sacrameutis
736 838 981 929 suscipiendis,
1004 841 1096 910 unde

154 931 347 1035 Baptismus
368 931 464 1000 ianua
486 930 774 1005 Sacramentorum
793 933 997 1017 nominatur,
1017 954 1094 1002 curo

152 1026 306 1096 nondum
332 1024 505 1115 baptizatis
523 1025 652 1115 reliqua
684 1024 893 1096 Sacramenta
923 1047 985 1096 nec
1004 1028 1094 1095 licite

153 1119 298 1209 possint,
320 1138 382 1187 nec
402 1119 509 1189 valide
529 1119 772 1203 administrari;
795 1141 855 1210 per
868 1120 1093 1207 characterem

153 1211 427 1285 Confirmaticnis
447 1211 567 1302 recipit
584 1213 717 1301 siguum
735 1213 875 1284 militiae
895 1213 1097 1283 christianae

155 1319 189 1377 et
210 1307 250 1376 fit
269 1318 389 1397 potens
420 1305 655 1376 instaurandae
686 1328 818 1396 pugnae
844 1319 960 1377 contra
984 1307 1096 1377 hostes

155 1400 250 1484 iidei,
275 1410 309 1467 et
328 1399 462 1468 demum
487 1420 547 1489 per
578 1399 806 1470 characterem
825 1398 957 1470 Ordinis
977 1401 1096 1489 recipit

155 1495 296 1584 signum
319 1491 496 1562 ministerii
521 1493 703 1582 spiritualis
723 1506 756 1564 et
774 1506 970 1584 potestatem
983 1493 1100 1583 ipsius

156 1586 314 1669 Ordinis;
348 1607 433 1676 quae
453 1586 588 1677 quidem
617 1599 761 1676 potestas
793 1589 826 1656 iu
859 1586 1036 1659 Sacerdote
1056 1588 1098 1656 ad

156 1680 402 1751 coniectionem
422 1681 571 1770 corporis
589 1695 623 1750 et
641 1681 813 1771 sanguinis
832 1681 971 1763 Christi,
992 1694 1025 1751 et
1043 1702 1097 1752 re·

159 1775 359 1845 missionem
391 1784 601 1861 peccatorum
623 1777 791 1859 reiertur,
814 1775 887 1844 aliis
913 1797 990 1845 vero
1013 1775 1100 1843 inie-

154 1867 289 1938 riorum
309 1863 469 1934 Ordiuum
495 1868 655 1936 ministris
676 1869 773 1937 datur
806 1868 916 1958 aliqua
953 1862 1100 1958 potestas

156 1963 245 2032 circa
282 1958 526 2030 sanctissimum
552 1960 782 2030 Eucharistiae
817 1959 1094 2042 Sacramentum,

155 2076 223 2126 uon
246 2054 346 2148 piena
377 2064 487 2123 tamen
508 2065 543 2123 et
563 2056 731 2143 perfecta,
768 2054 825 2123 sed
845 2074 883 2124 ea
913 2054 1018 2125 maior
1047 2056 1101 2124 vei

158 2150 284 2233 minor,
308 2168 375 2239 quo
395 2148 537 2238 quisque
557 2148 743 2218 ministerio
768 2170 828 2218 suo
849 2148 955 2236 magis
975 2148 1103 2217 nrinusm

157 2264 195 2312 re
212 2244 254 2313 ad
270 2243 389 2312 ditaris
410 2240 659 2311 Sacramentum
675 2243 820 2321 accedit;
841 2262 969 2310 summa
986 2254 1100 2312 autem

158 2334 293 2407 Ordinis
307 2346 450 2426 potestas
467 2335 647 2425 suscipitur
662 2336 695 2402 in
710 2336 921 2425 Episcopatu,
936 2336 992 2425 qui
1010 2356 1100 2403 sum·

160 2450 235 2500 mus
256 2440 290 2499 ct
309 2429 570 2519 periectissimus
591 2439 640 2498 est
665 2430 787 2517 gradus
809 2440 842 2498 et
861 2429 1016 2497 ultimum
1037 2427 1097 2498 Or·

159 2522 248 2593 dinis
268 2523 561 2612 complementum.
579 2522 683 2591 Porro
697 2521 907 2591 Sacramenta
925 2520 1096 2613 Baptismi,

159 2616 451 2691 Confirmaticnis‚
471 2629 504 2686 et
521 2615 677 2699 Ordinis,
700 2637 740 2686 eo
758 2616 848 2707 quod
868 2616 1094 2686 characterem

163 2709 373 2800 imprimunt,
388 2709 445 2799 qui
460 2730 520 2779 nec
534 2710 657 2779 auierri
672 2711 757 2780 vaiet
767 2731 829 2779 nec
843 2710 959 2794 deieri,
978 2722 1010 2780 et
1022 2713 1096 2801 pro

160 2802 1098 2892 ducuntadiectumperpetuumsinegravisacrilegioite·

161 2896 229 2964 rari
246 2914 311 2964 non
327 2907 476 2986 possunt;
491 2898 547 2964 sed
562 2909 691 2965 caetera
706 2896 928 2979 Sacramenta,
946 2896 1022 2985 quia
1040 2896 1095 2965 ha·

162 2988 244 3059 hent
263 2989 414 3059 effectum
435 3009 503 3057 non
519 2999 717 3079 perpetuum
738 2999 877 3080 possunt
895 2988 1008 3059 iterari
1021 2990 1096 3059 sine

161 3081 311 3166 iniuria,
342 3094 379 3152 ut
401 3082 535 3152 eiiectus
555 3083 747 3173 deperditus
774 3083 892 3153 iterato
918 3099 1094 3172 recupere-

162 3186 235 3261 tur,
266 3176 577 3266 «quemadmodum
609 3177 825 3250 ratiocinatur
845 3198 872 3247 s.
898 3176 1039 3246 'ihomas
1058 3176 1093 3245 in

162 3267 405 3358 supplemento,
424 3281 512 3359 part.
532 3268 566 3354 3,
588 3291 623 3360 q.
641 3267 699 3354 33,
721 3291 752 3339 a.
775 3270 809 3338 i.

208 3362 295 3433 Haec
314 3364 393 3432 satis
410 3364 452 3434 de
469 3361 691 3433 Sacramentis
706 3362 740 3431 in
760 3383 883 3452 genere
900 3363 984 3433 dicta
1000 3374 1089 3432 sunt.

160 3450 255 3525 Nunc
273 3458 314 3525 de
334 3455 554 3528 sacramentis
570 3455 603 3525 in
619 3456 731 3546 specie
747 3466 781 3528 et
796 3456 940 3526 hreriter
957 3457 1093 3547 quidem

161 3547 201 3616 de
221 3549 390 3640 prioribus
410 3550 573 3641 quinque.
596 3547 715 3619 Ordiar
734 3571 752 3619 a
772 3548 952 3640 Baptismo.
1064 3627 1070 3636 ,
