2642 4175
285 327 351 383 212
616 335 719 381 caron
737 336 785 379 111.
826 364 838 388 ,

234 455 365 522 «tiones.
385 436 425 504 At
443 433 549 503 libero
574 432 751 503 voluntatis
770 433 945 501 consensui
966 451 1032 500 non
1063 431 1172 502 minos

235 528 422 599 contrarius
444 538 494 598 est
512 539 620 596 metus
638 524 759 615 gravis,
775 526 834 615 qui
848 525 890 594 ab
910 524 1092 595 extrinseco
1109 545 1168 614 per

237 622 395 692 iniuriam
425 620 611 704 inferatur,
637 640 737 708 quam
758 619 816 709 qui
847 619 928 689 citra
955 619 1110 688 iniuriam
1134 640 1172 689 ιι

237 716 345 786 causis
375 715 584 785 naturalibus
603 714 787 783 incutitur:
810 724 953 802 utroque
973 712 1061 781 enim
1093 733 1171 782 casu

224 811 391 879 noluntas
407 829 474 878 non
488 808 585 898 plane
604 827 642 875 ao
660 805 856 896 simpliciter
875 807 955 890 vult,
977 807 1034 876 sed
1054 825 1173 875 secon-

219 905 318 974 'dum
333 901 426 992 quid,
445 915 483 971 ut
495 901 629 972 scholae
643 900 840 990 loquuntur,
853 900 930 970 ‘sire
947 901 988 969 ad
1003 899 1172 968 vitandum

241 997 453 1085 periculum,
484 995 573 1085 quod
592 994 810 1084 pertimescit.
834 993 939 1081 Igitur
958 1014 996 1063 ea
1017 992 1173 1062 differen-

237 1090 307 1171 tia,
330 1090 419 1180 quod
439 1087 576 1179 nuptiae
603 1088 747 1178 pervim
768 1086 924 1156 iniustam
955 1098 1103 1157 extortae
1123 1086 1174 1155 in·

238 1184 363 1253 validae
382 1183 461 1264 sint,
488 1182 561 1250 iure
578 1180 800 1252 ecclesiastico
821 1181 971 1251 instituta
990 1191 1051 1264 est,
1068 1179 1172 1270 siqui·

239 1278 328 1359 deni,
348 1277 495 1364 inspecto
517 1274 592 1344 iure
611 1274 756 1345 naturali
776 1275 903 1357 irritae,
927 1286 1070 1364 utroque
1096 1294 1175 1343 casu

239 1369 410 1439 habendae
433 1379 567 1452 essent,
598 1369 676 1458 quia
695 1380 838 1458 utroque
858 1390 935 1439 casu
957 1369 1106 1437 voluntas
1123 1388 1175 1437 ra·

240 1463 330 1532 tione
358 1472 466 1531 metus
485 1462 649 1531 consentit
668 1461 702 1531 in
719 1461 875 1551 nuptias,
898 1463 1045 1552 proiecto
1065 1460 1100 1529 in
1120 1480 1175 1530 eas

239 1577 305 1626 non
326 1574 526 1624 consensere
545 1554 574 1624 si
601 1556 774 1625 abfuisset.
794 1555 909 1645 Neque
938 1555 1020 1624 illud
1041 1554 1171 1636 obstat,

240 1650 329 1739 quod
347 1648 381 1717 in
398 1645 490 1717 metu
506 1647 596 1737 gravi
617 1670 677 1738 per
696 1649 864 1718 hominem
882 1650 973 1719 illato
994 1648 1116 1717 iniuria
1133 1648 1178 1716 ai·

243 1744 381 1825 feratur,
404 1752 518 1811 contra
540 1753 650 1810 autem
673 1763 691 1811 a
713 1742 822 1813 causis
843 1742 1049 1812 naturatibus
1069 1742 1177 1811 omnis

241 1835 363 1904 iniuria
391 1836 505 1925 procui
526 1834 622 1905 absit.
646 1836 729 1905 Nam
754 1836 861 1925 posito
890 1856 1052 1907 consensu
1070 1855 1177 1924 quan-

232 1941 313 1997 tum
334 1940 385 1998 est
404 1949 487 2018 opus
504 1929 544 1997 ad
560 1929 808 1999 translationem
824 1928 906 1999 iuris
925 1930 1124 2018 incorpora,
1144 1928 1177 1995 id

241 2022 321 2093 satis
346 2034 453 2092 estut
474 2023 722 2092 matrimonium
744 2023 887 2095 naturali
908 2022 981 2093 iure
1004 2021 1174 2092 consistat.

152 2160 161 2181 Ι
243 2116 369 2186 iniuria
388 2118 523 2207 quidem
543 2137 684 2206 aequam
704 2117 821 2186 tribuit
839 2138 984 2201 causam,
1007 2137 1066 2186 cur
1086 2116 1120 2184 in
1134 2116 1178 2185 fa·

240 2231 352 2281 vorem
373 2211 458 2293 eius,
480 2209 539 2300 qui
560 2222 686 2280 metum
708 2232 822 2299 passus
839 2224 900 2295 est,
920 2222 1108 2280 contractus
1129 2232 1179 2279 re·

241 2304 435 2386 scindatur,
457 2305 485 2372 si
520 2315 630 2373 tamen
663 2303 811 2374 eiusdem
839 2316 1025 2375 contractus
1057 2315 1175 2373 natura

241 2397 387 2484 patitur,
412 2411 449 2466 ut
466 2397 547 2466 solvi
568 2398 683 2484 possit.
705 2397 779 2468 Noli
800 2411 910 2467 tamen
935 2398 1069 2478 mirari,
1093 2398 1175 2467 siin

240 2491 304 2558 hac
323 2490 518 2579 quaestione
538 2490 628 2558 aliud
649 2511 721 2561 esse
745 2491 981 2580 proferendum
1014 2490 1175 2560 iudicium

241 2595 355 2670 putem
388 2583 429 2652 de
459 2582 668 2652 Matrimonio
697 2605 736 2653 ac
764 2585 804 2665 de
836 2583 1061 2675 Sponsalibus.
1091 2584 1174 2653 Nam

239 2677 318 2744 dum
348 2676 512 2765 sponsalia
534 2676 614 2746 inita
637 2689 727 2747 metu
748 2679 838 2767 gravi
867 2678 990 2749 irritari
1019 2680 1093 2746 iure
1118 2698 1179 2747 ιι·

240 2782 336 2838 turao
361 2769 515 2859 seperius
535 2771 844 2854 demonstravimus,
864 2768 1055 2841 huiusmodi
1075 2792 1176 2861 argu·

240 2862 360 2933 mentis
382 2863 433 2932 usi
450 2884 576 2945 sumus,
603 2885 688 2954 quae
710 2885 776 2934 non
796 2865 949 2934 ridentur
972 2864 1172 2934 adamussim

239 2956 346 3046 aptari
385 2958 613 3041 matrimonio,
640 2958 716 3026 licet
748 2971 781 3027 et
811 2959 867 3027 illa
900 2957 1043 3028 habeant
1074 2958 1177 3027 ratio·
1274 2972 1276 2977 “

239 3069 316 3119 nem
337 3062 550 3136 contractus,
573 3064 606 3120 et
624 3051 829 3120 matrimonii
851 3051 987 3142 insuper
1019 3063 1175 3121 naturam

242 3154 437 3234 sequantur.
464 3144 592 3214 Etenim
621 3144 709 3215 inter
734 3144 816 3214 haec
836 3146 901 3214 duo
922 3144 1116 3227 maximum,
1140 3157 1178 3213 ut

238 3238 382 3306 vidimus
401 3238 417 3326 ᾗ
437 3236 495 3319 tt,
519 3238 611 3306 adest
625 3238 815 3321 discrimen,
839 3252 872 3309 ιι
892 3238 1028 3328 insuper
1051 3239 1085 3306 in
1101 3256 1176 3306 ‘uno

239 3329 350 3416 agitur
370 3331 411 3399 de
435 3351 511 3400 vera
529 3331 725 3414 traditione,
746 3353 806 3401 seu
827 3332 869 3402 de
888 3344 964 3400 actu
976 3331 1174 3412 exsecuere,

240 3423 274 3489 in
308 3423 413 3492 altero
440 3424 480 3493 de
499 3424 568 3493 sola
588 3425 808 3512 promissione
829 3439 888 3495 seu
906 3437 980 3495 actu
999 3444 1177 3515 praepara·

238 3515 349 3598 torio,
374 3516 523 3606 adeoque
548 3518 665 3597 intima
690 3540 731 3596 ιι
751 3520 940 3591 omnimoda
972 3519 1175 3589 connexione
