2642 4175
268 330 333 390 202
604 341 708 386 carue
725 340 773 385 ut.

220 402 335 531 scopus
358 443 445 511 haud
466 440 571 514 vetari
588 442 602 524 ,’
620 439 802 530 quominus
821 440 961 513 acutam
980 405 1172 531 quamdam·
1206 526 1207 529 Ἴ

220 535 678 625 assistentiam‘permittaut,
700 554 867 624 usumque
887 535 1065 620 formulae,
1081 537 1161 626 ,Epo

218 651 274 699 om
291 632 463 734 rodonuo,
483 629 691 718 indulgeant.

223 781 228 788 ’
260 759 356 827 Conler
371 774 411 826 Dc
428 774 584 841 Roskoriuy
613 794 625 818 ε
643 771 683 824 Dc
705 772 875 826 ldatrim'uniis
892 772 979 825 mixtis
991 759 1029 837 ,1'
1048 781 1074 825 et
1090 739 1158 843 reya

217 853 318 925 duplici
329 854 512 908 dissertatione
527 876 539 899 ι
552 851 770 905 Iicllatrimouiis
782 851 891 903 mixtis·
907 850 1015 903 Lovauii
1027 854 1159 915 lssllmec
1187 893 1191 899 .
1258 882 1266 887 -

216 947 270 984 nun
286 954 298 980 ι
312 931 351 985 Dc
364 932 519 1001 nuptiarum
530 929 737 983 bencdictione»
757 927 945 982 Arostclodanai
955 932 1035 993 toto,
1048 928 1094 981 ubi
1110 929 1159 984 hoc

216 1017 401 1077 argumentare
418 1010 521 1076 copiose
544 1004 680 1075 solideque
706 1013 885 1075 pertractant,
903 1004 1011 1062 adiectis
1032 1007 1110 1058 otiam
1127 1005 1160 1058 iis

215 1086 354 1150 omnibns,
372 1102 440 1154 quae
458 1084 583 1136 hacteuus
610 1083 659 1138 hac
676 1099 756 1151 super
772 1099 800 1134 re
824 1098 838 1134 a
856 1082 886 1135 S.
910 1080 976 1135 Sede
994 1079 1157 1150 prodierunt.

216 1161 282 1215 Vide
300 1164 378 1215 etiarn
395 1161 527 1230 Mtlangcs
544 1159 735 1228 Theologiqucs
753 1163 779 1211 Ξ.
798 1159 864 1210 serie
884 1162 910 1210 Ι.
928 1157 1017 1210 cahier
1034 1174 1096 1227 pag.
1112 1162 1157 1231 dd,

214 1247 241 1291 et
259 1245 286 1292 5.
305 1239 395 1291 cahier
422 1255 484 1307 pag.
503 1241 553 1290 tot
569 1275 577 1301 ,
596 1236 792 1305 decisioucaque
817 1244 872 1289 turn
890 1234 918 1288 S.
937 1234 1024 1288 Officii
1041 1240 1073 1287 st
1092 1233 1157 1289 Nur.

215 1319 294 1377 1858,
312 1325 339 1367 et
356 1320 389 1366 stt
408 1314 468 1366 Iulii
488 1315 566 1376 tues,
587 1321 643 1365 tum
661 1312 692 1366 S.
711 1311 926 1380 Cengrcqationis'
938 1310 971 1362 dc
988 1311 1157 1381 Propaganda

214 1391 279 1445 Fide
290 1397 330 1444 'to
348 1391 409 1445 iulii
428 1393 506 1443 tuus.

245 1470 374 1540 Superest
391 1484 464 1522 nunc
481 1466 661 1536 quaestionem
680 1467 819 1535 attingere,
832 1482 867 1520 an
884 1482 944 1533 pera
962 1464 1091 1525 catholica
1103 1471 1159 1535 pust

215 1554 378 1600 contractum
396 1543 588 1597 Matrimonium
608 1545 740 1605 mixtum,
757 1541 855 1611 absquo
878 1540 1094 1609 dispensatione,
1112 1560 1158 1594 vo·

213 1624 270 1675 lena
286 1621 513 1675 sacramentorum
529 1621 661 1689 particeps
680 1621 746 1684 fieri,
759 1618 791 1671 ad
808 1635 838 1671 ea
856 1618 949 1671 debeat
967 1618 1089 1673 admittit
1107 1619 1157 1672 lam

212 1714 286 1760 vero,
299 1698 340 1748 vel
352 1698 439 1764 agitur
451 1696 484 1747 dc
499 1696 663 1748 Matrimonio
676 1690 769 1746 illicito
786 1701 899 1756 tantum,
912 1694 954 1744 vel
972 1693 1005 1746 de
1022 1694 1157 1748 Matrimo-

214 1772 258 1826 nio
274 1773 352 1825 simul
370 1772 462 1824 illicito
479 1781 508 1824 et
519 1771 647 1824 invalido.
666 1772 694 1823 si
718 1769 915 1824 Matrimonium
933 1777 971 1821 cat
988 1776 1091 1826 tautum
1107 1771 1159 1823 illi·

214 1851 312 1913 citum,
329 1848 471 1901 dicendum
487 1866 548 1901 cum
565 1850 612 1900 Pio
630 1847 666 1901 Vl
687 1848 781 1900 litteris
799 1846 831 1899 ad
844 1845 1007 1900 cardinalem
1026 1846 1065 1900 Dc
1076 1847 1158 1900 Fran·

213 1924 389 1992 ekenbcrg'tt
404 1926 463 1979 iulii
478 1930 556 1979 ⁴782:
575 1925 661 1978 «dum
674 1923 742 1977 idern
757 1923 801 1975 illc
814 1923 1012 1989 demonstrabit,
1026 1926 1159 1993 poenituro

210 2017 237 2053 ae
254 2003 448 2069 peccaminoaae
466 1997 528 2053 auae
548 2001 764 2063 coniunctionis,
784 2001 880 2068 poterit
900 2000 954 2052 'hoc
972 2001 1021 2069 ipsi
1040 2002 1158 2065 concedi,

211 2075 287 2131 modu
305 2085 365 2130 aute
384 2079 573 2132 confessionem
588 2082 689 2132 sincere
702 2076 827 2142 declaret,
841 2087 1043 2147 procuraturum
1057 2097 1084 2131 se
1097 2098 1156 2133 cun·

209 2156 356 2208 versionem
368 2158 489 2226 coniugia
499 2158 659 2220 haereticae,
681 2158 1044 2223 renovareseprumissiouem
1057 2156 1090 2210 de
1099 2156 1161 2210 edu-

210 2232 293 2285 oauda
303 2234 376 2301 prule
386 2235 412 2284 iu
425 2234 554 2303 religione
566 2233 723 2295 orthodoxa,
737 2240 762 2284 et
773 2240 956 2301 reparaturum
969 2249 997 2285 ae
1006 2233 1159 2288 scandulum

210 2308 269 2361 aliia
286 2309 408 2361 fidelibus
425 2309 527 2362 datum.
546 2310 573 2362 Si
591 2309 655 2361 tales
673 2309 836 2361 uenditionea
848 2318 1024 2372 concurrant,
1043 2326 1096 2362 non
1114 2327 1158 2364 re-

211 2401 360 2454 pugnamus
383 2402 430 2437 nos
441 2421 450 2448 ,
468 2387 592 2455 quoniam
622 2403 683 2454 pars
714 2384 841 2437 catholica
865 2388 1160 2441 sacramentorumfiat

212 2462 380 2531 particeps.»
400 2461 543 2532 Gregorius
571 2460 631 2514 XV!
663 2462 690 2514 in
721 2456 904 2513 instructione
923 2462 1074 2531 50'Aprilis
1093 2467 1155 2516 tuti

175 2588 177 2591 ,
211 2537 244 2589 nd
265 2538 404 2607 Episcopus
421 2538 570 2608 llungariae
588 2556 635 2608 per
648 2539 889 2591 Eminentiasimum
902 2538 1103 2592 Lanrbrusehini
1119 2557 1159 2592 re·

212 2615 319 2683 scripsit
335 2614 376 2665 his
393 2614 491 2666 verbim
508 2637 520 2660 ι
534 2615 672 2679 Caeterum
692 2631 849 2684 quocunque
862 2615 967 2669 demum
986 2612 1063 2673 modo
1081 2616 1158 2671 mixta

213 2691 278 2744 hacc
296 2692 460 2751 Matrimonia
478 2693 543 2747 citra
563 2693 692 2747 Ecclesiae
717 2693 933 2763 dispensationem
961 2694 1159 2746 et-neoeasarias

210 2771 367 2833 cantiones,
383 2771 438 2822 aive
468 2787 516 2839 per
533 2773 664 2840 passivam
688 2771 814 2824 catholici
840 2771 948 2825 Parochi
967 2773 1157 2841 praesentiam,

211 2848 266 2898 sive
283 2840 370 2900 curum
387 2847 531 2900 acatholico
560 2849 682 2900 ministro
711 2856 843 2901 contracta
871 2849 992 2910 luerint,
1011 2848 1077 2900 illud
1095 2848 1158 2918 Epi-

211 2924 296 2994 scupia
316 2935 342 2978 et
359 2925 482 2977 Parochis
507 2922 634 2979 Sanctitas
663 2926 716 2979 Suu
747 2943 901 2995 magnopere
926 2927 1110 2991 commendat,
1129 2937 1159 2979 ut

109 3012 111 3014 ’
211 3001 282 3052 omui
299 3002 421 3070 pastorali
449 3002 626 3055 sollicitudine
644 3003 801 3056 catholicum
829 3004 967 3072 coniugem
985 3001 1019 3055 ad
1043 3012 1159 3073 patratae

211 3077 306 3153 culpae
335 3078 556 3144 detestationem,
574 3097 769 3149 congruamque
798 3081 986 3149 poeniteutiam
1012 3089 1159 3149 opportune

210 3158 483 3221 conenturcxeitare,
508 3164 621 3228 'eumque
646 3158 767 3233 solerter
780 3156 912 3211 adducant
934 3157 967 3210 ad
985 3157 1159 3227 obligationes

210 3233 480 3303 implendas,'quibus
498 3235 649 3302 gravissime
668 3243 792 3297 tenetur,
810 3234 880 3286 illam
900 3235 1073 3303 praesertim,
1091 3250 1158 3302 quac

210 3319 249 3362 est
267 3311 300 3364 de
317 3312 442 3364 catholiea
463 3312 600 3364 universae
628 3313 710 3381 prolis
727 3311 880 3364 educatione
898 3313 1014 3380 impense
1031 3311 1157 3364 curanda.

210 3384 284 3451 Quae
301 3387 321 3438 si
340 3404 370 3439 ex
389 3398 449 3440 voto
467 3390 634 3458 contingant,
652 3389 771 3458 adeoque
789 3396 890 3440 constet
906 3405 966 3440 cum
982 3381 1074 3441 revera
1092 3389 1158 3445 resi-

209 3460 297 3527 puisse
315 3473 486 3533 paratumque
502 3482 558 3518 ease
575 3466 608 3519 ad
625 3474 817 3535 opportunam,
835 3465 921 3534 maced
938 3466 1061 3530 vuluerit,
1078 3478 1156 3518 scan-

210 3534 266 3587 dali
285 3539 499 3606 reparationem,
517 3550 572 3595 tum
591 3559 651 3595 sanc
668 3543 766 3612 poterit
792 3542 847 3612 ips'e
865 3545 1091 3612 sacramentorum
1101 3539 1160 3594 *Ec-
