2642 4175
459 383 504 427 nn
529 383 742 429 seonsnnrnus
978 373 1018 432 81

128 483 177 564 lit,
198 481 313 571 utqui
334 501 438 549 unum
459 479 664 569 coniungere
693 492 817 569 potest,
840 483 944 572 possit
974 495 1008 555 et
1032 508 1068 557 a·

130 577 228 658 lium;
252 576 286 644 in
307 574 618 644 denuntiationibus
635 586 745 644 nutem
771 590 908 647 nonest
932 577 977 647 ite
1010 600 1069 650 ne·

131 669 278 739 cessario
298 668 467 757 colligatio
488 680 522 738 et
540 668 794 758 consequentia,
817 681 854 739 ut
873 692 912 741 cx
935 693 970 743 se
990 693 1070 743 oon·

129 774 208 847 stet,
232 761 395 853 quamvis,
429 762 579 852 inquom,
599 760 736 831 Pontius
757 762 800 832 itu
821 764 960 847 dubitet,
981 766 1070 836 nibi-

129 857 280 926 lominus
299 877 374 926 curn
398 856 576 946 praedictis
604 856 801 926 Ductoribus
829 870 878 927 est
905 860 1072 930 affirmen-

131 952 236 1035 dnm,
259 950 360 1041 quio,
382 949 444 1019 etsi
463 971 529 1018 non
550 960 601 1018 est
622 962 714 1021 tenta
734 951 917 1034 connexio,
933 953 1019 1023 siout
1036 954 1070 1023 in

131 1044 204 1135 ipso
226 1043 431 1113 matrimonii
453 1054 649 1122 contractu,
675 1055 855 1113 esttamen
889 1046 1070 1130 connexio,

132 1153 166 1207 ει
186 1159 247 1227 per
267 1137 550 1227 dispensationem
574 1136 673 1205 unius
694 1135 836 1207 Praeleti
858 1158 935 1209 rere
954 1140 1073 1209 satisfit

131 1233 267 1301 decreto
291 1230 501 1314 Tridentini,
526 1232 613 1320 quod
635 1230 742 1299 solum
764 1231 918 1321 requirit,
949 1245 986 1303 ut
1012 1232 1072 1303 Or·

132 1325 285 1394 dinarius
303 1325 483 1413 dispenset,
503 1336 536 1393 et
554 1346 629 1393 curn
650 1323 847 1395 Ordinerius
878 1326 1073 1415 dispensans

131 1419 253 1488 debent
272 1418 457 1501 informari,
478 1439 520 1487 nn
541 1417 651 1507 alique
671 1419 800 1488 subsint
821 1419 1070 1509 impedimento,

131 1535 172 1582 eo
187 1514 272 1602 ipso,
289 1535 354 1603 quo
369 1533 444 1580 curn
459 1513 519 1581 teli
533 1511 705 1599 diligentia
720 1514 890 1602 dispensat
904 1536 979 1583 cum
995 1537 1073 1595 uno,

130 1607 335 1696 dispensatio
355 1605 480 1696 ubsque
500 1605 648 1696 periculo
670 1606 810 1676 alicuius
836 1607 1070 1678 inconvenien-

132 1701 174 1770 tis
195 1712 229 1769 et
250 1700 401 1790 periculi,
424 1721 465 1769 ne
484 1698 594 1788 ignote
609 1713 804 1770 rernnnecnt
818 1700 1070 1790 impedimenta,

135 1806 246 1884 potest
264 1795 305 1863 nd
326 1794 428 1863 aliurn
449 1793 594 1862 extendi.
619 1817 634 1860 o
657 1794 777 1863 Confer
794 1794 904 1883 ipsum
924 1794 1074 1864 Bussium

134 1899 168 1957 et
184 1889 339 1957 doctores
358 1889 399 1957 ob
424 1909 463 1956 eo
477 1887 628 1956 loudntos
646 1887 702 1955 cit.
726 1888 810 1958 loco.
832 1888 939 1956 Alesia
957 1889 1074 1972 Tlreol.

133 1982 249 2051 llorel.
273 1994 297 2051 t.
320 1979 397 2050 8de
417 1982 509 2049 lletr.
532 2003 565 2070 p.
587 1979 619 2062 7,
638 2001 670 2050 c.
685 1979 718 2062 7,
735 2002 769 2050 n.
787 1978 820 2064 6;
845 1979 967 2051 Gireldi
989 1980 1072 2072 pb,

137 2089 219 2146 sect.
242 2074 308 2157 tl,
331 2089 364 2145 ει
382 2076 523 2150 Geillnut
546 2100 559 2141 r
583 2075 712 2144 Menuel
733 2075 790 2144 des
808 2074 1073 2163 dispensations,

134 2182 159 2238 t.
180 2170 212 2250 l,
229 2191 264 2239 n.
289 2168 327 2249 7,
348 2170 546 2240 contrariam
569 2179 705 2237 tuentur
725 2172 946 2251 sententiam,
969 2169 1046 2256 prol
1062 2206 1078 2221 ·

135 2276 283 2354 suntque
315 2264 385 2332 dec.
422 2262 454 2332 S.
492 2262 592 2334 (1.6.
630 2259 675 2330 70
707 2262 810 2351 April.
842 2260 957 2342 1666,
988 2261 1077 2330 iuxtn

136 2378 237 2447 quern
257 2377 393 2427 necesse
413 2369 478 2439 est,
502 2370 538 2427 ut
570 2367 627 2425 eut
651 2367 794 2445 uterque
820 2355 1009 2426 ordinarius
1028 2355 1078 2424 di-

137 2463 292 2542 spenset,
323 2462 380 2519 eut
406 2452 521 2520 saltem
551 2450 714 2518 habeatur
745 2449 904 2518 ordinarii
939 2449 1076 2518 ulterius

138 2545 301 2614 dioecesis
317 2545 358 2613 de
371 2557 458 2613 stetu
471 2545 578 2615 libero
596 2543 835 2612 testimonium.
858 2544 946 2615 Haec
966 2544 1078 2633 opinio

139 2639 173 2707 in
203 2639 297 2730 proxi
330 2639 530 2708 consulendo
568 2649 629 2707 est.
660 2637 737 2706 Vide
770 2637 921 2708 Cnrridre
948 2651 970 2710 t.
996 2637 1013 2705 1
1037 2641 1078 2706 de

140 2732 284 2801 lletrim.
311 2755 343 2821 p.
360 2730 393 2815 3,
416 2745 494 2801 seut.
518 2732 552 2814 l,
574 2752 645 2819 cop.
672 2734 705 2814 2,
722 2752 756 2800 n.
781 2729 861 2800 137.

185 2826 262 2895 Tria
284 2827 393 2895 adhuc
411 2827 551 2899 notanda
567 2824 929 2914 supersuntoPrimum
950 2835 1011 2907 est,
1042 2837 1079 2892 ut

140 2919 180 2986 de
213 2932 301 2990 stetu
328 2920 434 2989 libero
460 2939 682 3008 sponsorum,
705 2918 882 3008 praecipue
910 2920 987 2987 dum
1010 2918 1080 3004 agi·

141 3027 194 3082 tur
221 3015 262 3083 de
283 3014 434 3095 lnmulis,
454 3013 655 3095 minoribus,
680 3011 809 3101 puellis,
833 3011 1005 3091 militibus,
1025 3033 1079 3079 vn·

141 3110 213 3194 gis,
237 3121 333 3177 ceute
359 3109 605 3197 prudenterque
626 3105 832 3196 inquiratur,
856 3117 956 3194 utque
980 3105 1080 3189 certis

141 3221 180 3269 ac
198 3201 360 3290 legitimis
389 3201 638 3291 probationibus
663 3209 807 3280 constet,
831 3199 918 3266 iuxta
939 3199 1080 3264 formam

19 3328 21 3333 ·
141 3296 378 3386 praescriptum
401 3296 435 3364 in
452 3295 606 3363 lustruot.
631 3292 663 3361 S.
687 3290 914 3380 Inquisitionis
936 3286 1027 3357 1658
1050 3300 1083 3358 ει

143 3386 247 3473 1665,
266 3391 375 3459 denuo
402 3389 598 3457 inculcatam
620 3409 635 3454 a
656 3386 825 3454 Clemente
843 3383 870 3450 X
891 3404 944 3451 nn.
969 3380 1079 3464 llll,

144 3493 213 3552 eta
246 3484 356 3554 Leone
385 3483 442 3552 Xll
474 3503 528 3551 an.
562 3477 679 3559 1877,
706 3479 746 3546 de
772 3499 835 3567 qun
868 3477 941 3546 vide
959 3476 1083 3545 Girnldi

143 3577 224 3668 Exp.
244 3583 272 3651 l.
295 3581 331 3650 P.
359 3601 393 3670 p.
427 3577 462 3660 l,
496 3587 573 3681 sect.
604 3572 691 3658 651,
713 3583 745 3642 ει
768 3593 804 3662 p.
824 3570 858 3656 1,
888 3582 968 3640 seot.
988 3566 1081 3645 lul,

244 3712 281 3765 Do
299 3707 471 3764 Mutriotonio
1000 3699 1016 3744 6
