2642 4175
674 558 748 649 §6-
831 648 834 652 ,

513 728 558 784 lle
576 728 683 786 nutus
699 716 917 799 promissione.

261 939 263 944 ·
294 911 416 991 Quarto
436 909 633 999 requiritur,
654 919 692 977 ut
711 910 886 998 promissio
905 910 1103 980 Matrimonii
1135 912 1182 980 sit

249 1018 377 1088 mutua,
398 1005 460 1074 hoc
476 1016 528 1072 est
543 1025 559 1071 a
577 1004 647 1071 viro
667 1015 700 1071 et
719 1004 860 1072 muliere
877 1003 1019 1074 vicissim
1039 1006 1124 1073 facta
1149 1016 1183 1074 et

248 1109 426 1186 acceptata.
449 1096 620 1184 Sponsalia
640 1097 730 1166 anim
749 1097 954 1167 definiuntur
978 1122 992 1163 r
1012 1100 1133 1166 occatio
1153 1107 1182 1167 at

244 1192 416 1282 promissio
432 1191 625 1278 suturarum
640 1192 849 1279 nuptiarum:
874 1215 888 1256 r
915 1213 980 1280 qua
999 1191 1041 1260 de
1060 1213 1098 1261 re
1125 1192 1181 1262 ubi

246 1297 382 1356 nonest
400 1285 576 1373 utriusque
608 1284 784 1374 promissio
817 1295 850 1353 et
885 1284 1092 1373 acceptatio,
1114 1305 1182 1356 non

246 1391 325 1450 sunt
342 1378 521 1467 sponsalia.
544 1377 650 1465 Igitur
669 1377 845 1468 promissio
875 1379 974 1448 unius
1006 1378 1092 1446 nihil
1112 1379 1183 1454 effi„-

248 1472 302 1554 cit,
324 1473 392 1541 nisi
410 1473 493 1541 alter
508 1472 650 1541 vicissim
675 1472 862 1544 ratihabeat
890 1484 923 1542 et
951 1473 1124 1561 spondeat
1146 1485 1180 1545 et

249 1566 425 1654 promissio
447 1566 569 1655 poterit
598 1587 616 1633 a
645 1565 859 1653 promittente
891 1565 1063 1648 revocari,
1087 1576 1180 1638 ante·

247 1681 348 1748 quaro
369 1661 453 1729 alter
473 1660 691 1748 acceptaverit
710 1673 743 1728 et
771 1660 1012 1747 repromiserit,
1035 1680 1181 1748 namque

248 1766 438 1824 contractus
456 1773 523 1822 non
543 1767 604 1835 est,
621 1754 780 1842 quamdiu
795 1754 1028 1823 contrahentes
1042 1754 1076 1822 in
1094 1754 1180 1824 idem

247 1847 404 1935 placitum
424 1867 492 1915 non
510 1848 750 1918 consenserint.
773 1846 950 1927 Quaeritur
978 1858 1114 1930 autem,
1141 1867 1182 1915 an

247 1939 477 2028 promissionis
493 1941 675 2030 acceptatio
690 1942 753 2008 vitu
768 1941 888 2009 habeat
900 1940 1180 2029 repromissionis,

247 2035 293 2103 ita
313 2046 350 2103 nt
369 2045 542 2124 acceptans
562 2034 712 2124 quamvis
731 2054 884 2124 expresse
919 2055 986 2103 non
1006 2034 1181 2124 repromit-

247 2139 305 2212 tat,
326 2129 512 2198 virtualiter
531 2141 642 2198 tamen
664 2130 896 2218 repromittere
927 2149 1068 2218 seseque
1100 2127 1181 2197 obli·

245 2242 325 2309 gare
359 2222 594 2310 intelligatur?
624 2224 781 2311 Negativa
818 2222 981 2291 sententia
1015 2223 1184 2310 plerisque

204 2371 206 2375 .
247 2316 367 2404 placet,
390 2328 423 2384 et
442 2316 566 2404 optimo
586 2316 721 2404 quidem
736 2316 821 2384 iure:
837 2316 1003 2405 siquidem
1016 2315 1181 2403 sponsalia

246 2429 312 2476 non
333 2420 411 2478 sunt
429 2410 572 2497 gratuita
594 2424 627 2478 et
646 2409 793 2478 liberalis
813 2409 1006 2500 promissio,
1028 2409 1085 2476 sed
1103 2427 1182 2475 con·

246 2512 370 2590 tractus
387 2523 558 2585 onerosus
573 2503 660 2590 [acio
677 2512 715 2571 ot
733 2503 850 2589 (ocius.
868 2504 973 2591 lgitur
990 2515 1108 2570 natura
1122 2522 1182 2570 sua

247 2596 441 2684 implicitam
474 2597 696 2666 conditionem
735 2597 857 2667 habent
888 2609 1022 2665 mutuae
1054 2595 1182 2683 obliga·

246 2687 346 2758 tionis
360 2702 393 2759 et
413 2691 691 2779 repromissionis,
715 2692 865 2780 adeoque
881 2689 1062 2779 acceptatio
1079 2710 1180 2778 spon-

244 2783 373 2852 salitiae
392 2784 619 2872 promissionis
639 2796 756 2873 suapte
775 2798 895 2852 natura
922 2783 1182 2872 acceptationem

247 2877 447 2945 conditionis
464 2898 522 2947 seu
552 2878 823 2967 repromissionis
843 2878 947 2945 futuri
978 2876 1184 2945 matrimonii

248 2971 425 3053 desiderat,
443 2972 521 3038 dnm
536 2972 733 3059 praesertim
748 2973 879 3039 suturae
896 2971 1032 3059 nuptiae
1045 2969 1184 3059 promit·

249 3077 365 3131 tuntur
378 3086 445 3134 non
459 3067 573 3152 gratis,
593 3079 625 3133 et
643 3087 702 3155 per
722 3066 856 3133 modum
878 3065 1025 3133 liberalis
1044 3063 1188 3152 promis·

248 3158 362 3240 sionis,
380 3158 436 3226 sed
458 3159 640 3246 respective
661 3180 720 3248 per
737 3160 871 3226 modum
890 3171 1078 3228 contractus
1096 3157 1184 3225 ultro

249 3252 399 3339 citroque
411 3251 613 3339 obligatorii,
627 3254 716 3320 velut
728 3252 755 3319 si
771 3252 969 3341 promittens
981 3252 1068 3321 dicat
1084 3275 1098 3317 v
1106 3272 1186 3338 pro-

248 3345 342 3410 mitto
360 3346 430 3426 tibi,
452 3347 482 3411 sc‘
502 3354 537 3413 tc
556 3348 800 3435 repromittas»
822 3346 871 3413 vel
890 3346 963 3413 aliis
983 3345 1102 3425 verbis,
1127 3356 1186 3412 aut

249 3438 373 3524 apertis
394 3437 524 3506 iudiciis
542 3442 690 3507 animum
709 3460 806 3506 suum
823 3440 941 3528 prodat
967 3438 1185 3506 contrahendi

249 3550 324 3600 vera
350 3532 527 3620 sponsalia,
544 3534 665 3623 quihus
679 3546 820 3622 uterquc
834 3534 1071 3621 obstringetur.
1092 3531 1185 3600 Unde
