2642 4175
286 366 354 425 418
622 377 728 424 esron
742 377 786 422 rr.

238 478 383 560 bonum3
405 475 463 567 qui
481 487 591 545 autem
611 475 920 559 tenetndulternm,
941 475 1063 545 stultus
1083 490 1179 548 estet

238 571 374 661 impias.
394 593 409 636 o
431 568 537 650 Quam
555 568 756 638 sententiam
788 581 941 658 spectans
960 567 994 637 S.
1018 571 1178 658 Augusti-

237 685 313 748 nus,
332 664 393 732 libi
411 662 448 746 l,
464 684 497 731 c.
519 661 577 731 ltt.
601 662 779 733 Retractat.
802 663 884 732 illud
902 675 1070 743 retractat,
1085 667 1177 753 quod

167 808 168 819 r
238 758 297 828 lib.
317 756 394 827 lde
413 756 520 826 Serre.
542 756 672 825 Domini
687 757 876 846 scripserat,
896 757 1022 827 scilicet
1038 759 1178 847 permis-

235 860 325 935 sum,
346 871 414 920 non
433 851 559 919 iussum
581 869 653 918 esse
672 851 1019 937 divortium.‚Pariter
1045 852 1079 919 in
1100 873 1174 942 cop.

239 944 274 1015 St
288 954 363 1025 outs
374 945 418 1014 de
430 943 609 1014 Adulteriis
621 944 703 1012 haec
717 943 898 1013 hahentur:
918 969 933 1011 a
951 943 983 1013 Si
1002 945 1051 1012 vir
1065 947 1176 1014 sciens

238 1058 375 1110 uxorem
393 1059 488 1107 suem
512 1037 712 1125 deliquisse,
734 1058 820 1128 quoe
840 1057 907 1107 non
935 1039 1042 1126 egerit
1059 1040 1177 1127 poeni·
1267 1114 1271 1125 ¹

237 1134 388 1215 tentiam,
404 1133 461 1202 sed
475 1143 649 1221 permanet
667 1131 702 1200 in
721 1132 952 1215 fornicatione,
967 1133 1084 1201 vixerit
1099 1154 1175 1202 curn

237 1229 313 1312 illa,
334 1248 413 1297 reus
433 1226 498 1295 orit
511 1238 547 1294 et
563 1225 636 1294 eius
655 1227 779 1314 peccati
799 1228 1009 1315 particeps.»
1033 1226 1115 1293 Nam
1137 1248 1177 1296 eo

238 1322 272 1391 in
290 1342 383 1404 cusu,
406 1319 545 1390 maritus
563 1330 613 1388 ost
634 1330 793 1407 patronus
814 1319 1032 1409 turpitudinis
1049 1321 1177 1389 indire-

237 1427 290 1486 cte
306 1417 436 1497 saltem,
458 1413 547 1502 quod
567 1412 726 1495 omittat,
748 1427 910 1502 quantum
941 1414 975 1482 in
999 1413 1072 1502 ipso
1100 1427 1175 1497 est,

237 1509 415 1579 mulierem
441 1505 692 1594 delinquentem
724 1507 918 1594 corrigere,
953 1519 1053 1596 atque
1074 1507 1175 1576 etiam

237 1601 402 1691 particeps
437 1599 501 1668 erit
520 1599 728 1682 iniustitiae,
755 1601 782 1669 si
803 1600 863 1669 lilii
886 1601 1065 1670 adulterini
1099 1623 1174 1671 cum

236 1693 394 1783 legitimis
413 1693 635 1763 haereditaria
656 1694 961 1785 loonapartientur.
983 1694 1046 1762 dlii
1062 1708 1175 1764 autem

237 1799 389 1858 auctores
422 1787 623 1856 contrariam
645 1799 761 1858 tenent
779 1790 995 1871 sententiam,
1028 1789 1107 1878 quia
1124 1790 1176 1857 di·

180 1916 190 1929 .‚
235 1881 381 1950 tortium
400 1881 547 1950 daturin
560 1882 706 1951 levorem
720 1883 917 1966 innocentis,
934 1883 1085 1972 adeoque
1098 1905 1176 1951 cum

238 1975 367 2046 nonsit
386 1988 613 2065 praeceptum,
633 1976 691 2045 sed
710 1971 784 2060 ius,-
806 1978 877 2065 ipse
892 1997 959 2053 non
981 1987 1111 2045 tenetur
1131 1978 1174 2044 ed

236 2070 466 2140 dimittendam
487 2090 643 2153 uxorem,
672 2071 866 2160 praesertim
886 2071 912 2139 si
941 2070 1026 2139 mela
1059 2082 1093 2139 et
1122 2070 1177 2138 in·

237 2166 410 2236 commoda
429 2164 512 2249 sibi,
535 2185 574 2233 ec
593 2164 679 2253 proli
712 2164 790 2233 inde
809 2165 1002 2233 timeantur.
1031 2165 1072 2233 ,tc
1098 2185 1176 2233 vero

237 2258 265 2328 si
286 2258 424 2328 maritus
443 2258 514 2347 ipse
534 2259 665 2327 adulter
684 2259 805 2341 luerit,
828 2280 894 2327 non
914 2259 1064 2327 eamdem
1082 2258 1119 2325 in
1138 2281 1177 2338 p·

236 2372 318 2422 xore
348 2352 585 2439 obligationem
619 2364 804 2440 agnoscunt
834 2351 1020 2424 dimittendi
1045 2351 1173 2420 virum:

237 2445 274 2513 l⁰
292 2445 374 2526 Quia
387 2446 521 2528 mulier,
537 2466 623 2535 quae
641 2446 748 2514 vicum
766 2467 833 2514 non
853 2446 1001 2525 dimittit,
1019 2466 1088 2514 non
1102 2466 1176 2514 cen·

237 2539 1177 2629 setunpeccatoririconsentire,proptereaquodmulier

236 2652 304 2700 non
323 2642 412 2700 tenta
432 2632 603 2715 invirum,
627 2645 750 2721 quanta
771 2633 818 2701 vin
840 2634 874 2701 in
894 2634 1084 2716 mulierem,
1105 2634 1177 2724 pol·

236 2727 304 2795 leet
322 2725 532 2794 auctoritato.
554 2725 591 2793 2⁰
610 2726 692 2806 Quia
714 2748 780 2795 non
812 2728 927 2796 eadem
961 2727 1174 2795 incommoda

237 2832 271 2894 et
286 2819 405 2890 damna
426 2819 584 2908 legitimis
613 2820 693 2888 liliis
720 2821 919 2905 imminent,
953 2820 1176 2910 nequeenim

237 2914 386 2984 incertus
401 2913 465 2983 erit
482 2926 588 3002 poter,
610 2935 673 2983 nec
691 2915 793 2983 falsus
812 2915 930 2984 huores
950 2925 1173 3003 supponetur.

236 3006 274 3077 3⁰
293 3007 376 3088 Quin
396 3028 511 3076 rurum
530 3020 582 3077 est
599 3009 756 3077 maritum
774 3009 960 3084 adulterum
976 3030 1015 3077 ex
1034 3008 1176 3077 divortio

238 3103 278 3172 ad
299 3101 471 3170 meliorem
489 3102 622 3190 frugem
653 3104 787 3184 redire,
817 3104 898 3191 quin
918 3103 1041 3191 potius,
1066 3115 1105 3170 nt
1122 3103 1178 3170 ad·

230 3195 335 3265 'vertit
355 3194 486 3264 Sotuso
515 3216 553 3264 ea
571 3196 770 3265 abstinentia
787 3217 858 3265 non
889 3196 977 3266 cedit
1008 3196 1042 3263 in
1070 3216 1177 3265 reme·

237 3289 431 3371 dinnano,
452 3302 490 3359 ut
520 3291 652 3378 saepius
684 3311 755 3359 esse
776 3290 807 3359 ei
827 3291 1036 3359 consueverit
1067 3290 1176 3359 maios

237 3382 490 3471 praeiudicium.
514 3406 528 3448 r
551 3383 665 3473 ltaque
696 3385 818 3452 mulier
841 3384 964 3473 poterit
994 3396 1053 3453 eut
1079 3384 1177 3452 dissi·

238 3475 388 3558 mulene,
417 3489 476 3545 eut
492 3477 657 3546 sustinere
689 3479 776 3566 quod
798 3498 865 3546 non
886 3480 971 3546 valet
989 3479 1173 3567 corrigere.

237 3569 411 3638 Caeterum
436 3582 470 3640 et
497 3571 567 3661 ipsa
587 3582 720 3641 tenetur
738 3593 838 3662 egere
858 3572 1021 3662 quidquid
1043 3584 1178 3662 putave-
