2642 4175
230 345 294 401 :tte
565 355 669 400 carun·
686 357 733 400 111.

180 457 230 524 νῆν
263 477 281 524 a
316 475 352 526 se
387 452 554 542 cognitam
591 475 727 523 uxorem
762 456 961 537 contendat,
1001 457 1128 525 mulier

181 561 291 619 autern
326 559 450 637 neget,
489 545 559 617 viro
596 547 773 637 affirmanti
810 549 1012 618 credendum
1046 561 1120 635 est,

184 643 262 732 quia
285 642 335 711 vir
355 650 405 709 est
433 652 533 729 caput
567 640 729 711 mulieris.
764 640 854 711 Haec
873 643 987 729 regula
1008 642 1125 711 firma-

183 750 237 805 tur
268 737 309 805 ab
339 734 525 803 Alexandro
543 733 587 804 III
607 756 681 824 cap.
709 734 967 804 connumeror
990 736 1032 805 de
1057 736 1124 806 De-

183 840 332 919 sponsat.
365 827 522 917 impub.:
549 827 820 898 «consultationi
841 839 917 898 tuae
938 828 1048 899 taliter
1067 849 1124 898 re-

182 924 401 1012 spondemus,
435 922 524 1010 quod
555 941 629 991 curn
649 921 683 990 in
715 921 857 991 decretis
884 921 1046 991 habeatur
1065 944 1121 991 ex·

184 1036 355 1108 pressum,
377 1015 466 1104 quod
486 1014 514 1082 si
534 1014 583 1083 vir
601 1014 744 1097 dixerit,
761 1016 849 1105 quod
869 1036 1003 1085 uxorem
1024 1036 1121 1084 suam

184 1109 387 1201 cognoverit,
410 1119 443 1178 et
463 1108 585 1177 mulier
605 1107 792 1196 negaverit,
816 1107 877 1176 viri
895 1108 1049 1178 standum
1069 1120 1122 1178 est

183 1203 312 1272 veritati
318 1225 327 1285 ;
343 1203 492 1291 praefato
507 1201 589 1286 viro,
606 1200 664 1291 qui
681 1201 762 1272 dicit
774 1222 810 1271 se
825 1201 1000 1271 mulierem
1014 1202 1121 1291 ipsam

183 1296 373 1385 cognovisse
393 1294 475 1363 fides
494 1294 670 1377 habenda,
693 1294 720 1363 si
741 1294 929 1363 iuramento
950 1294 983 1362 id
1003 1294 1120 1363 firma-

183 1390 279 1459 verit.
301 1412 316 1455 a
336 1387 428 1468 Quod
452 1386 479 1455 si
500 1387 621 1457 mulier
638 1388 748 1456 virum
765 1400 884 1475 arguat
904 1387 1065 1458 mendacii
1086 1400 1123 1458 et

186 1481 350 1570 periurii,
378 1500 481 1569 seque
499 1480 661 1571 virginem
684 1481 816 1572 probari
837 1480 937 1566 velit,
957 1479 1121 1570 inspectio

185 1574 319 1643 decerni
334 1583 453 1661 potest.
474 1598 489 1640 r
507 1574 588 1643 Cum
603 1586 725 1663 partes,
737 1573 847 1663 inquit
860 1572 1038 1663 Gregorius
1049 1572 1121 1642 VIII

186 1669 220 1736 in
234 1688 307 1756 cap.
327 1666 545 1735 Pnorosvusrv
560 1668 600 1736 de
616 1668 762 1752 Probat,
781 1679 891 1738 essent
910 1667 942 1736 In
959 1679 1012 1735 tua
1027 1688 1124 1757 prae·

185 1759 289 1829 sentia
307 1759 518 1842 constitutae,
534 1760 656 1829 mulier
675 1762 859 1851 proposuit,
880 1783 916 1830 se
932 1759 1122 1851 nequivisse

186 1876 203 1922 a
218 1853 288 1922 viro
305 1853 471 1941 cognosci;
491 1854 579 1943 quod
593 1864 659 1922 tam
669 1855 1009 1944 proprioiuramento,
1020 1875 1122 1943 quam

188 1946 378 2017 testimonio
397 1957 524 2037 septem
542 1947 721 2015 muherum
743 1948 942 2037 probaverit,
956 1968 1042 2036 quae
1061 1968 1125 2037 per

188 2050 356 2131 aspectum
377 2040 527 2130 corporis
547 2060 619 2110 eam
640 2061 711 2110 csse
738 2040 900 2130 virginem
921 2052 1121 2126 asseverant,

185 2134 255 2203 viro
274 2154 334 2224 per
354 2135 578 2203 iuramentum
599 2155 695 2204 suum
717 2135 921 2204 contrarium
936 2146 1117 2204 asserente.

186 2227 322 2298 Videtur
341 2228 444 2316 Igitur
464 2228 560 2296 nobis
580 2228 668 2317 quod
690 2228 877 2297 iuramento
907 2228 1061 2316 puellae,
1090 2239 1125 2296 et

187 2321 377 2392 testimonio
399 2322 532 2389 illarum
552 2331 678 2410 septem
697 2321 874 2390 mulierum
895 2321 977 2389 fides
995 2332 1046 2389 est
1064 2328 1124 2408 po·

188 2415 253 2484 tius
273 2414 472 2482 adhibenda.
494 2437 509 2479 a
533 2412 569 2480 2⁰
588 2413 621 2483 Si
642 2414 692 2482 vir
707 2415 889 2503 negaverit,
907 2413 1027 2482 muher
1043 2434 1122 2482 vero

187 2528 223 2576 se
240 2506 406 2596 cognitam
427 2525 499 2575 esse
519 2518 734 2591 contestetur,
754 2519 788 2577 et
806 2507 890 2576 aliae
911 2506 1122 2596 probationes

188 2622 248 2689 pro
267 2599 336 2668 viro
354 2619 421 2667 non
444 2611 632 2690 suppetant,
654 2600 784 2670 videtur
803 2598 936 2669 mulieri
956 2600 1038 2668 fides
1060 2599 1122 2668 ha·

188 2692 295 2761 banda
316 2713 411 2773 esse,
433 2704 502 2762 tum
525 2717 539 2761 r
564 2694 642 2784 quia
663 2694 724 2777 vir,
746 2706 783 2763 ut
811 2695 961 2763 observat
980 2691 1013 2760 S.
1034 2692 1122 2785 Ray-

189 2786 330 2854 mundus
346 2785 406 2854 Iib.
424 2785 480 2853 td.
502 2786 657 2858 Summae
678 2788 729 2856 tit.
747 2788 787 2856 de
807 2788 981 2876 Impotent.
998 2789 1119 2854 codun·

188 2878 241 2962 di,
266 2879 299 2948 in
320 2899 357 2948 ea
378 2879 551 2970 hypothesi
584 2893 677 2950 actor·
696 2892 767 2963 est,
789 2891 822 2948 et
847 2879 875 2949 si
908 2900 976 2948 non
1003 2878 1122 2967 prohat

188 2973 277 3062 quod
311 2985 497 3056 asseverat,
527 2974 649 3042 mulier
680 2993 754 3041 cum
786 2973 830 3041 sit
849 2994 930 3055 rea,
954 2972 1014 3059 etsi
1035 2971 1121 3039 nihil

188 3066 400 3156 praestiterit,
420 3065 541 3135 absolvi
560 3067 660 3136 debet
691 3066 731 3135 ab
752 3066 969 3154 imputatIone
995 3064 1075 3146 viri;
1102 3089 1116 3128 a

188 3171 260 3228 tum
281 3159 358 3250 quia
380 3160 412 3228 in
433 3158 505 3248 pari
526 3179 622 3228 causa
644 3159 762 3228 mehor
781 3173 830 3228 est
850 3157 993 3227 conditio
1013 3156 1121 3246 possi·

187 3253 306 3336 dentis,
329 3265 398 3323 tum
420 3252 584 3341 quianon
609 3251 833 3341 praesumitur
852 3251 1007 3320 feminam
1036 3251 1122 3318 velle

187 3367 261 3416 cum
293 3346 363 3415 viro
398 3346 579 3434 impotente
609 3346 812 3415 cohabitare.
847 3343 884 3412 3ο
915 3343 947 3414 Si
975 3353 1121 3431 uterque

187 3439 307 3510 coniux
332 3438 558 3527 impotentiam
587 3440 754 3521 fateatur,
778 3437 906 3507 etiamsi
939 3434 1122 3504 triennium

186 3530 404 3621 experimenti
425 3532 624 3619 completum
654 3533 719 3617 sit,
743 3531 865 3602 eisdem
896 3530 1124 3599 iuramentum
