2642 4175
273 370 316 426 48
635 380 737 425 onnon
754 381 776 423 1.

226 478 340 548 mnino
359 479 498 568 pendet,
517 496 728 566 nequaqnam
760 496 838 545 vero
862 497 881 545 a
910 485 994 545 nutu
1029 497 1159 562 eornm,

204 572 287 641 -sub
304 592 447 662 quorum
469 571 618 640 dominio
634 571 685 638 rel
708 580 867 658 potestate
880 569 1050 639 constituti
1068 584 1159 655 sunt;

225 667 314 754 qnod
334 666 518 755 generatim
549 664 659 732 Sacris
690 663 880 731 Canonibns
912 663 1074 732 sancitum
1097 678 1158 748 est,
1245 743 1248 751 ,

225 772 259 827 et
274 758 481 828 delinituma
503 757 651 826 Concilio
669 755 761 824 Trid.
796 777 877 826 sess.
909 756 1016 839 lllllV,
1035 778 1109 847 rap.
1138 758 1156 825 l

224 854 265 922 de
291 853 441 921 Reform.
477 851 617 919 Matrim.
654 848 712 917 ubi
745 849 956 920 anathemate
988 849 1157 938 pereutit,
1271 856 1274 863 '

227 970 241 1011 a
263 946 321 1035 qui
338 945 420 1013 falso
441 944 619 1025 affirmant,
641 944 853 1012 matrimonia
885 965 902 1011 a
936 943 1160 1014 liliislamilias

224 1039 296 1108 sine
316 1059 478 1107 consensu
498 1050 675 1126 parentum
692 1049 860 1107 contracta
892 1037 987 1106 irrita
1020 1057 1105 1119 esse,
1127 1050 1183 1106 ets

225 1143 378 1220 parentes
393 1152 431 1200 aa
452 1143 523 1200 rata
553 1130 602 1199 rel
623 1129 716 1198 irrita
737 1130 846 1199 faeere
866 1151 975 1219 posse.
994 1155 1008 1196 n
1031 1131 1077 1199 lle
1096 1131 1160 1199 hu·

222 1225 365 1294 iusmodi
387 1223 678 1293 liliorumlamilias
710 1224 930 1292 matrimoniis
963 1244 1073 1293 sermo
1108 1224 1159 1293 in·

223 1319 328 1387 serius
347 1318 480 1386 redibit.
515 1316 618 1384 Porro
639 1315 866 1400 filiifamilias,
890 1318 1002 1385 inseiis
1030 1330 1089 1386 aut
1106 1338 1159 1385 ra·

223 1411 429 1480 tionabiliter
448 1409 558 1478 invitis
577 1410 783 1498 parentibus,
805 1410 1016 1480 matrimonia
1033 1423 1161 1479 contra·

223 1504 356 1586 bentes,
379 1514 517 1591 pereant
541 1503 703 1592 grauiter,
734 1503 822 1592 quod
843 1504 878 1572 in
909 1524 946 1573 re
974 1505 1057 1574 tanti
1087 1525 1160 1573 mo·

222 1597 325 1666 menti
355 1608 427 1666 tum
460 1596 698 1666 ecclesiasticas
716 1596 825 1684 leges,
862 1609 933 1665 tum
953 1597 1060 1686 ipsum
1089 1597 1160 1665 rio·

221 1691 292 1758 lant
310 1690 462 1758 naturale
481 1701 515 1758 et
533 1690 680 1757 divinum
701 1702 916 1778 praeceptum
943 1691 984 1759 de
1012 1691 1160 1779 parenti·

221 1783 284 1852 bus
310 1783 527 1852 honorandis.
549 1782 748 1865 Praeterea,
770 1804 869 1852 nemo
889 1785 1035 1871 prudens
1053 1784 1160 1852 nescit

223 1888 306 1964 quot
324 1877 435 1964 gravia
458 1877 568 1961 mala,
598 1877 775 1960 seandala,
812 1875 920 1965 iurgia
952 1888 986 1945 et
1016 1876 1160 1945 inimici·

222 1971 311 2051 riae,
331 1970 469 2039 lethales
490 1970 590 2039 etiam
626 1981 660 2037 et
686 1971 888 2053 diuturnae,
922 1971 1009 2040 inter
1038 1990 1161 2060 paren·

222 2074 272 2132 tes
293 2076 350 2133 aut
366 2064 631 2153 consanguineos
649 2084 687 2132 ex
705 2063 897 2133 huiusmodi
929 2064 1015 2133 male
1047 2063 1159 2153 auspi·

223 2157 304 2226 eatis
325 2158 500 2226 connubiis
518 2158 601 2226 oriri
623 2158 769 2240 soleant,
792 2178 867 2225 cum
902 2159 1042 2226 maxima
1062 2158 1159 2225 lami-

221 2251 343 2319 liarum
372 2262 405 2320 et
429 2251 633 2339 reipublicae
667 2251 772 2340 ipsius
797 2251 1059 2340 perturbatione.
1088 2251 1157 2318 lam

221 2345 345 2413 verosi
367 2345 449 2412 tales
466 2344 604 2432 nuptiae
624 2355 674 2411 tot
691 2344 859 2432 tantisque
877 2345 1020 2433 pecualis
1039 2355 1072 2413 et
1100 2365 1159 2432 pe·

222 2436 337 2505 riculis
358 2436 475 2523 plenae
502 2447 605 2518 sunt,
628 2438 866 2524 proculdubio
898 2437 1063 2525 sponsalia
1096 2458 1157 2506 seu

222 2529 461 2617 promissiones
477 2530 671 2597 earumdem
699 2532 877 2598 admodum
898 2531 1033 2600 illicitae
1051 2541 1084 2598 et
1099 2551 1160 2598 ne-

222 2622 327 2697 fariae
347 2621 518 2690 habendae
539 2634 627 2705 sunt,
649 2644 724 2690 oum
745 2635 916 2713 nequeant
933 2624 1005 2692 sine
1023 2636 1158 2711 peceato

224 2724 258 2782 et
273 2713 394 2783 iniuria
413 2729 589 2802 parentum
610 2717 804 2807 adimpleri:
832 2741 847 2784 a
873 2717 971 2805 impia
1000 2729 1050 2785 est
1068 2716 1157 2785 enim

223 2807 419 2895 promissio,
454 2830 539 2898 qnae
566 2811 694 2878 scelere
719 2811 964 2899 adimpletum»
988 2809 1075 2900 quod
1098 2810 1158 2878 ha-

223 2900 323 2968 betur
354 2900 451 2970 Ceus.
490 2902 526 2969 ln
547 2920 641 2971 naurs
665 2901 723 2987 bb,
753 2925 786 2992 q.
808 2902 843 2970 l.
865 2903 945 2972 Vide
964 2904 1158 2971 Musoettnla

224 2993 260 3062 in
281 2992 448 3063 dissertat.
464 2994 610 3083 theolog.
627 2997 726 3084 legal.
748 2998 789 3066 de
808 2996 1018 3085 sponsalibus
1042 3008 1074 3064 et
1093 3016 1159 3064 ma-

115 3122 119 3130 .
224 3086 403 3172 arimonio,
426 3109 512 3177 quae
532 3112 548 3157 a
570 3089 794 3158 liliisfamilias
822 3090 1076 3171 contrahuntur,
1099 3110 1158 3177 pa·

223 3182 375 3251 rentibus
397 3182 521 3266 inseiis,
543 3185 594 3252 vel
619 3183 705 3252 iuste
723 3183 859 3268 inritis,
881 3205 957 3252 curn
975 3183 1062 3252 notis
1078 3183 1160 3251 blaz-

224 3276 348 3343 zoeehi.
372 3275 496 3345 Romae
516 3273 622 3346 tlon.

270 3368 315 3438 De
335 3369 387 3438 his
406 3381 516 3438 autem
535 3390 611 3438 cnm
632 3369 827 3439 Ductoribus
844 3367 1086 3443 controversiae
1106 3369 1159 3437 ni·

225 3459 274 3527 hil
294 3473 355 3543 est,
374 3464 431 3531 sed
453 3463 632 3551 disputatio
659 3464 790 3553 copiosa
829 3477 862 3533 et
891 3465 985 3532 valde
1015 3482 1158 3550 anceps,

225 3574 324 3644 quam
344 3555 408 3624 hoe
427 3557 500 3626 loeo
521 3556 742 3641 instituimus,
763 3557 928 3628 eiusmodi
960 3569 1020 3641 est,
1043 3568 1157 3625 utrum
