2642 4175
277 391 319 447 54
584 431 587 436 ι
616 400 718 447 CAPUT
736 400 759 445 1.

228 522 303 570 rum
321 501 469 569 omnium
492 520 556 568 una
577 497 740 568 sententia
761 509 822 579 est,
845 498 1069 568 admonendos
1089 520 1161 570 esse

217 614 379 683 sponsos,
397 606 434 664 ut
450 593 548 662 citius
568 591 817 661 matrimonium
839 592 1049 675 contrahant,
1081 594 1159 662 dum

230 708 267 755 ea
288 706 341 756 res
355 686 389 756 iu
405 698 574 778 posterum
588 686 687 754 dilata
703 684 880 753 libidinum
902 696 934 753 et
948 697 1162 775 peccatorum

230 781 358 849 occasio
375 801 447 850 csse
466 781 582 850 soleat.
606 777 735 867 Siquis
767 789 877 847 autem
911 778 992 848 eitra
1025 800 1160 849 causam

232 874 350 942 iustam
371 875 532 944 detrectet
558 871 761 942 matrimonii
793 871 1070 956 celebrationem,
1090 895 1161 942 mo·

230 968 358 1036 naudus
378 967 471 1056 prius
491 978 551 1047 est,
574 966 652 1036 etsi
674 965 783 1034 adhuc
802 977 932 1042 renuat,
953 987 1012 1055 per
1043 988 1163 1035 rensu-

230 1080 295 1143 ras,
315 1062 463 1149 aliasque
484 1080 606 1149 poenas
635 1057 894 1147 compellendus,
910 1059 1105 1148 praesertim
1132 1060 1160 1127 si

229 1155 394 1242 sponsalia
413 1152 628 1222 iureiurando
644 1151 902 1220 confirmaverit.
925 1153 960 1220 ld
981 1164 1163 1222 constater

230 1267 302 1336 cup.
326 1248 480 1315 Lnranms
499 1247 539 1315 de
558 1245 708 1335 Sponsal.
731 1256 764 1313 et
782 1244 938 1327 ttacnm,
956 1247 1008 1314 cui
1026 1246 1160 1337 quidem

230 1339 341 1429 capiti,
359 1352 397 1410 ut
416 1361 515 1428 supra
537 1339 679 1407 diximus
694 1339 709 1427 5
723 1335 780 1412 13.
794 1337 913 1408 Lucius
936 1339 990 1421 lll,
1008 1362 1080 1428 cap.
1097 1340 1161 1407 Rs·

230 1450 371 1510 otustvtr
391 1453 458 1502 non
476 1432 607 1501 videtur
626 1431 814 1500 consentire
830 1453 839 1514 ;
859 1452 935 1500 uam
963 1435 1033 1502 vult
1051 1434 1164 1502 nolen-

229 1537 278 1594 tes
297 1547 427 1595 seruare
447 1527 611 1615 sponsalia
642 1526 823 1595 monendos
843 1525 953 1613 potius
970 1548 1042 1596 esse
1063 1547 1162 1615 quam

229 1620 405 1706 cogendos,
428 1640 466 1688 ex
485 1641 551 1707 quo
568 1619 781 1708 perspicuum
804 1631 854 1687 est
873 1620 1043 1708 praedicto
1063 1620 1164 1708 capiti

231 1710 383 1783 Ltrrsnts
401 1713 554 1786 nonnihil
572 1715 767 1805 deroga-tum
790 1732 873 1780 esse.
892 1715 932 1781 tt
946 1734 1022 1782 uero
1042 1714 1165 1782 Lucius

231 1804 364 1893 quidem
399 1808 467 1875 vult
494 1805 727 1876 contrahentes
758 1805 887 1873 moueri
922 1806 1032 1895 potius
1062 1828 1163 1895 quam

230 1897 315 1986 cogi,
332 1899 394 1967 hoc
414 1912 464 1969 est
483 1899 722 1969 monitionibus
742 1900 902 1968 utendum
925 1900 1093 1989 inprimis
1113 1922 1166 1969 es·

230 2012 277 2074 se,
298 1994 354 2062 sed
376 2005 485 2062 tamen
501 1992 659 2082 'compelli
679 2013 744 2062 uon
763 2003 849 2061 vetat
869 1993 1018 2063 omniuo.
1042 1993 1164 2062 Verutn

229 2086 263 2154 in
284 2086 347 2155 hoc
366 2086 500 2175 negotio
520 2089 569 2156 vel
604 2086 767 2155 levissima
799 2108 896 2156 causa
931 2086 1072 2157 habetur
1105 2110 1168 2177 pro

230 2180 407 2264 rationali,
436 2181 652 2272 quamobrem
683 2202 699 2249 a
726 2180 876 2249 censuris
912 2181 1165 2270 temperandum

231 2285 291 2355 est,
315 2273 392 2363 quia
411 2274 536 2343 coactio
563 2274 625 2341 hac
647 2274 681 2341 in
702 2295 738 2342 re
754 2273 903 2343 difficiles
920 2274 1025 2343 exitus
1043 2275 1169 2344 habere

229 2367 327 2436 sulet.
348 2366 433 2435 Hinc
451 2367 649 2455 prudentem
669 2366 838 2435 nemiuem
866 2369 1013 2455 reperies
1046 2369 1168 2437 acerbe

229 2458 330 2527 nimis
358 2459 508 2527 censuris
528 2459 618 2527 abuti
639 2460 679 2527 ad
700 2480 837 2549 sponsos
858 2462 1036 2549 urgendos,
1068 2473 1106 2530 ut
1127 2461 1167 2528 fi-

230 2551 305 2620 dem
329 2561 510 2639 praestent.
524 2556 565 2621 tt
581 2551 608 2620 si
630 2553 863 2623 contrahentes
881 2564 996 2643 stupro
1016 2554 1116 2624 etiam
1130 2576 1169 2623 se

230 2644 536 2728 contaminaverint,
571 2666 625 2714 res
644 2647 709 2715 alio
730 2647 803 2715 iure
823 2648 983 2735 procedit,
1007 2670 1045 2717 ex
1065 2647 1105 2716 iis
1125 2649 1169 2716 dc

230 2735 353 2826 quibus
372 2758 471 2826 supra
493 2739 733 2829 disputavimus
752 2741 787 2808 in
814 2741 830 2828 ἓ
847 2738 881 2808 6.
962 2798 965 2804 .

648 2962 742 3054 glo.

182 3196 184 3199 ι
248 3117 293 3175 lle
313 3118 503 3189 sponsalium
520 3119 724 3179 dissolutione
743 3122 783 3199 oto
799 3122 937 3179 mutuum
953 3137 1150 3201 eonsensum.

289 3303 489 3381 Universalis
510 3301 594 3372 ratio
614 3302 648 3370 in
674 3301 764 3369 omni
785 3300 1005 3390 promissione
1024 3311 1074 3368 est
1091 3320 1166 3368 eam

230 3395 374 3480 dissolvi,
397 3399 423 3467 si
443 3396 626 3466 consentiat
649 3394 706 3463 ille
738 3395 792 3464 cui
825 3396 908 3464 iacta
945 3404 1017 3474 est,
1052 3404 1109 3460 aut
1137 3393 1167 3461 si

231 3490 311 3579 quid
332 3489 470 3571 accidat,
490 3488 736 3579 propterquod
758 3488 895 3578 incipiat
916 3485 1091 3577 promissio
1119 3485 1169 3552 in-

231 3582 322 3652 utilis
342 3605 437 3667 esse,
467 3584 533 3653 sive
552 3583 691 3666 nociva,
714 3582 781 3651 sive
810 3582 909 3651 etiam
932 3577 1163 3668 impossibilis,
1259 3584 1261 3589 ’
