2642 4175
273 347 315 403 92
615 361 718 406 carus
737 362 771 405 11.

223 460 345 529 rationi
367 458 529 542 consulit,
549 458 659 527 srrmat
683 458 844 528 amicitias
861 470 895 529 et
915 459 1090 531 affinitates
1110 463 1162 532 in-

223 565 276 622 ter
294 554 393 633 cives
412 568 445 624 et
465 552 577 623 civiles
597 554 733 622 effeetus
756 554 856 643 parit,
877 564 914 622 ut
949 555 1163 627 administra·

224 647 270 715 tio
292 648 455 716 bonorum
477 646 601 730 uxoris,
624 647 698 715 iura
719 647 867 730 dotium,
890 648 1054 718 successio
1074 651 1162 720 otto-

224 761 299 809 rnm
323 742 354 809 iu
375 742 459 811 bona
479 754 513 811 et
531 740 727 831 dignitatem
746 741 891 810 familiae
905 753 938 810 et
953 740 1157 813 huiusmodi.

224 833 264 900 Hi
285 854 362 903 vero
384 835 519 905 eftectus
541 833 754 905 Sacramento
774 835 949 904 extrinseci
980 849 1077 918 sunt,
1098 858 1162 907 nee

224 926 258 995 in
278 928 453 998 essentiam
470 941 504 998 et
517 942 670 999 naturam
686 927 889 997 matrimonii
909 928 1208 1015 ingredientem·

223 1021 280 1089 sed
301 1043 340 1092 ex
360 1043 399 1091 eo
421 1023 602 1112 profluunt,
618 1033 793 1113 postquam
813 1021 876 1091 rite
890 1023 1073 1113 perfectum
1094 1034 1157 1093 est.

223 1114 445 1195 Quamobrem
466 1117 500 1186 in
525 1116 749 1198 matrimonio,
773 1117 861 1205 quod
882 1117 977 1186 civile
995 1128 1029 1185 et
1048 1119 1160 1207 profa-

223 1229 305 1278 num
325 1222 375 1281 est
394 1208 606 1281 Sacramenta
626 1209 792 1300 posterius
811 1219 861 1278 est
875 1263 885 1294 ,
900 1276 905 1284 ,
919 1210 960 1279 ab
978 1230 1086 1300 eoque
1103 1232 1161 1281 se-

223 1316 353 1371 cretum
375 1315 408 1372 et
427 1316 632 1374 extraneum.
655 1304 702 1372 Ex
727 1324 794 1394 quo
811 1303 864 1385 fir,
889 1317 925 1374 ut
949 1308 1097 1393 'potestas
1117 1305 1164 1373 ci·

223 1395 297 1464 vitis
329 1396 519 1467 huiusmodi
553 1398 689 1468 edoctus
723 1397 890 1466 moderari
928 1397 1052 1487 possit,
1079 1398 1160 1488 quia

224 1488 333 1556 nihii
326 1510 358 1557 m
380 1490 428 1560 eis
444 1492 672 1581 attingitquod
693 1492 733 1560 ad
752 1491 927 1560 essentiam
951 1502 984 1560 et
1002 1503 1156 1562 naturam

224 1579 429 1655 sacramenti
450 1587 628 1674 pertineat,
654 1586 695 1654 de
715 1606 779 1674 qua
807 1605 843 1653 re
862 1605 923 1653 suo
944 1585 1016 1654 ioco
1047 1606 1161 1655 sermo

224 1674 431 1746 instituetur.

271 1768 470 1841 Graecorum
487 1771 639 1842 nonnulli
661 1771 892 1841 existimarunt
911 1770 1162 1841 matrimonium

226 1881 293 1932 non
308 1885 344 1932 ex
368 1866 472 1956 prima
494 1878 633 1936 naturae
652 1865 859 1935 institutione
878 1876 954 1934 ante
975 1878 1159 1955 peccatum,

224 1958 281 2025 sed
303 1978 341 2027 ex
360 1972 493 2049 peccato
514 1961 684 2029 dumtaxat
697 1958 861 2048 originem
877 1959 1019 2028 duxisse.
1040 1962 1078 2029 tt
1092 1980 1164 2029 cer-

223 2063 295 2122 tum
310 2053 446 2123 omnino
460 2065 520 2137 est,
537 2053 624 2144 quod
641 2053 903 2136 matrimonium,
918 2063 955 2122 ut
968 2062 1018 2123 est
1029 2065 1163 2123 contra·

224 2157 297 2217 ctus
315 2149 477 2217 naturalis
501 2148 533 2216 in
554 2149 701 2217 officium
718 2159 868 2232 naturae,
884 2168 922 2217 ex
937 2148 1005 2237 ipsa
1021 2159 1163 2217 naturae

224 2241 298 2329 iege
311 2242 409 2310 ducat
423 2242 599 2329 originem,
611 2242 689 2332 quia
705 2254 743 2310 ut
754 2242 878 2332 optime
891 2240 1108 2310 ratiocinatur
1122 2242 1164 2309 E-

222 2336 308 2403 stius
321 2334 472 2403 inddist.
482 2333 608 2417 26,st
622 2334 892 2419 ‹Natura,etiam
907 2335 1035 2404 secluso
1049 2355 1164 2424 pecca·

225 2438 271 2509 to,
284 2426 421 2495 inclinat
441 2427 609 2495 hominem
624 2429 663 2496 ad
679 2428 781 2517 prolis
795 2428 1057 2517 generationem,
1073 2431 1160 2498 etad

223 2539 302 2587 enm
324 2519 424 2587 tinem
445 2540 582 2589 sexuum
604 2521 775 2591 diversitas
806 2534 856 2591 est
875 2521 1068 2592 ordinata.»
1086 2522 1165 2593 Fuit

226 2611 330 2700 igitur
350 2613 600 2683 matrimonium
622 2615 654 2684 iu
674 2615 828 2704 paradiso
855 2615 1007 2685 terrestri
1028 2614 1163 2685 institu-

223 2717 296 2775 tum
316 2717 393 2775 ante
414 2719 603 2797 peccatum,
630 2711 793 2778 Adamum
813 2708 900 2778 inter
921 2721 955 2778 et
974 2708 1085 2777 Eram.
1116 2710 1161 2777 tr

227 2799 492 2885 matrimonium,
515 2803 603 2891 quod
625 2815 702 2871 ante
721 2814 895 2892 peccatum
925 2811 997 2872 crat
1026 2803 1059 2870 in
1088 2802 1162 2871 offi-

223 2892 313 2960 cium
335 2893 504 2963 dumtaxat
520 2906 673 2979 naturae,
690 2907 724 2967 et
737 2896 853 2985 copula
867 2895 992 2966 carnali
1012 2896 1159 2965 nondum

226 3006 243 3054 a
265 2989 555 3076 protoparentibus
568 3002 854 3069 consummatum,
878 3001 915 3058 ut
934 2989 1162 3061 Catectrismus

226 3077 323 3148 Rom.
345 3080 497 3152 observat
515 3104 550 3172 p.
571 3080 593 3149 d
612 3085 654 3153 de
682 3082 827 3153 Sacram.
850 3083 944 3151 Matr.
968 3103 1002 3151 n.
1024 3080 1164 3173 8,post

223 3186 397 3263 peccatum
418 3175 606 3246 factumest
625 3177 724 3247 etiarn
745 3177 779 3246 in
799 3177 985 3246 remedium
1003 3176 1160 3267 concupi·

225 3268 384 3337 scantiae.

272 3360 366 3431 Circa
386 3373 615 3452 tempusque
636 3362 887 3433 matrimonium
909 3365 949 3433 ad
966 3361 1161 3433 Sacramen-

227 3462 297 3520 tum
320 3467 466 3523 evectum
489 3477 506 3523 a
526 3456 659 3526 Christo
676 3456 748 3540 suit,
759 3456 919 3546 'theologi
937 3457 1069 3526 intense
1082 3476 1162 3524 coa·

144 3620 147 3626 ,
226 3546 345 3616 cordes
363 3548 559 3640 neutiquam
581 3562 776 3620 noscuntur.
808 3549 948 3631 Quidam
969 3549 1058 3621 enim
1079 3548 1162 3618 ittud
