2642 4175
242 449 251 470 ἡ
287 376 355 440 aot
622 386 727 435 orror
743 389 792 436 ru.

240 490 355 574 exuri,
378 489 442 560 rite
462 486 714 559 matrimonium
729 488 951 573 contrahunt,
968 489 997 559 si
1012 490 1172 580 parochus

240 584 327 654 adsit
344 582 417 653 eins
437 581 513 666 loci,
536 581 592 651 ubi
606 583 744 672 degunt,
764 583 901 674 quippe,
915 583 944 653 si
962 605 1021 673 per
1039 584 1172 675 aliquod

241 677 401 767 temporis
422 675 566 765 spatium
580 674 614 745 in
634 677 751 746 eodem
773 677 845 746 loco
865 689 1050 764 versentur,
1072 678 1172 748 ιΙοιιιὶ·

239 771 365 853 cilium,
389 771 437 840 vel
457 768 553 860 quasi
572 769 802 853 domicilium,
824 771 914 860 quod
934 771 1014 841 satis
1034 784 1107 856 est,
1130 773 1169 842 ad

240 863 490 934 matrimonium
517 862 779 952 perficiendum,
801 864 866 933 sibi
885 863 1076 934 conciliant.
1097 889 1111 931 ι
1133 865 1169 934 ln

239 957 321 1029 lust.
337 954 394 1041 88,
417 954 526 1027 ιι.10.
542 957 725 1042 hlonacelli,
744 957 955 1048 aliorumque
974 959 1170 1028 sententiam

240 1049 391 1122 Pontifex
409 1051 592 1141 approbat,
616 1052 678 1141 qui·
695 1051 841 1120 validum
874 1062 1031 1142 reputant
1061 1052 1171 1123 matri·

240 1144 390 1215 monium
407 1156 613 1219 contractum
632 1166 650 1213 a
670 1145 793 1234 puella,
809 1165 896 1235 quae
923 1145 1033 1216 existit
1048 1145 1083 1218 in
1102 1167 1171 1217 mo·

240 1238 410 1324 nasterio,
432 1238 472 1308 nd
492 1251 599 1308 crates
629 1238 822 1310 monasterii
843 1259 955 1309 eoram
983 1238 1122 1308 testibus
1141 1252 1172 1309 et

240 1333 386 1421 parocho
411 1332 578 1402 Ecclesiae
598 1332 811 1420 parochialis,
829 1332 917 1401 intra
936 1329 1031 1401 cuius
1050 1332 1187 1403 limites·

242 1424 481 1495 monasterinm
512 1424 613 1496 sitnm
633 1437 696 1496 est.
718 1425 812 1496 Unde
832 1438 938 1516 patet,
961 1425 1040 1516 quid
1061 1426 1171 1496 dicen·

240 1517 319 1586 dum
341 1517 384 1585 sit
408 1518 448 1587 de
472 1518 513 1586 iis
534 1518 589 1608 qui
607 1518 825 1602 educationis,
848 1520 1037 1604 famulatus,
1060 1541 1099 1588 ac
1124 1520 1169 1589 ol·

239 1610 307 1679 licii
327 1610 500 1679 exercendi
526 1632 648 1695 causa,
671 1612 704 1681 iu
723 1613 952 1696 monasteriis,
974 1613 1170 1694 seminariis,

239 1703 381 1793 lucrique
401 1703 556 1772 domibus
575 1719 837 1775 commorantur.
859 1706 899 1773 lli
920 1706 1014 1797 quasi
1033 1705 1171 1775 domici·

239 1796 322 1865 lium
333 1797 450 1866 saltem
465 1796 511 1865 ibi
525 1798 715 1888 acquirunt,
726 1799 829 1869 relate
849 1801 889 1867 ad
908 1799 1167 1883 matrimonium,

239 1888 500 1960 licetauimnm
535 1892 678 1962 habeant
718 1892 784 1961 alio
815 1905 927 1982 postca
963 1892 1168 1976 divertendi,

240 1984 432 2075 patriosque
445 1986 544 2069 lares,
560 1985 617 2054 ubi
636 2006 752 2055 verum
770 1986 863 2055 adest
880 1985 1099 2070 domicilium,
1116 2006 1168 2056 re·

239 2078 384 2163 meandi,
405 2079 556 2171 adeoque
577 2078 684 2149 valide
708 2079 909 2150 contrahunt
938 2101 1048 2150 coram
1076 2102 1171 2171 paro·

239 2171 315 2256 cho,
337 2172 373 2242 in
393 2173 488 2245 cuins
509 2173 659 2263 paroecia
692 2185 742 2242 est
762 2173 896 2257 domus,
920 2174 1169 2257 monasterium,

241 2277 275 2334 et
306 2266 537 2336 seminarium.
576 2265 754 2347 Quaeritur
797 2266 852 2336 bic
882 2266 962 2357 quid
995 2268 1170 2337 dicendum

239 2360 521 2450 statuendnmqne
536 2359 590 2442 sit,
613 2360 654 2429 de
670 2360 804 2429 lamulis
837 2372 871 2430 et
890 2360 1043 2443 ancillis,
1066 2361 1171 2450 deque

240 2452 361 2540 puellis
381 2452 415 2521 iu
434 2452 636 2523 monasterio
664 2453 862 2542 degentibus
877 2476 921 2544 ac
939 2454 981 2523 de
999 2453 1171 2524 iuvenibus

239 2543 274 2613 in
294 2545 406 2635 aliquo
432 2546 572 2634 collegio
598 2546 718 2618 studiis
750 2547 912 2632 addictis,
952 2548 1010 2638 qui
1041 2559 1172 2638 praeter
1251 2620 1254 2623 ,

239 2638 334 2727 quasi
354 2637 558 2707 domicilium
593 2640 627 2709 iu
646 2640 785 2711 aedibus
805 2640 903 2726 beri,
927 2640 961 2711 in
996 2641 1167 2725 coenobio,

240 2751 279 2800 ac
290 2731 443 2820 collegio,
461 2733 633 2823 proprium
648 2734 748 2804 etiam
763 2746 952 2825 paternum,
968 2749 1167 2817 maternum,

239 2844 278 2893 ac
298 2825 481 2894 fraternum
503 2828 709 2896 domicilium
730 2828 765 2897 in
784 2828 848 2898 alia
881 2828 1030 2899 eiusdem
1059 2827 1170 2897 cirita·

240 2917 283 2985 tis
311 2919 462 3007 paroecia
491 2921 665 2992 obtinenti
696 2920 763 2991 llos
789 2942 906 2991 omnes
921 2921 1169 2992 matrimonium

242 3011 438 3083 contrahere
466 3013 587 3085 debere
607 3034 718 3084 coram
739 3016 884 3104 parocho
917 3014 1020 3106 ipsius
1056 3032 1169 3105 paroc·

240 3102 322 3191 ciae,
344 3104 378 3175 in
400 3127 465 3197 qua
485 3108 609 3179 habeut
626 3129 742 3177 verum
758 3108 988 3191 domicilium,
1009 3108 1169 3198 praescri-

240 3197 289 3266 bit
308 3211 467 3273 statutnm
486 3201 572 3271 Cleri
593 3200 733 3271 Romani
753 3223 784 3271 c.
803 3201 838 3285 lt,
860 3203 876 3292 g
895 3200 954 3270 tl.
975 3198 1169 3273 Benedictus

238 3290 306 3359 lllll
321 3314 395 3362 cnm
411 3305 498 3364 esset
515 3294 790 3385 hrchiepisccpus
809 3295 1038 3376 Bononiensis,
1051 3296 1092 3365 ad
1106 3290 1169 3363 dis·

239 3384 410 3455 sensiones
428 3407 555 3471 omues,
584 3387 706 3458 silleri
727 3402 859 3477 posset,
882 3411 901 3458 c
930 3388 1039 3458 medio
1058 3388 1171 3459 tollen·

241 3476 311 3557 das,
333 3477 416 3548 baec
441 3480 541 3551 edixit
572 3481 652 3550 lust.
674 3479 732 3567 33,
768 3503 803 3552 n.
844 3481 888 3552 16
908 3481 1041 3551 innixus
1073 3480 1168 3550 citato

240 3579 376 3640 statuto:
398 3598 412 3640 r
431 3571 463 3641 Si
484 3574 606 3663 puella,
626 3597 712 3665 qnae
733 3575 936 3647 matrimonii
957 3575 1058 3649 fidem
1076 3593 1169 3664 prae·
