2642 4175
520 386 681 435 neenunrx
698 388 721 435 1.
975 380 1040 438 455

199 487 348 572 Varum,
371 489 434 558 boo
457 491 554 573 tosa,
577 489 707 559 silentio
728 490 910 578 praeterire
930 512 997 560 uon
1014 513 1089 582 pns-

152 602 276 651 snmus
309 595 371 652 art.
409 581 500 666 108,
524 584 644 673 inquo
669 585 849 653 statuitur:
869 585 902 654 tt
925 587 1091 654 matrimo-

150 679 208 745 nio
223 684 388 746 oontrntto
406 698 499 745 senno
519 677 546 744 tt
565 697 716 747 consenso
746 678 833 767 deqii
862 680 1091 763 ascendemus

151 771 205 838 del
224 772 384 859 eoasiqlr'o
404 772 440 839 eii
456 771 620 859 snmiqlin,
632 793 648 839 e
662 773 698 840 eto·
718 774 820 840 tutelo
834 777 901 861 puo‘
915 795 1014 842 essere
1033 775 1091 842 im·

146 873 303 953 manto
322 865 410 933 dolie
425 886 570 954 persone,
600 866 683 934 delle
702 866 870 955 quatiere
894 868 1044 935 riobiesto
1063 868 1091 935 ii

151 978 322 1041 consenso,
344 959 420 1027 edo
436 959 544 1049 quello
562 959 650 1048 deqli
668 960 765 1049 spesi,
788 961 824 1028 di
843 962 896 1029 eui
914 961 941 1027 it
960 980 1091 1029 consea-

150 1071 187 1118 so
205 1073 267 1121 era
285 1055 474 1121 neomsnrio.
498 1052 544 1120 Ex
564 1074 630 1142 quo
650 1053 790 1122 articulo
811 1054 990 1135 deseendit,
1013 1074 1092 1122 euu-

152 1145 298 1215 nubium
320 1146 353 1214 in
374 1167 452 1215 casu
474 1146 663 1236 impugnari
684 1166 780 1236 posse
800 1159 869 1215 tum
891 1148 932 1214 ub
946 1148 1000 1230 tn,
1014 1167 1094 1236 quo·

152 1257 230 1307 rum
255 1259 435 1310 consensus
456 1240 715 1330 requirebatur,
739 1252 808 1308 tum
829 1261 847 1309 n
866 1260 1011 1331 sponso,
1034 1238 1092 1331 qui

152 1351 323 1402 consensu
353 1333 544 1403 huiusmodi
565 1335 605 1402 ad
627 1334 877 1403 matrimonium
909 1333 1091 1402 ineundum

154 1423 339 1515 indigebat.
363 1427 483 1496 Verum
505 1428 537 1496 in
559 1426 663 1517 priori
688 1445 793 1510 nasu,
817 1427 979 1498 nullitatis
1008 1426 1092 1496 actio

151 1521 277 1613 nequit
299 1522 442 1610 amplius
461 1521 635 1604 intentari,
658 1521 685 1589 si
705 1520 723 1588 t
743 1575 751 1605 ,
774 1522 846 1606 ilii,
870 1542 1013 1611 quorum
1035 1542 1093 1610 po·

153 1612 346 1684 stulabstur
366 1634 570 1698 consensus,
594 1615 767 1706 explicite,
790 1616 839 1685 vet
859 1616 958 1686 tacite
980 1613 1093 1684 matri·

153 1708 308 1777 monium
323 1709 587 1798 approbaverint,
605 1710 631 1778 si
646 1708 668 1776 b
687 1711 853 1799 integrum
872 1720 1043 1793 semestre,
1055 1729 1094 1777 ex

154 1821 223 1889 quo
247 1801 495 1873 matrimonium
517 1802 597 1892 ipsis
617 1802 819 1888 innotuerit,
838 1804 972 1873 nemine
992 1803 1094 1872 resin·

152 1906 281 1974 munte,
301 1897 448 1985 elapsum
468 1897 581 1978 suerit,
600 1895 664 1964 hos
684 1909 745 1979 est,
764 1908 801 1965 ut
814 1897 922 1966 verbis
937 1908 1013 1965 utar
1027 1906 1089 1965 art.

152 1985 239 2074 tou,
258 1991 388 2078 quondo
405 1991 433 2058 it
451 1990 661 2058 matrimonio
675 1989 728 2057 sio
740 1997 825 2058 stato
847 1997 1095 2079 espressumonte

153 2080 399 2153 otnottnmente
418 2089 618 2180 approvato,
646 2105 664 2150 o
689 2083 819 2172 quando
849 2083 941 2151 doliu
972 2082 1094 2151 notizia

155 2177 209 2245 del
237 2186 396 2247 eontrotto
414 2178 625 2247 matrimonio
655 2177 749 2247 siano
782 2176 935 2247 tresenrsi
951 2177 999 2244 sei
1017 2179 1095 2244 mesi

153 2289 251 2340 senen
271 2272 441 2340 mubiano.
458 2271 495 2340 ln
515 2271 660 2340 seeundo
681 2292 771 2353 casu,
794 2270 919 2361 pariter
936 2269 1021 2338 aetio
1041 2270 1095 2338 de·

154 2375 318 2455 negatur,
337 2365 364 2434 si
386 2385 550 2455 sponsus,
573 2375 749 2454 postquam
770 2385 894 2433 annum
915 2362 1094 2452 praestitu-

155 2469 230 2527 tum
252 2459 411 2547 attigerit,
429 2472 589 2528 semestre
609 2459 695 2529 elabi
716 2458 916 2549 permiserit,
939 2456 1019 2547 quin
1040 2475 1093 2526 re·

155 2574 292 2621 cursum
312 2553 463 2636 baberet,
485 2555 560 2622 end.
583 2565 647 2624 art.
664 2555 680 2644 ᾗ
697 2553 731 2622 1;
749 2553 899 2622 L’ozt'one
917 2573 984 2634 non
998 2554 1095 2640 petrei

155 2667 259 2715 essere
275 2667 445 2736 promosso
464 2648 522 2716 dut
540 2649 686 2736 eoninqe,
703 2648 852 2738 rhodope
867 2648 1046 2736 ruqqiaonto
1060 2646 1094 2714 tn

154 2742 305 2828 mnpqior
323 2743 393 2823 etei,
412 2741 455 2808 bn
476 2741 609 2810 tornato
630 2751 821 2811 troseorrere
838 2742 885 2809 sei
902 2742 983 2809 mesi
1000 2761 1095 2809 senen

154 2835 212 2918 fur
232 2834 402 2902 ricbinmo.
426 2833 547 2914 Quaeri
570 2834 625 2901 bie
645 2845 765 2924 potest,
785 2855 826 2901 an
847 2849 953 2902 annus
967 2831 1008 2900 nt
1026 2834 1094 2901 suf·

156 2926 260 3011 ficiat,
279 2928 410 3017 quando
431 2928 550 2996 adsunt
570 2927 801 2996 ascendentes?
820 2927 968 3016 Toultier
988 2925 1095 3014 sequi·

156 3034 214 3086 tur
231 3023 427 3090 sententiam
450 3021 677 3091 affirmativam
693 3041 767 3089 eum
782 3020 1014 3089 Delrinoourt:
1036 3020 1093 3087 sed

158 3115 271 3183 Merlin
293 3127 386 3203 putat
404 3114 532 3204 requiri
550 3136 674 3183 sunum
690 3113 748 3197 25,
769 3115 857 3204 quia,
880 3112 1083 3182 exstantibus

156 3209 371 3297 parentibus,
394 3210 513 3301 coniux
543 3218 615 3300 post
643 3210 732 3277 buno
754 3228 877 3278 annum
898 3205 1084 3292 consentire

155 3309 283 3373 tantum
302 3313 424 3394 potest.

155 3448 257 3516 belgio,
277 3449 303 3499 in
322 3447 460 3499 Hoiiondia
479 3465 508 3500 ne
529 3450 554 3500 iu
569 3449 689 3501 omnibus
702 3449 783 3501 terme
795 3446 955 3515 regionibns,
965 3443 1009 3495 ubi
1022 3443 1094 3497 adest

155 3526 196 3577 tex
207 3525 293 3577 uiuitis
305 3541 373 3593 quse
387 3526 571 3594 impedimenta
583 3526 731 3578 dirimentis
744 3526 937 3578 matrimonium
950 3521 1092 3584 constituit,

153 3600 244 3654 eadem
262 3618 379 3670 prorsus,
398 3602 431 3654 de
443 3603 492 3657 bau
503 3620 543 3668 re,
555 3604 778 3673 praescribuntur.
