2642 4175
301 292 366 348 254
506 261 513 272 ’
636 297 739 343 cmm
756 297 802 341 111.

254 398 482 480 Parochi,non
497 396 723 466 Paroclrorum
740 394 1018 483 requirat,neque
1028 395 1198 482 exprimat
1309 395 1310 440 ἶ

254 517 299 564 an
317 493 393 577 viri,
416 512 458 561 an
479 489 642 573 mulieris,
665 499 835 576 receptum
857 497 929 570 est,
949 488 1037 577 quod
1067 487 1196 557 alteru·
1309 491 1310 510 ³

258 587 343 659 trius
366 582 636 655 contrahentium
663 579 801 650 Parochi
830 580 1016 669 praesentia
1036 580 1191 651 sufficiat.
1308 631 1310 654 .

257 681 466 769 Quamquam
488 676 576 746 enim
596 676 629 743 S.
647 675 684 744 G.
699 675 735 743 C.
755 694 796 743 an
815 671 919 758 1571,
937 674 996 742 lib.
1011 672 1043 752 l,
1059 673 1194 743 Decret.
1308 663 1310 686 '

258 796 335 864 pag.
357 771 426 840 115
447 771 675 855 interrogata:
700 791 715 833 ι
735 766 908 836 cuiusnam
935 766 1075 837 Perochi
1095 788 1194 856 prae·
1240 840 1243 843 ,

256 867 363 937 sentia
383 863 594 955 requiratur?
614 860 788 950 Sponsiue‚
812 880 852 929 on
874 858 1031 949 Sponsae,
1052 880 1094 929 au
1114 882 1194 931 vero

257 961 458 1049 utriusque,
481 977 523 1025 an
553 955 653 1025 etiam
685 953 823 1024 alterius
849 952 989 1022 Paroclri
1009 974 1192 1023 consensus

255 1053 416 1122 accedere
436 1049 572 1120 debeat‘l
594 1073 608 1115 ι
632 1047 860 1136 responderit:
884 1071 898 1113 ι
924 1047 969 1115 dd
989 1047 1194 1117 matrimonii
1309 1069 1310 1102 t

256 1147 459 1216 validitatem
494 1142 647 1211 sufficere
679 1140 901 1229 praesentiam
930 1140 1033 1209 solius
1052 1139 1194 1209 Perochi

260 1239 388 1329 proprii
406 1236 563 1327 Sponsae,
575 1234 707 1324 quaudo
722 1232 971 1301 matrimonium
985 1233 1017 1301 in
1034 1231 1195 1302 Paroohia

262 1331 409 1422 Sponsae
432 1327 641 1398 contrahitur
657 1349 667 1410 ;
695 1326 849 1394 similiter
868 1325 1019 1395 sufficere
1038 1347 1197 1415 proesen-

261 1425 344 1493 tium'
362 1424 465 1492 solius
499 1419 638 1490 Parochi
673 1418 790 1508 Sponsi
808 1471 817 1502 ,
838 1419 864 1488 si
887 1419 920 1486 in
942 1418 1045 1508 ipsius
1077 1418 1197 1509 Sponsi

260 1516 420 1588 Parochia
443 1514 685 1584 contrahatur:
712 1536 727 1577 ι
754 1512 823 1600 ipsa
842 1524 954 1582 tomen
974 1512 1198 1601 Congregatio

262 1623 373 1697 postea
398 1606 577 1677 declaravit
604 1605 855 1673 matrimonium
875 1606 1007 1689 valere,
1029 1607 1056 1673 si
1079 1604 1198 1693 Sponsi

259 1701 432 1771 Parochus
453 1700 488 1767 in
509 1698 671 1767 Poroohia
694 1696 839 1787 Sponsae
859 1698 984 1787 absque
1004 1698 1076 1767 eius
1098 1698 1200 1768 Paro·

259 1795 314 1864 chi
337 1792 471 1863 licentia
492 1791 705 1861 matrimonio
724 1792 865 1870 assistat,
882 1791 933 1859 vel
952 1790 1131 1861 vicoversa:
1154 1804 1199 1861 ot·
1228 1873 1234 1878 ‚

261 1908 337 1978 que·
353 1890 417 1957 hoc
438 1888 606 1956 decretum
628 1883 784 1953 Summus
813 1883 962 1954 Pontifex
992 1885 1198 1974 approbavit,

261 1983 309 2050 sic
331 1981 556 2071 inposterum
577 1977 771 2068 responderi
792 1976 926 2061 iubens,
948 1978 1036 2067 quod
1055 1990 1200 2049 testatur

262 2077 441 2165 Fagnanus
459 2072 492 2141 in
510 2095 584 2162 cap.
599 2071 692 2153 Quon
713 2090 808 2140 uonrs
825 2070 866 2141 de
883 2072 1041 2141 clandest.
1058 2072 1197 2161 despon.

262 2169 432 2239 Porcellus
460 2181 594 2249 autem,
618 2165 677 2254 qui
698 2164 731 2232 in
750 2165 857 2233 aliena
877 2163 1037 2235 Paroohia
1059 2166 1196 2247 assistit,
1308 2214 1309 2253 ᾗ

262 2262 289 2331 si
307 2260 501 2332 solemniter
522 2259 665 2340 assistat,
687 2257 884 2348 sponsisque
901 2258 1085 2347 nuptialem
1102 2259 1202 2328 bene

261 2355 443 2427 dictionem
466 2352 696 2440 impertiatur,
716 2349 832 2420 illicite
851 2350 944 2440 agit3
967 2352 1148 2441 quemdam
1166 2373 1201 2420 e-

266 2447 334 2517 nim
360 2445 454 2537 quasi
474 2446 649 2533 strepitum
673 2442 883 2512 iudiciarium
905 2455 938 2513 et
955 2444 1201 2515 solemnitatem

265 2540 420 2619 adhibet,
444 2539 531 2627 quod
553 2538 587 2605 in
608 2537 745 2606 alterius
765 2536 933 2606 territorio
952 2538 1091 2607 minime
1110 2539 1198 2606 lieet.

265 2635 307 2702 tt
319 2632 346 2701 si
365 2630 533 2720 privatim,
550 2641 583 2699 et
601 2631 673 2699 sine
692 2630 823 2719 publica
840 2630 981 2720 nuptiali
1001 2630 1203 2699 benedictio·

267 2745 310 2793 ne
329 2723 472 2802 intersit,
491 2722 581 2792 licite
602 2723 736 2804 assistit,
759 2723 859 2813 idque
877 2745 894 2792 a
919 2722 952 2791 S.
972 2723 1010 2793 C.
1030 2724 1067 2793 C.
1091 2724 1202 2793 decla·

267 2826 377 2887 ratum
399 2817 500 2886 luisse
519 2815 613 2886 testis
633 2828 683 2885 est
705 2817 881 2904 Fagnanus
900 2817 964 2885 loo.
985 2817 1041 2886 cit.
1062 2816 1202 2885 Triden-

268 2910 374 2980 tinum
394 2908 481 2979 enim
504 2908 589 2977 nihil
609 2909 769 2999 expressit
788 2910 914 2979 deloco
928 2909 1119 2979 celebrandi
1138 2930 1202 2977 ma-

269 3003 444 3086 trimonii,
467 3003 638 3091 solamque
666 3000 806 3070 Purochi
833 3003 958 3092 proprii
980 3002 1202 3092 praesentiam

269 3098 437 3187 postulat,
459 3097 494 3163 in
516 3116 584 3185 quo
610 3094 723 3163 nullus
753 3107 802 3163 cst
835 3107 927 3165 aetus
961 3094 1202 3164 iurisdictionis

268 3188 505 3271 contentiosae,
528 3188 806 3277 quemadmodum
828 3188 981 3278 superius
999 3188 1157 3256 diximus.

315 3283 374 3351 llle
395 3293 504 3351 autem
524 3292 679 3349 censetur
703 3280 858 3370 proprius
893 3302 964 3351 esse
984 3301 1126 3371 sponsae
1147 3288 1207 3348 aut

269 3374 382 3462 sponsi
403 3373 589 3456 Parochus,
612 3373 646 3441 in
668 3373 762 3444 ouius
789 3375 941 3464 paroecia
971 3392 1115 3463 sponsus
1146 3382 1205 3440 aut
1307 3420 1308 3459 3

269 3486 390 3554 sponsa
410 3467 641 3551 domicilium,
667 3478 724 3536 aut
743 3467 836 3558 quasi
852 3466 1058 3537 domicilium
1092 3465 1207 3534 habet.
1307 3490 1308 3565 l
