2642 4175
280 359 347 420 308
619 370 780 416 oarurnr.

231 488 361 565 plorem
394 481 427 540 et
458 479 587 558 raptam
607 466 741 556 nuptias
760 468 899 552 dirimit,
922 489 988 537 non
1008 481 1178 559 perpetuo

233 567 381 658 quidem,
403 564 460 633 sed
482 561 590 652 quoad
611 561 695 629 haec
717 560 752 630 in
781 561 872 631 illius
893 574 1055 652 potestate
1076 585 1177 633 man·

231 661 324 745 serit,
335 677 450 727 verum
467 656 567 726 etiarn
582 654 671 744 quod
686 655 813 725 recedit
827 676 845 724 a
860 655 934 725 iure
947 656 1174 727 Decretalium

231 755 267 824 in
284 753 340 823 cit.
356 772 430 840 cap.
444 749 485 820 de
498 749 651 837 Raptor„
669 758 835 837 quatenus
851 769 1033 819 consensus
1055 762 1178 839 raptae

233 848 274 917 ad
294 842 536 916 contrahendas
556 840 691 930 nuptias
711 842 861 931 ineptum
895 844 966 913 lore
985 843 1174 926 constituit,

232 939 297 1011 nisi
316 961 335 1009 a
357 948 492 1027 raptore
512 946 664 1024 separata
684 988 693 1019 ,
716 946 749 1005 et
768 934 803 1004 in
822 937 895 1005 loco
917 947 987 1006 tuto
1007 957 1046 1006 ac
1064 936 1177 1006 libero

234 1032 413 1105 constituta
449 1048 647 1100 consensum
682 1028 791 1119 ipsum
823 1030 1039 1120 praestiterit.
1076 1029 1178 1100 Unde

234 1137 441 1217 compertum
463 1134 538 1206 est,
561 1133 693 1212 raptum
715 1142 754 1192 ex
772 1121 847 1204 iure
866 1123 1085 1194 Decretalium
1102 1143 1175 1193 non

236 1221 336 1292 aliam
357 1220 400 1289 ob
419 1236 554 1288 causam
573 1215 733 1286 caliditati
764 1215 958 1305 nuptiarum
989 1217 1173 1299 obstitisse,

231 1315 296 1383 nisi
317 1314 359 1383 ob
380 1312 445 1380 rim
465 1311 591 1379 illatam
613 1321 646 1379 et
665 1308 831 1379 delectum
855 1309 953 1380 liberi
975 1331 1171 1392 consensus,

234 1407 322 1497 quod
344 1402 621 1493 impedimentum
655 1412 706 1473 est
725 1402 807 1472 iuris
841 1403 1014 1474 naturalis.
1043 1403 1088 1471 llr
1110 1403 1175 1472 de-

236 1511 327 1570 creto
349 1508 459 1568 autem
474 1495 668 1565 Tridentino
682 1506 797 1585 raptus
816 1496 926 1568 irritat
944 1496 1075 1587 nuptias
1094 1498 1175 1566 iure

234 1593 336 1664 etiarn
358 1587 604 1671 ecclesiastico,
628 1610 730 1678 quum
751 1589 878 1659 scilicet
896 1602 1052 1660 manente
1072 1601 1174 1679 rapta

237 1686 272 1754 in
288 1693 451 1775 potestate
469 1681 612 1771 raptoris
633 1682 885 1752 matrimonium
903 1685 1033 1754 nullum
1051 1699 1084 1754 et
1099 1683 1179 1751 irri-

237 1790 309 1849 tum
331 1788 402 1860 est,
421 1774 572 1865 quamvis
592 1776 703 1864 puella
734 1787 826 1865 rapta
856 1797 923 1848 non
943 1778 1054 1848 animo
1073 1798 1178 1866 repu-

237 1882 372 1963 gnante,
389 1871 445 1940 sed
466 1869 567 1952 ultro,
585 1869 797 1958 libenterque
815 1871 1030 1941 consenserit.

283 1964 395 2054 Aliqui
427 1962 623 2033 Ganonistae
644 1962 854 2051 distinguunt
873 1964 1038 2053 duplicem
1058 1974 1178 2052 raptus

239 2058 409 2148 speciem;
440 2057 582 2127 alterum
616 2055 785 2146 appellent
814 2069 946 2147 raptum
978 2055 1174 2141 violentum,

236 2154 380 2223 alterum
415 2150 677 2220 fraudulentum.
697 2149 823 2239 Raptus
854 2151 1016 2221 violentus
1033 2150 1076 2221 =is
1108 2162 1173 2234 est,

235 2267 336 2336 quem
355 2265 456 2334 supra
474 2242 705 2326 delinivimus,
726 2265 794 2332 quo
813 2244 940 2315 scilicet
959 2265 1099 2334 persona
1121 2244 1175 2312 in-

233 2341 299 2409 vita
317 2361 355 2408 ac
375 2336 522 2408 renitens
542 2356 603 2425 per
623 2335 686 2405 vim
707 2337 883 2406 abducitur
910 2339 1021 2408 animo
1053 2336 1173 2405 matri-

237 2433 387 2501 monium
406 2450 482 2498 cum
505 2430 575 2518 ipsa
596 2430 826 2499 contrahendi.
850 2430 958 2511 Quare
978 2433 1018 2500 ad
1039 2440 1174 2520 raptum

234 2526 415 2594 violentum
448 2522 531 2590 haec
565 2523 627 2590 tria
649 2524 884 2611 postulantur,
905 2524 1078 2608 violentia,
1113 2522 1177 2592 ab·

238 2617 351 2686 ductio
386 2627 419 2685 et
449 2614 525 2683 finis
556 2616 758 2685 matrimonii
793 2615 942 2686 ineundi.
982 2618 1020 2686 ln
1056 2615 1178 2707 primis

173 2784 178 2793 ,
237 2710 351 2798 itaque
383 2707 595 2798 requiritur,
625 2719 664 2782 ut
682 2709 804 2779 mulier
835 2709 977 2799 pervim
1004 2731 1062 2779 seu
1090 2709 1177 2800 phy-

235 2804 359 2887 sicam,
379 2801 566 2870 cuiusmodi
595 2813 644 2871 est
669 2802 811 2872 violenta
844 2823 1003 2873 manuum
1024 2803 1172 2883 iniectio,

235 2917 294 2966 seu
320 2897 480 2965 moralem
496 2893 578 2989 ,uti
599 2915 715 2983 graues
741 2899 868 2980 minae,
901 2897 1076 2987 gravisque
1103 2916 1176 2965 me-

234 3002 306 3074 tus,
331 2990 398 3058 sive
417 2989 459 3057 ab
479 2988 550 3078 ipso
570 2994 723 3077 raptore,
746 2989 814 3059 sive
834 3010 851 3057 a
872 2991 1079 3059 mandatorio
1101 2989 1176 3058 illa·

233 3095 302 3152 tam
323 3084 517 3153 abducatur:
541 3080 568 3150 si
589 3081 678 3150 enim
700 3081 791 3151 solae
806 3082 1028 3153 adhibeantur
1047 3084 1177 3172 impor-

236 3187 339 3246 tunae
367 3196 504 3265 preces,
534 3173 598 3244 nisi
627 3176 711 3244 tales
738 3175 828 3257 sint,
850 3185 887 3243 ut
911 3176 1086 3245 violentiae
1119 3195 1177 3244 ae·
1206 3242 1209 3247 .

239 3270 483 3360 quiparentur‚
513 3287 581 3337 non
601 3268 666 3337 erit
685 3279 800 3357 raptus
828 3268 1003 3339 violentus.
1024 3269 1178 3358 ltemque

234 3365 263 3431 si
285 3363 407 3432 mulier
427 3361 555 3432 etiamsi
574 3361 637 3430 sub
659 3361 767 3450 patria
787 3373 961 3451 potestate,
976 3364 1028 3432 vel
1045 3362 1109 3431 sub
1126 3375 1179 3431 tu·

236 3456 302 3523 tela
323 3455 500 3524 constituta
520 3454 585 3537 sit,
609 3454 733 3524 intuitu
759 3454 962 3525 matrimonii
989 3455 1180 3525 consentiat

239 3547 364 3636 raptui,
384 3548 533 3638 quamvis
552 3548 741 3619 violentiam
764 3549 933 3639 patiantur
951 3560 1106 3639 parentes
1126 3549 1180 3617 vel
