2642 4175
316 393 360 437 ua
378 390 654 438 rnoaurarsrraus
674 393 873 440 marniacum
949 385 1014 444 403

122 490 258 570 sublato
277 488 391 559 libello
411 489 554 578 repudii,
577 490 828 561 matrimonium
848 494 888 563 ad
910 498 1062 567 eamdem

125 583 330 673 primaevam
349 604 444 653 suam
464 582 707 654 institutionem
727 584 800 674 lege
814 594 874 656 sua
888 590 1064 677 revocavit,

125 676 355 766 patetutique
385 676 473 766 quod
494 698 533 746 ea
552 676 614 747 hac
636 675 758 747 Christi
791 680 865 769 lege
899 684 1062 771 quaedam

125 769 268 859 repudia
287 771 374 860 apud
405 769 554 839 infideles
587 770 714 839 luerint
747 793 884 861 prorsus
917 775 1059 857 sublata,

126 864 318 952 meritoque
338 863 451 935 lunoc.
471 862 516 931 lll
534 863 569 932 iu
590 862 678 934 dicto
698 884 770 954 cap.
787 865 968 937 Gauranos
988 867 1064 940 8de
1153 946 1156 949 ,

125 955 192 1025 div.
213 957 404 1038 declaravit,
428 956 544 1046 «quod
565 956 720 1040 infidelis,
742 959 800 1047 qui
817 961 1000 1030 secundum
1018 964 1065 1030 ri·
1132 990 1135 995 ·

128 1062 201 1119 tum
228 1070 328 1119 suum
355 1049 540 1137 legitimam
564 1050 754 1138 repudiavit
784 1073 944 1135 uxorem,
966 1055 1065 1124 aliam

127 1143 231 1212 etiam
252 1143 293 1212 ad
312 1142 410 1211 fidem
434 1162 610 1213 conversus
629 1142 754 1213 habere
777 1165 842 1214 non
864 1146 979 1235 possit,
1001 1147 1065 1217 nisi

128 1248 205 1324 post
246 1235 521 1318 conversionem,
556 1235 612 1304 illa
646 1249 767 1306 renuat
800 1238 950 1331 habitare
989 1261 1064 1310 cum

126 1329 213 1416 ipso,
238 1329 414 1400 autetiam
435 1329 462 1398 si
484 1327 691 1413 consentiat,
723 1351 789 1399 non
811 1343 921 1401 tamen
941 1333 1066 1424 absque

130 1423 333 1492 contumelia
366 1422 548 1504 creatoris,
570 1420 621 1490 vel
653 1433 691 1491 ut
722 1445 793 1492 eam
827 1425 998 1513 pertrahat
1025 1428 1065 1496 ad

127 1517 273 1586 mortale
300 1526 471 1605 peccatum
493 1538 507 1581 v
532 1535 617 1605 quae
638 1516 818 1587 declaratio
839 1516 1007 1590 Pontificio
1028 1542 1067 1590 ex

127 1610 247 1678 eodem
269 1609 396 1679 ratione
411 1608 451 1677 ad
464 1628 695 1697 eumquuquo
715 1631 885 1682 cosum‘se
906 1613 1063 1698 extendit,

127 1723 195 1790 quo
215 1701 373 1783 infidelis,
391 1701 564 1790 repudiata
584 1722 644 1770 sua
670 1703 818 1791 legitima
842 1727 968 1791 uxore,
989 1729 1065 1777 cum

128 1795 275 1865 secunda
294 1794 505 1877 contraxerim
525 1806 677 1884 suscepto
697 1797 787 1865 enim
806 1797 1003 1888 baptismate
1020 1801 1067 1869 di·

129 1888 235 1959 mittit
251 1889 443 1972 secundam,
459 1899 493 1967 et
511 1887 707 1957 adhaerebit
720 1889 847 1977 primae
862 1894 1065 1980 repudiatae,

129 1982 259 2051 etiarnsi
273 1981 356 2050 haec
368 2002 443 2050 euru
459 1979 524 2049 alio
541 1980 768 2050 contraxisset.
785 1982 864 2050 Vide
881 1983 918 2051 L.
936 1985 1012 2072 Hug
1025 1987 1067 2055 de

127 2074 285 2161 Coniugii
296 2073 530 2155 llatr.vinoulo
545 2073 779 2158 indissolubili,
789 2075 942 2164 Friburgi
959 2075 1067 2147 tato.

172 2169 326 2258 Denique
344 2168 522 2259 quamdam
540 2167 640 2236 etiam
661 2167 839 2256 specialem
861 2168 1064 2255 firmitatem,

126 2281 187 2331 seu
208 2260 536 2334 indissolubilitatem
568 2259 713 2351 acquirit
747 2261 998 2332 matrimonium
1028 2286 1068 2334 ex

130 2356 262 2426 ratione
278 2353 490 2437 sacramenti,
506 2353 629 2443 dequo
645 2353 775 2424 consuli
789 2367 947 2444 poterunt
959 2357 1067 2427 Theo·

128 2446 211 2538 logi.
231 2450 274 2516 ht
291 2448 346 2517 hio
365 2446 543 2516 mirabitur
556 2449 704 2517 >fortasse
734 2447 880 2539 aliquis,
903 2449 930 2518 si
951 2450 1067 2520 matri·

128 2542 281 2612 monium
303 2562 371 2610 nou
391 2541 502 2610 minus
521 2560 560 2609 ex
578 2543 746 2631 primaeva
765 2562 825 2612 sua
845 2542 1064 2626 institutione,

128 2655 166 2705 ac
187 2634 314 2705 Christi
346 2636 444 2723 lege,
467 2655 568 2723 quarn
599 2656 637 2704 ex
672 2634 876 2706 Sacramenti
906 2637 1067 2727 dignitate

129 2728 300 2798 vinculum
318 2727 406 2817 parit
421 2726 670 2811 indissolubile,
692 2749 753 2798 cur
781 2751 857 2800 nam
888 2729 1067 2801 Christiani

125 2820 365 2912 Imperatores,
384 2833 565 2910 propagato
585 2820 650 2890 ianr
670 2842 729 2909 per
749 2834 856 2901 toturn
885 2822 1064 2913 Imperium

128 2914 314 3004 evangelio,
334 2915 447 3004 plures
465 2913 665 2999 evulgarunt
686 2914 799 3001 leges,
822 2913 945 3004 quibus
963 2916 1068 2985 disso-

129 3006 214 3077 lutio
235 3006 442 3077 matrimonii
465 3004 618 3095 pluribus
637 3004 673 3074 iu
693 3006 822 3074 casibus
852 3007 1068 3096 permitteba-

126 3111 198 3185 tur,
221 3112 258 3170 ut
278 3100 388 3169 videre
408 3109 459 3170 est
475 3110 546 3168 tum
568 3098 602 3167 iu
623 3097 728 3168 titulis
748 3100 789 3168 de
805 3100 953 3189 repudiis
970 3112 1004 3170 et
1022 3103 1069 3170 di·

130 3193 258 3277 vortiis,
277 3194 335 3282 qui
358 3204 506 3282 perstant
525 3193 560 3260 in
577 3192 689 3262 codice
711 3203 743 3261 et
760 3192 794 3260 iu
808 3193 858 3275 ff,
881 3205 949 3261 tum
969 3194 1066 3262 etiam

131 3285 166 3354 iu
185 3285 345 3356 hbvellisl
363 3288 404 3355 At
422 3286 564 3355 cessabit
583 3284 771 3367 admiratio,
787 3286 814 3354 si
835 3286 967 3375 duplex,
983 3308 1068 3377 quae

131 3377 212 3470 ipsis
231 3378 493 3468 Imperatoribus
523 3380 609 3448 lavet
628 3378 847 3450 excusationis
876 3380 974 3461 ratio,
992 3402 1069 3470 por·

132 3475 310 3560 pendatur.
331 3471 428 3542 Prior
447 3482 514 3557 ost,
537 3472 626 3558 quod
655 3472 817 3553 divortia,
837 3492 894 3542 seu
916 3474 1066 3565 repudia,

128 3565 252 3653 quibus
279 3564 483 3635 matrimonii
516 3564 685 3634 vinculum
719 3566 974 3652 dissolveretur,
1002 3589 1071 3637 uon
