2642 4175
361 299 405 342 oe
422 298 658 344 ιιιιιιιιιιιιιιιιι
677 298 877 345 ιιιιιιιιιοιιι
975 290 1041 347 157

66 388 75 403 ’
150 394 300 476 tercedit,
313 375 413 465 nullo
429 408 524 486 pacto
542 396 695 486 impedit,
714 397 893 506 quominus
912 400 1014 469 irater
1030 424 1091 490 per

149 489 400 560 matrimonium
422 491 537 559 evadat
555 502 654 580 caput
673 492 809 574 sororis,
828 492 910 582 quin
930 494 997 563 imo
1018 494 1090 585 ipsa
1195 531 1198 538 ·

150 584 400 674 praerogativo,
422 604 522 674 quam
542 585 705 666 maseuli,
728 586 904 656 nobilioris
919 608 1016 657 sexus
1035 611 1087 658 ra·

147 677 254 762 tione,
279 689 433 748 enatura
455 699 557 767 supra
574 699 707 748 sorores
726 680 849 750 babere
867 682 1061 766 videntur,
1053 705 1087 751 ιιι
1151 719 1158 727 ’

147 770 224 862 ipso
238 770 453 842 matrimonio
472 792 549 841 cum
581 773 700 842 iisdem
718 775 888 844 sororibus
917 788 1088 847 contracto

147 864 369 936 adamussim
390 877 632 955 praeservatur.
656 867 740 936 Cum
769 880 941 957 praeterea
966 870 1088 940 fratres

146 959 236 1029 inter
253 980 444 1029 ausorores
465 980 530 1029 non
551 960 741 1029 verificetur
767 962 853 1031 mtio
873 962 1029 1051 principii
1054 979 1087 1033 et

145 1052 352 1144 principiali,
374 1065 412 1122 ut
429 1055 562 1123 subolae
585 1056 771 1144 loquuntur
787 1108 796 1137 ,
818 1076 881 1124 neo
899 1056 1090 1125 verificetur

144 1149 233 1219 ratio
254 1147 439 1236 superioris
458 1147 593 1238 proprie
613 1148 699 1218 diota
721 1149 762 1218 ad
780 1149 986 1234 interiorem,
1010 1171 1085 1240 pro-

146 1242 233 1312 fectu
251 1262 319 1313 uec
334 1241 387 1310 ius
402 1242 562 1325 familiae,
583 1263 646 1311 nec
663 1254 806 1312 naturae
828 1245 908 1312 ordo
926 1264 987 1333 per
1003 1244 1088 1333 ipso·

146 1356 221 1404 rom
256 1336 471 1404 matrimonia
504 1337 573 1405 ullo
603 1338 702 1406 modo
734 1337 949 1408 subvertitur.
987 1338 1088 1407 Facto

147 1450 223 1500 voro
242 1440 372 1499 constat
407 1451 467 1520 per
487 1430 627 1499 fratrum
671 1443 704 1500 et
739 1452 893 1500 sororum
930 1431 1084 1521 coniugio

145 1534 366 1612 propagatum
393 1523 548 1612 primitus
564 1525 666 1593 luisse
685 1545 791 1613 genus
809 1525 1005 1607 humanum,
1025 1547 1087 1595 nec

144 1617 241 1687 facile
255 1617 330 1706 quis
343 1617 405 1686 sibi
419 1619 621 1707 persuadere
634 1631 743 1707 potest
755 1620 858 1689 lleum
871 1619 919 1688 sic
933 1620 973 1688 ab
989 1619 1085 1694 initio

145 1712 309 1780 mundum
331 1711 553 1794 constituisse,
576 1723 613 1780 ut
633 1714 673 1780 ad
696 1712 832 1782 bornuni
855 1713 989 1802 generis
1010 1735 1088 1803 pro-

41 1882 45 1885 ,
145 1805 360 1895 pagationem
374 1816 406 1874 et
420 1804 703 1875 conservationem
724 1807 796 1876 iure
817 1818 957 1876 naturae
970 1808 1086 1876 violari

146 1900 249 1970 luerit
266 1919 416 1969 necesse.
436 1899 536 1969 Facto
556 1911 750 1989 praeterea,
771 1902 812 1970 de
838 1900 1087 1990 dispensatione

146 1992 242 2062 iniis
264 1992 487 2062 matrimoniis
508 2015 525 2061 a
548 1994 689 2062 blartino
714 1994 734 2060 V
756 1994 897 2082 aliisque
918 1994 981 2061 ΡΡ.
1009 2014 1087 2062 con-

146 2109 248 2172 cessa,
273 2087 315 2157 de
332 2109 396 2177 qua
417 2086 606 2172 caietanus,
628 2086 805 2178 sylvester,
826 2087 952 2176 aliique
965 2087 1088 2156 diserte

145 2193 324 2265 testantur,
347 2202 413 2250 non
434 2182 621 2263 innitimur,
647 2201 686 2249 eo
687 2181 795 2284 quod
817 2182 858 2249 de
875 2201 915 2249 eo
928 2200 996 2249 oon
1010 2178 1089 2249 con·

146 2288 224 2360 stat;
245 2276 328 2365 quin
350 2275 416 2343 imo
434 2286 592 2365 appareat
606 2268 889 2364 dispensationem
909 2294 1011 2363 super
1030 2275 1090 2342 bu·

147 2369 292 2441 iusmodi
305 2369 411 2458 gradu
429 2390 612 2459 numquam
628 2370 788 2438 tributam
806 2368 907 2438 luisse
924 2370 1011 2458 quod
1031 2368 1090 2437 Be-

147 2465 301 2534 nedictus
320 2463 385 2531 XIV
403 2463 513 2532 Gonst.
532 2462 664 2531 AETAS
677 2464 774 2533 ANNI
793 2462 833 2530 lt
858 2463 927 2533 Oct.
947 2460 1039 2530 1757
1055 2475 1088 2532 et

147 2558 225 2627 Pius
243 2557 297 2626 tlt
318 2578 420 2646 penas
435 2557 592 2627 Zamboni
605 2579 636 2624 v.
657 2558 860 2646 dispensatio
880 2567 994 2646 aperte
1010 2557 1087 2625 lassi
1133 2565 1134 2568 ’

40 2655 45 2660 ’
148 2662 237 2736 sunt,
259 2652 411 2740 adeoque
431 2652 519 2741 quod
536 2651 715 2720 Martinoll
737 2651 906 2735 tribuitur,
934 2650 975 2718 ab
996 2654 1086 2718 omni

149 2745 258 2833 specie
274 2747 343 2814 veri
360 2745 507 2815 alienum
528 2757 588 2827 est,
610 2757 647 2814 ut
666 2746 713 2816 ait
727 2745 802 2814 Nat.
821 2745 927 2826 Alex,
948 2754 981 2812 et
1000 2743 1088 2813 inter

149 2838 280 2909 fabulas
291 2839 536 2908 numerandum
558 2840 598 2907 ab
614 2839 791 2909 haereticis
804 2838 964 2917 inventas,
978 2850 1015 2906 ut
1028 2838 1088 2906 ob-

149 2945 256 3004 servat
268 2932 454 3021 Rigantius.
473 2932 653 3002 Rarissime
674 2954 785 3023 porro,
808 2943 842 3000 et
860 2930 992 3000 nonnisi
1011 2952 1087 3018 gra·

112 3082 116 3087 .
151 3025 281 3096 tissima
296 3028 337 3096 de
356 3047 466 3111 causa,
487 3025 521 3095 S.
538 3025 638 3095 Sedes
653 3027 847 3095 insecundo
862 3025 967 3111 gradu
985 3026 1087 3093 mixto

150 3121 347 3210 comprimo
361 3121 576 3211 dispensatio
595 3120 702 3204 ltalia,
720 3140 758 3188 ιι
775 3120 839 3188 litt.
855 3117 1006 3206 Gregorii
1019 3117 1085 3186 XVI

151 3211 292 3286 llNov.
315 3212 421 3284 1836
443 3214 526 3283 lllud
553 3223 836 3303 quoqueeertum
857 3223 924 3293 est,
945 3210 1086 3299 quodie

150 3309 303 3379 emundis
328 3320 361 3378 et
380 3308 520 3398 reliquis
545 3307 705 3396 gradibus
724 3306 832 3376 lineae
857 3304 1086 3374 transversalis

150 3404 216 3474 sola
236 3405 312 3493 lege
332 3401 499 3472 Ecclesiae
505 3401 655 3510 nuptiae
677 3401 888 3471 dirimantur.

193 3496 284 3576 Quae
310 3517 385 3566 cum
414 3495 458 3566 ita
486 3495 569 3577 sint,
593 3496 768 3566 manifesto
787 3498 877 3586 patet
905 3489 1081 3577 infideles,
