2642 4175
270 376 313 435 38
616 378 720 436 onrbr
737 392 760 436 1.

221 485 350 562 'tantum
368 488 558 572 dissentire,
577 489 668 578 quod
688 488 871 558 Alexander
888 487 931 556 lll
949 488 1090 559 edixerit
1104 509 1161 557 no

222 584 330 654 lantes
348 602 480 651 servare
501 581 727 652 iuramentum
741 603 800 672 per
813 601 971 651 censuras
992 581 1158 651 Ecclesia·

223 676 322 746 sticas
342 676 509 763 cogendos
537 696 633 757 esse,
654 675 776 745 Lucius
795 686 907 744 autem
927 674 1069 744 senserit
1088 696 1160 744 mo·

220 770 349 840 nendos
369 769 480 859 potius
501 789 572 839 esse
600 789 700 858 quarn
728 768 916 857 cogendos,
938 768 1027 858 quod
1048 779 1160 837 coacta

224 862 435 932 matrimonia
458 862 607 932 infelices
627 863 734 932 exitus
753 861 878 931 babere
896 862 1016 931 solent.

270 957 312 1025 At
325 968 458 1044 praeter
474 967 629 1041 aetatem,
642 957 677 1025 in
692 977 757 1045 qua
773 956 843 1024 sola
856 967 907 1023 est
918 953 1096 1023 discrimen
1113 954 1162 1023 in·

141 1049 144 1052 ’
225 1059 276 1118 ter
289 1049 539 1120 matrimonium
556 1061 590 1118 et
604 1049 783 1140 sponsalia,
795 1068 870 1118 curn
884 1048 923 1117 ad
934 1048 1016 1116 illud
1029 1058 1162 1117 contra·

224 1143 373 1212 bendum
401 1155 492 1213 aetas
522 1142 707 1231 pubertatis
736 1142 952 1231 requiratur,
975 1140 1161 1228 generatim
1284 1219 1288 1228 ¹

223 1237 404 1306 tenendum
420 1249 470 1305 est
488 1235 653 1305 inhabiles
673 1235 828 1306 ineundis
845 1235 1054 1324 sponsalibus
1073 1254 1159 1318 esse,

226 1330 283 1418 qni
306 1329 555 1398 matrimonium
577 1330 665 1399 inter
687 1351 723 1400 se
748 1329 917 1398 celebrare
936 1339 1100 1398 vetantur.
1118 1326 1161 1396 0-

223 1421 313 1490 mnia
335 1421 449 1510 itaque
469 1420 708 1511 impedimenta
726 1422 943 1503 matrimonii,
960 1421 1060 1492 etiarn
1074 1441 1163 1509 quae

224 1515 331 1584 solum
351 1514 538 1603 impediunt
557 1528 590 1585 et
608 1536 676 1586 non
695 1516 869 1596 dirimunt,
890 1516 1004 1585 illicita
1026 1534 1163 1603 sponsa·

224 1607 268 1677 lia
286 1619 320 1677 et
339 1607 433 1676 irrita
455 1608 593 1679 iaciunt.
609 1609 682 1679 Non
700 1610 789 1679 enim
805 1611 891 1679 valet
909 1608 1084 1698 promissio
1100 1607 1164 1689 rei,

226 1721 312 1790 quae
331 1701 405 1771 iure
425 1701 558 1791 impleri
592 1724 659 1772 non
692 1704 818 1793 possit;
853 1702 1052 1773 contrahens
1083 1721 1162 1770 vcro

225 1795 404 1883 sponsalia,
428 1795 456 1863 si
476 1795 646 1866 dirimenti
669 1796 907 1886 impedimento
927 1795 1067 1877 laboret,
1089 1814 1161 1862 rern

224 1888 464 1976 impossibilem
478 1890 630 1978 spondet,
647 1889 897 1958 matrimonium
916 1889 1051 1972 scilicet,
1071 1888 1162 1976 qnod

226 1993 378 2051 constare
398 2003 465 2052 non
487 1994 606 2072 potest;
635 1984 661 2053 si
684 1982 886 2071 impedienti
908 1992 1035 2051 tantum
1055 1981 1163 2068 impe·

226 2073 375 2146 dimento
391 2076 532 2161 laboret,
555 2098 625 2147 rem
647 2076 799 2148 illicitam
817 2077 976 2166 spondet,
999 2097 1074 2145 cum
1092 2096 1163 2144 rna·

224 2167 421 2238 trimonium
436 2171 635 2240 contrahere
649 2171 880 2261 prohibeatur.
896 2171 945 2239 dn
959 2182 1069 2239 autem
1084 2190 1163 2258 pro·

225 2262 339 2332 missio
360 2264 564 2333 matrimonii
585 2265 674 2333 inter
694 2264 872 2353 impeditos
895 2264 984 2333 licita
1005 2277 1038 2333 et
1055 2262 1161 2331 valida

225 2354 280 2440 sit,
295 2356 324 2426 si
340 2377 409 2425 non
429 2357 579 2426 absolute
597 2357 666 2440 liat,
682 2359 740 2427 sed
754 2358 815 2427 sub
830 2358 941 2447 aliqua
961 2356 1164 2436 conditione,

225 2469 291 2537 qna
310 2449 416 2536 posita
431 2449 709 2539 impedimentum
728 2451 913 2535 tolleretur,
936 2450 1090 2520 hocloco
1110 2447 1163 2517 in·

225 2540 314 2630 quiri
332 2543 428 2610 solet.
450 2542 486 2609 ln
507 2542 693 2632 primisque
724 2556 852 2614 certum
872 2555 944 2627 est,
967 2544 995 2613 si
1021 2542 1161 2631 impedi·

225 2645 375 2703 mentum
394 2636 577 2722 temporale
594 2637 649 2719 sit,
666 2658 732 2706 non
750 2650 961 2727 perpetuum,
978 2637 1041 2706 rite
1061 2646 1165 2704 recte·

226 2747 292 2816 que
311 2726 461 2796 contrabi
482 2731 647 2818 sponsalia
663 2731 725 2800 sub
740 2730 835 2801 tacita
853 2731 902 2800 vel
917 2750 1069 2820 expressa
1082 2748 1161 2797 con·

225 2819 351 2889 ditione
385 2821 524 2891 ineundi
556 2844 596 2893 eo
630 2835 780 2912 tempore
815 2823 1075 2902 matrimonium,
1093 2843 1164 2911 quo
1244 2852 1247 2857 ·

225 2912 501 3002 impedimentum
530 2916 663 2987 abierit.
684 2917 746 2998 Qui
773 2917 876 3005 igitur
895 2938 945 2985 en.
968 2938 1019 3005 gr.
1042 2916 1082 2983 ad
1103 2935 1163 2983 an·

225 3027 305 3075 num
327 3018 400 3076 voto
420 3008 580 3080 castitatis
602 3011 707 3081 aliove
728 3011 902 3098 temporali
922 3009 1163 3097 impedimento

223 3099 372 3169 obstricti
392 3109 481 3186 sunt,
503 3102 526 3170 ii
546 3104 652 3174 valide
674 3104 839 3193 sponsalia
859 3104 1083 3186 contrahunt,
1107 3113 1160 3172 at·

222 3203 335 3264 tamen
365 3215 426 3263 suo
460 3207 609 3286 tempore
627 3197 850 3286 adimplenda.
873 3196 1061 3280 Praeterea,
1083 3217 1160 3265 cum

223 3287 597 3377 amotloimpedimenti
626 3292 770 3378 pendeat
791 3311 809 3359 a
829 3291 999 3361 voluntate
1028 3301 1161 3360 contra·

224 3379 347 3462 hentis,
359 3382 526 3470 sponsalia
545 3383 651 3452 valida
672 3395 750 3453 sunt
768 3383 830 3452 sub
850 3383 1039 3453 conditione
1056 3381 1164 3469 ipsius

223 3472 456 3562 impedimenti
488 3477 685 3561 amovendi,
716 3477 764 3545 uti
788 3477 815 3546 si
851 3476 959 3545 tidelis
990 3475 1164 3564 promittat

223 3566 473 3638 matrimonium
493 3568 632 3652 infideli,
652 3569 801 3659 apposita
822 3570 1023 3654 conditione,
1038 3568 1067 3638 si
1082 3588 1162 3638 con·
