2642 4175
303 367 366 424 106
643 379 746 424 ceron
764 380 799 424 11.
829 438 837 451 ,

256 479 378 569 quibus
395 477 428 546 in
445 476 644 566 exponendis
657 477 903 566 impedimentis
919 477 1095 547 dicendum
1110 479 1186 562 erit;

254 574 304 641 vel
341 571 418 661 quia
448 570 648 640 contrahens
667 592 704 640 ex
724 571 867 661 propria·
879 571 1005 640 malitia
1025 571 1192 642 simulavit

147 709 149 711 >
256 665 445 734 consentire
462 677 495 733 et
517 663 725 748 contrahere,
745 684 821 734 vere
838 676 950 734 tamen
971 675 1004 734 et
1023 664 1187 734 exanimo

168 809 174 825 ,
255 780 324 828 non
343 758 522 828 consensit.
542 757 612 826 Hoc
631 757 806 845 posteriori
827 779 905 827 casu
923 760 1125 847 exploratum
1140 771 1190 827 est
1259 820 1262 825 ,

257 851 505 921 matrimonium
527 871 593 920 non
611 852 732 935 valere,
755 851 833 940 quia
854 872 921 949 nnn
936 851 1034 920 verba
1055 862 1189 921 externa

257 948 315 1015 a'ut
332 966 448 1015 eorum
470 944 609 1027 sonitus,
629 945 686 1014 sed
707 945 837 1013 animus
856 956 890 1013 et
905 946 1055 1020 voluntas
1068 965 1145 1015 sese
1157 968 1190 1014 o-

255 1038 419 1129 bligandl,
441 1038 508 1109 sive
527 1059 624 1107 verus
643 1058 822 1107 consensus
842 1038 993 1108 internus
1019 1039 1189 1108 matrimo-

255 1132 348 1202 nium
371 1130 482 1216 affioit,
504 1132 583 1220 Gap.
608 1131 678 1198 Tua
697 1149 805 1214 nonu,
826 1129 872 1200 20
892 1133 933 1200 de
950 1153 1061 1221 spons.
1081 1132 1123 1202 Et
1136 1153 1187 1201 sa-

255 1246 298 1295 ne
315 1226 398 1295 haec
419 1237 469 1295 est
488 1223 691 1293 matrimonii
711 1224 838 1294 indoles
858 1237 892 1294 et
907 1236 1038 1307 natura,
1062 1238 1098 1299 ut
1111 1246 1188 1294 con-

257 1319 426 1388 trahentes
446 1317 508 1387 sibi
529 1316 668 1386 invicem
681 1338 757 1387 suas
777 1318 901 1387 donent
916 1338 1085 1408 personas,
1101 1320 1191 1409 quod

256 1412 330 1480 lieri
351 1409 559 1500 neqnitsine
579 1431 838 1480 consensorem
865 1422 897 1480 et
928 1412 1074 1496 sincero,
1098 1433 1209 1507 cnm-x

207 1530 210 1539 ·
256 1526 321 1594 que
343 1503 591 1573 matrimonium
609 1504 652 1573 sit
668 1504 835 1573 vinculum
849 1516 1048 1594 perpetuum
1063 1517 1096 1574 el
1121 1527 1193 1574 rnu-

258 1612 350 1665 tuum
372 1596 776 1688 amoris,animorumque
796 1598 997 1683 coniunctio,
1013 1619 1110 1669 nemo
1124 1620 1192 1668 non

256 1690 344 1759 videt
357 1690 439 1759 haec
452 1691 524 1759 sine
537 1711 614 1759 vero
629 1703 662 1759 et
674 1692 803 1777 sincero
816 1712 979 1761 consensu
993 1692 1189 1782 neutiquam

259 1783 397 1873 percipi,
418 1785 505 1853 unde
520 1783 682 1873 quidquid
701 1785 755 1868 sit,
773 1806 814 1854 an
829 1786 863 1854 in
883 1785 955 1855 aliis
969 1782 1194 1855 contractibus

257 1898 287 1943 v.
303 1898 339 1966 g.
353 1877 562 1960 venditionis,
577 1890 656 1961 etc,
672 1878 830 1966 obligatio
844 1879 884 1948 de
899 1879 971 1948 iure
986 1892 1126 1948 naturae
1141 1878 1193 1949 in·

235 1970 402 2054 ‚ducatur
421 1992 459 2040 ex
479 1971 610 2055 verbis,
634 1971 756 2060 quihus
789 1984 976 2042 contractus
996 1972 1194 2062 exprimitur

251 2064 331 2134 sine
351 2085 428 2135 vero
450 2076 483 2134 et
502 2064 630 2135 sincero
651 2066 763 2136 animo
798 2076 856 2136 aut
874 2066 1056 2151 vendendi,
1079 2080 1137 2137 aut
1157 2091 1196 2137 sc

257 2180 469 2249 quocumque
486 2159 551 2227 alio
569 2159 666 2230 niodo
686 2160 866 2249 obligandi,
887 2160 920 2228 id
934 2172 1060 2230 certum
1082 2162 1193 2230 locum

257 2252 381 2322 hahere
399 2273 465 2320 non
480 2264 587 2340 potest
606 2266 742 2343 propter
762 2254 924 2322 diversam
945 2254 1045 2323 huius
1062 2255 1102 2323 ab
1117 2256 1210 2324 aliis-

257 2345 480 2414 contractibus
500 2344 645 2414 indolem
664 2358 873 2431 etnaturmu,
896 2368 981 2435 quae
999 2347 1196 2417 interiorem

256 2457 453 2506 consensum
475 2438 610 2506 omnino
630 2441 792 2528 exposcit,
813 2441 858 2509 ita
879 2441 1024 2510 utnulla
1046 2441 1196 2512 humana

257 2540 418 2619 potestate
451 2540 552 2618 queat
569 2533 731 2621 suppleri.
758 2534 862 2603 Nemo
895 2546 1006 2605 autem
1037 2534 1194 2620 dubitat,

257 2622 339 2711 quin
359 2621 398 2706 is,
421 2624 478 2712 qui
499 2643 565 2692 non
581 2627 758 2710 consensit,
779 2627 972 2716 gravissime
993 2628 1194 2717 peccaverit,
1248 2703 1250 2710 ,

257 2726 291 2785 et
310 2726 442 2804 peccato
462 2715 642 2789 iniustitiae
664 2720 697 2788 in
717 2732 911 2804 contractu,
934 2733 968 2791 et
984 2733 1117 2810 peccato
1138 2745 1193 2793 sa·

258 2808 387 2897 crilegii
412 2809 446 2878 in
467 2809 698 2896 Sacramento,
717 2827 817 2903 atque
837 2814 871 2882 in
893 2825 1035 2903 utroque
1055 2817 1126 2885 loro
1149 2829 1199 2887 te·

258 2913 377 2971 nentur
390 2915 557 2993 praestare
569 2926 779 2976 consensum.
796 2907 931 2976 interim
947 2908 1091 2979 Ecclesia
1110 2931 1194 2979 oon·

258 3016 390 3064 sensum
411 2996 500 3066 huno
516 3019 576 3069 seu
596 3000 714 3084 verbis,
734 3022 792 3071 seu
807 3000 910 3091 signis
923 3003 1021 3072 certis
1042 3015 1075 3072 et
1092 3004 1195 3073 claris

258 3089 462 3159 sufficienter
482 3094 688 3180 exploratum
709 3094 839 3164 tamdiu
858 3115 973 3164 rerum
1004 3116 1075 3166 esse
1095 3118 1195 3186 prae·

154 3191 161 3208 ‘
256 3183 371 3267 sumit,
393 3186 555 3273 quamdiu
574 3187 777 3257 contrarium
797 3187 964 3258 evidenter
984 3209 1051 3258 non
1071 3192 1195 3279 probe·

259 3288 324 3358 tur,
344 3297 455 3367 neque
475 3279 580 3348 credit
599 3282 819 3365 contrahenti,
843 3282 1198 3372 quamvislurameuto

261 3368 438 3458 confirmet
454 3392 489 3440 se
509 3371 585 3442 licte
605 3376 824 3445 consensisse:
851 3399 866 3442 c
890 3397 964 3444 curn
983 3376 1083 3445 nimis
1104 3377 1195 3446 indi-

261 3481 365 3550 gnum
382 3463 427 3533 sit
447 3463 535 3535 iuxta
552 3466 718 3555 legitimas
737 3469 948 3554 sanctiones,
972 3481 1007 3539 ut
1025 3471 1113 3559 quod
1135 3493 1196 3541 sua

263 3554 406 3646 quisque
428 3579 507 3629 voce
527 3573 728 3649 protestatos
762 3576 833 3645 est,
855 3563 887 3630 in
908 3564 1061 3633 eumdem
1081 3585 1197 3634 casum
