2642 4175
30 1 100 395 ἶ
513 391 676 437 Arrnnmx
690 392 713 435 1.
965 384 1028 441 451

143 513 263 562 causae
294 491 383 573 sint,
416 511 501 579 quae
522 492 561 558 ad
583 491 847 560 contrahendum
881 494 1080 585 plerumque

147 587 333 675 impellunt,
355 605 421 653 nou
445 584 521 652 inde
541 596 652 653 tamon
673 585 836 674 seqnitur,
859 589 1080 669 matrimonia,

147 701 233 769 quae
257 700 299 748 exi
325 679 523 747 hocerrore
558 680 823 762 contrahuntur,
858 681 1078 751 involuntaria
1121 759 1126 769 ,
1179 752 1181 757 .

146 775 309 854 absolute,
330 783 363 841 et
383 773 491 861 quoad
511 772 727 841 substantiam
749 794 766 840 a
787 773 859 842 iure
877 776 961 842 cirili
983 776 1082 846 habe·

148 867 188 934 ri.
211 866 274 947 Qui
296 865 384 934 enim
406 865 454 934 sio
474 865 696 948 contrahunt,
716 868 750 935 in
772 880 895 935 certam
914 889 952 936 ao
970 871 1081 938 deter-

149 963 306 1029 minatam
327 970 503 1049 personam
523 960 756 1041 consentiunt,
779 962 957 1051 solumque
978 962 1011 1030 in
1041 984 1080 1030 eo

149 1055 320 1130 tolluntur,
341 1054 428 1142 quod
449 1053 655 1122 identitatem
676 1074 849 1143 personae,
867 1067 900 1123 et
918 1055 990 1124 eius
1008 1057 1082 1125 sub·

149 1147 302 1216 stantiam
324 1147 515 1215 nullomodo
535 1158 674 1234 tangunt
689 1148 752 1237 (l).

195 1241 285 1308 Haeo
305 1253 428 1322 autem,
449 1260 534 1329 quae
554 1241 639 1308 diota
659 1253 736 1309 sunt
755 1243 796 1309 de
815 1241 1083 1330 primariisque·

150 1335 321 1417 litatihus,
345 1333 464 1422 potiori
498 1334 626 1402 ratione
658 1336 867 1424 procedunt,
890 1336 1022 1424 quaudo
1042 1336 1083 1403 de

150 1448 265 1497 errore
280 1428 367 1495 ciroa
385 1427 561 1516 qualitates
580 1428 792 1496 secundariae
811 1430 933 1516 agitur.
949 1430 999 1496 lle
1013 1428 1085 1517 qui·

148 1522 222 1590 darn
238 1541 313 1589 vera
334 1520 362 1588 si
383 1542 477 1589 error
491 1520 658 1609 qualitatis
672 1523 859 1605 cuiuslibet,
872 1545 909 1591 ex
924 1523 1083 1592 hodierna

151 1617 235 1703 lege,
258 1616 390 1703 nuptias
412 1615 523 1683 irritas
542 1616 690 1699 laceret,
712 1618 822 1685 omnia
843 1618 1083 1707 propemodum

151 1708 387 1788 matrimonia,
410 1729 530 1795 magno
551 1709 654 1797 prolis
687 1724 720 1778 et
756 1711 960 1800 reipublicae
983 1710 1086 1780 detri-

152 1815 274 1883 mento,
297 1802 430 1870 dissolvi
450 1814 600 1889 possent,
624 1824 697 1870 eum
715 1806 764 1874 vel
785 1806 888 1906 nulla,
910 1804 960 1872 vel
982 1823 1084 1894 panea

150 1897 329 1964 admodum
349 1917 385 1964 ea
406 1895 494 1978 sint,
519 1895 696 1984 inquibus
727 1896 847 1987 aliquis
875 1918 970 1966 error
1001 1899 1086 1965 circa
1179 1912 1182 1919 “

151 1991 344 2078 qualitatem
369 2006 436 2056 uon
455 1989 626 2077 contingat
646 1989 710 2079 (⁶3).

150 2213 288 2280 religieuse
306 2213 431 2264 constitue
449 2229 485 2264 un
505 2229 547 2263 oss
564 2210 596 2262 do
614 2210 709 2262 millite
733 2228 799 2279 pour
817 2227 908 2261 erreur
926 2228 971 2261 sur
989 2211 1012 2261 lu
1032 2226 1090 2278 per-

150 2308 240 2343 sonne.
256 2312 268 2336 »
289 2288 387 2341 Verum
416 2288 451 2340 nt.
469 2288 626 2340 Decolombe
656 2305 702 2339 suo
727 2305 787 2355 op.:
812 2285 899 2338 'l'raite
924 2285 959 2337 du
979 2290 1091 2353 maringo

151 2377 171 2420 t.
188 2374 214 2434 ἢ,
233 2385 261 2435 p.
280 2370 342 2428 482,
360 2367 423 2418 lanio
440 2366 582 2422 sententiae
599 2382 650 2418 nort
668 2367 820 2428 assentitur,
838 2373 864 2416 et
881 2365 964 2415 solum
977 2362 1091 2418 admittit

151 2456 214 2497 tunc
232 2446 318 2497 laeum
336 2442 393 2496 dori
410 2443 564 2510 separationi
583 2445 707 2511 corporis,
721 2459 781 2495 oum
800 2459 859 2511 pars
871 2442 1003 2509 prornissis
1020 2440 1091 2494 haud

152 2533 219 2575 stare
237 2520 351 2572 voluerit
361 2556 369 2581 ,
388 2520 465 2588 quis,
485 2528 513 2570 ut
530 2521 586 2572 eius
608 2530 668 2574 utar
686 2520 788 2572 vorbis:
811 2543 822 2567 ι
843 2520 974 2588 lorsqu‘eu
992 2519 1051 2571 ellat
1069 2518 1092 2569 la

154 2597 311 2650 celebration
330 2596 499 2664 religiousea
522 2600 562 2649 dte
581 2599 716 2666 promise,
740 2600 788 2651 soit
812 2601 1004 2668 expressement
1018 2633 1027 2661 ,
1044 2597 1094 2648 soit
1142 2647 1146 2654 ,

154 2675 312 2738 taeitement3
331 2683 356 2725 et
376 2691 425 2742 que
445 2675 537 2727 l'autre
555 2678 637 2744 epoux
656 2692 669 2726 a
688 2674 724 2727 dd
742 2693 758 2744 y
778 2688 894 2745 compter
912 2676 957 2749 (ee
975 2677 1019 2745 qui
1040 2675 1093 2726 iera

154 2767 206 2804 uae
224 2752 345 2820 question
361 2751 394 2802 de
411 2750 473 2820 soit)
497 2753 522 2803 le
540 2755 611 2806 relus
635 2753 731 2805 deson
750 2755 865 2823 oonjoint
891 2765 929 2806 est
946 2769 1039 2805 envers
1056 2752 1093 2802 lui

156 2847 206 2881 une
224 2830 312 2897 injure
328 2845 427 2897 grove,
447 2831 559 2898 palaque
575 2847 606 2882 ee
622 2833 738 2900 ooujoiut
755 2841 818 2884 veut
835 2834 859 2883 le
886 2832 974 2883 loroer
990 2831 1004 2884 d
1022 2829 1095 2880 visre

155 2906 220 2959 dans
238 2924 274 2959 un
291 2905 344 2957 etat
360 2908 405 2975 qni
424 2908 439 2956 lt
456 2924 495 2956 ses
512 2923 581 2973 yeux
598 2923 631 2957 ne
649 2908 727 2958 serait
744 2909 827 2974 qu'un
844 2907 1059 2972 concubinogen

162 3033 175 3052 ,
193 2985 230 3052 (l)
249 2982 297 3035 llio
315 2999 397 3033 sermo
410 2991 447 3033 est
465 2982 496 3032 do
515 2980 699 3049 impedimento
717 2983 821 3044 erroris,
840 2992 866 3034 et
883 2982 955 3034 nullo
972 2978 1046 3030 modo
1065 2979 1096 3030 do

159 3057 213 3119 illo,
231 3058 301 3127 quod
323 3076 353 3110 ex
366 3067 425 3109 voto
443 3075 472 3109 ac
490 3057 582 3109 ordine
600 3059 626 3108 in
645 3074 705 3110 casu
724 3060 854 3125 proposito
872 3059 966 3110 oritur.
978 3054 1091 3121 Qitaeri-

161 3140 204 3184 tur
222 3148 336 3201 nempe,
355 3151 388 3185 an
405 3150 478 3186 orror
501 3133 570 3186 eirea
594 3134 641 3185 liae
664 3136 823 3203 qualitates,
849 3133 947 3186 etiamsi
966 3140 1053 3182 votum
1072 3140 1097 3181 ot

159 3206 223 3259 ordo
239 3208 454 3276 impedimentum
472 3226 524 3261 non
553 3211 758 3274 antistitum-eut,
778 3210 970 3262 matrimonium
996 3206 1098 3267 irritet,

160 3301 206 3337 seu
222 3288 322 3348 verius,
341 3302 374 3338 an
391 3295 494 3354 praeter
524 3288 739 3356 impedimentum
769 3287 895 3342 dirimens
923 3284 1045 3346 ordinis,
1069 3300 1099 3335 ac

163 3362 235 3424 voti,
262 3359 357 3414 adduci
376 3365 451 3414 etiam
471 3366 549 3431 possit
566 3366 592 3416 in
612 3364 727 3417 modium
745 3365 840 3415 erroris
857 3359 1082 3430 impedimentum.

197 3437 236 3506 (2)
253 3437 423 3504 Qtrandonom
442 3455 473 3490 ex
493 3441 548 3491 iure
566 3441 690 3492 canonico
702 3456 775 3491 error
790 3439 923 3508 qualitatis
939 3446 966 3490 et
982 3437 1101 3489 fortunae

164 3512 265 3579 efficere
281 3515 362 3581 possit
380 3516 482 3568 nullum
495 3526 521 3567 et
534 3517 637 3568 irritum
656 3516 860 3579 matrimonium,
874 3514 935 3568 tide
952 3517 1042 3585 qu'aea
1057 3534 1104 3567 no·

165 3590 205 3643 bis
213 3591 286 3646 dieta
298 3602 361 3646 suut
370 3594 501 3662 superios,
515 3594 560 3647 ulti
573 3593 606 3647 de
617 3594 715 3647 erroris
726 3593 911 3662 impedimento
923 3595 1032 3662 egimus.
