2642 4175
620 326 723 381 cutm
741 326 787 373 111.

653 542 746 633 rra.

583 714 633 770 lte
658 727 819 770 errore.

282 889 491 983 Quadruplex
511 893 544 962 in
580 893 792 965 matrimonio
824 891 1050 963 contrahendo
1075 912 1172 963 error

236 984 351 1054 adesse
365 997 485 1075 potest,
503 987 629 1058 scilicet
644 1006 818 1076 personae,
833 989 998 1070 fortunae,
1014 984 1171 1055 conditio-

235 1075 299 1160 nis,
321 1088 356 1147 et
374 1080 556 1170 qualitatis.
579 1081 615 1149 ln
646 1101 719 1149 can.
749 1079 841 1160 Quen
865 1098 976 1149 auruu
997 1098 1087 1148 caus.
1110 1078 1167 1165 39,

237 1191 270 1259 q.
291 1170 324 1255 l,
361 1171 393 1241 id
415 1175 596 1264 explicatur
627 1174 679 1243 his
700 1174 827 1243 verbis:
855 1173 990 1243 «Error
1010 1193 1169 1262 personae

119 1270 124 1277 '
207 1321 211 1326 .
236 1273 298 1347 est,
321 1268 453 1354 quaudo
474 1267 529 1339 nio
549 1278 684 1358 putatur
704 1287 775 1337 esse
796 1267 963 1355 Virgilius,
985 1277 1018 1337 et
1032 1266 1100 1357 ipae
1121 1280 1171 1337 est

235 1355 340 1427 Plato.
362 1358 465 1431 Error
484 1361 660 1446 fortunae,
696 1362 830 1451 quando
862 1361 918 1431 hic
945 1381 1017 1432 asse
1036 1371 1171 1450 putatur

235 1448 336 1534 dives,
356 1452 413 1541 qui
432 1467 638 1544 pauperent,
658 1457 709 1525 rel
729 1476 747 1524 a
774 1475 943 1525 converso.
975 1454 1077 1524 ldrror
1096 1476 1171 1525 cou-

235 1541 383 1628 ditiouis,
406 1549 539 1636 quando
553 1560 690 1639 putatur
701 1570 772 1619 ease
785 1548 883 1634 iiher,
904 1549 963 1640 qui
980 1569 1092 1619 serras
1106 1560 1167 1618 est.

235 1635 339 1713 Error
358 1641 489 1713 tandem
510 1643 705 1733 qualitatis,
731 1644 864 1732 quaudo
884 1654 1021 1733 putatur
1040 1643 1169 1719 bouus,

235 1729 293 1816 qui
314 1732 421 1803 mulus
439 1747 499 1809 est.
520 1760 535 1805 a
553 1735 622 1806 lam
645 1758 723 1807 vero
743 1758 838 1807 error
865 1756 1050 1826 personae,
1082 1758 1169 1826 quae

235 1824 439 1897 matrimonii
471 1831 686 1921 praecipuum
707 1852 746 1900 ac
764 1831 980 1901 substantiale
1003 1829 1170 1899 obiectum

235 1929 309 2001 est,
343 1921 593 1994 matrimonium
626 1925 756 1994 nullum
778 1923 850 1994 iure
871 1935 1011 1993 naturae
1035 1924 1169 2007 reddit3

235 2009 400 2102 siquidem
422 2015 461 2087 ad
494 2018 625 2109 nuptias
660 2018 848 2092 efficiendas
880 2031 1016 2087 mutuus
1040 2031 1171 2090 coutra-

234 2104 385 2180 hautium
407 2131 589 2194 consensus
605 2133 644 2182 eo
663 2113 736 2181 iure
754 2114 952 2201 postulatur.
968 2111 1096 2181 Etenim
1113 2113 1170 2203 qni

235 2212 361 2286 errant,
383 2224 449 2273 non
470 2206 683 2277 consentiunt
697 2206 729 2274 in
744 2225 815 2274 eam
834 2205 1085 2276 determinatam
1100 2226 1174 2295 per-

234 2312 363 2380 sonam,
382 2318 458 2366 cum
477 2320 543 2388 qua
564 2299 776 2381 contrahunt,
794 2300 897 2368 sedin
918 2299 1016 2368 aliam
1036 2319 1172 2388 prorsus

233 2385 409 2472 diversam,
433 2412 531 2479 quam
559 2403 670 2460 mente
690 2392 897 2481 concipiunt,
918 2392 1019 2461 veluti
1038 2392 1065 2460 si
1086 2392 1173 2461 llae-

234 2476 306 2547 vius
330 2501 405 2552 cum
427 2482 502 2554 Cala
524 2484 720 2555 contrahere
737 2497 869 2575 putam,
888 2506 948 2576 per
968 2504 1117 2556 errorem
1136 2505 1172 2553 a·

233 2569 313 2660 llam
333 2573 443 2656 ducat,
463 2577 614 2664 prolecto‘
630 2578 663 2645 in
684 2578 770 2647 hanc
788 2579 1006 2668 posteriorem
1029 2598 1172 2647 consen·

233 2684 291 2731 sus
312 2667 448 2739 omnino
470 2669 587 2740 deluit.
612 2670 674 2740 Ubi
696 2671 802 2761 igitur
820 2693 1001 2742 cousensus
1024 2692 1090 2741 uon
1111 2671 1173 2740 ad·

236 2768 298 2839 est,
320 2777 362 2830 ne
383 2761 497 2832 adesse
517 2763 652 2854 quidam
675 2766 922 2835 matrimonium
947 2777 1076 2856 potest,
1108 2766 1171 2833 etsi

236 2868 351 2922 errore
373 2869 603 2943 perseverante
623 2879 800 2947 corporum
820 2858 1010 2929 coniunctio
1029 2867 1170 2948 sequuta

234 2941 356 3029 luerit3
381 2967 447 3018 non
468 2949 557 3019 enirn
573 2952 791 3033 concubitus,
819 2954 875 3023 aed
908 2972 1087 3022 censensus
1107 2972 1173 3020 nu-

234 3035 320 3125 ptias
341 3039 430 3110 lacit.
453 3042 541 3112 Nihil
562 3056 672 3116 autem
693 3045 842 3129 interest,
859 3067 899 3115 an
918 3044 1107 3114 huiusmodi
1121 3064 1173 3114 er·

212 3148 294 3200 ror
314 3131 514 3206 invincibilis
532 3137 586 3220 sit,
609 3159 650 3208 an
671 3138 845 3224 vincibilis,
868 3159 910 3208 en
929 3158 1058 3208 crassus
1074 3148 1108 3207 et
1127 3138 1173 3205 ia·

233 3235 324 3304 tuus,
344 3246 385 3296 an
406 3228 538 3319 abipso
560 3232 778 3302 contrahente
798 3232 967 3323 procedat,
986 3252 1029 3301 au
1050 3230 1091 3300 ab
1104 3230 1171 3300 alio

235 3316 292 3404 qui
313 3317 421 3407 ipsum
456 3324 622 3413 decipiat;
656 3324 690 3393 in
724 3325 776 3393 his
808 3326 896 3395 enim
916 3324 1016 3396 variis
1040 3324 1172 3394 casibus

234 3427 367 3498 semper
380 3415 584 3504 exploratum
606 3429 667 3501 est,
699 3437 776 3487 eum
797 3419 856 3509 qui
886 3417 972 3488 circa
994 3438 1172 3509 personam

235 3513 336 3588 errat,
358 3505 425 3577 sive
445 3520 542 3606 erret*
558 3530 597 3580 ex
617 3511 750 3602 propria
772 3511 956 3597 oscitantia,
978 3522 1036 3582 aut
1051 3511 1173 3600 culpo,
