2642 4175
292 365 335 424 90
631 375 735 422 carun
752 376 788 420 ιι.

244 477 272 547 si
301 475 550 547 matrimonium
576 497 639 565 pro
667 486 838 544 contractu
865 474 1070 564 accipiatur,
1100 489 1133 547 et
1160 500 1179 546 a

245 582 454 641 sacramento
471 581 660 660 separetur.
680 568 752 649 Quo
772 569 892 658 posito,
912 570 1064 638 nonnulli
1084 572 1127 641 de
1142 593 1180 642 re

246 685 311 733 una
343 665 532 747 dissident,
564 683 606 732 an
636 663 764 732 seilicet
797 674 987 732 eontraetus
1018 666 1180 735 naturalis

245 768 393 842 mutum,
414 779 457 827 aa
474 777 553 829 raro
571 755 676 826 uirilis
696 756 738 825 ad
757 754 952 845 dignitatem
974 755 1178 831 Sacramenti

245 864 376 923 eventus
391 851 446 936 sit;
467 852 534 921 sira
553 850 642 940 quod
658 849 765 938 magis
780 849 1015 939 quaestionem·
1025 851 1175 940 explicat,

246 964 288 1014 an
307 946 458 1016 Christus
475 944 635 1014 Dominus
664 943 705 1012 ad
725 964 796 1012 eam
818 943 1013 1031 dignitatem
1035 945 1179 1015 evexerit

244 1050 452 1110 contractum
469 1037 654 1129 quemlihet
672 1037 962 1120 matrimonialem,
985 1038 1042 1126 qui
1059 1058 1177 1107 secun·

245 1133 325 1202 dum
343 1134 513 1204 naturales
525 1144 559 1202 et
569 1131 698 1200 divinas
713 1131 804 1220 leges
815 1130 942 1200 validus
956 1131 999 1200 sit
1015 1142 1116 1221 atque
1130 1133 1177 1202 le·

243 1224 1177 1315 gitimus,anrerocontractumcivilemquiseilicotnou

242 1322 351 1390 solum
371 1319 580 1390 naturalibus
595 1329 630 1388 et
651 1316 770 1387 divinis
791 1317 949 1407 legibus,
970 1318 1029 1388 sed
1048 1319 1177 1408 legibus

242 1414 343 1483 etiam
357 1413 509 1482 civilibus
527 1426 561 1482 at
574 1411 718 1500 politicis
735 1412 807 1481 eius
820 1410 896 1493 loci,
912 1412 946 1481 in
963 1433 1030 1501 quo
1044 1425 1174 1483 contra·

242 1506 345 1591 bitur,
362 1507 532 1596 legitimus
544 1519 577 1576 et
587 1505 713 1574 validus
725 1505 903 1575 habeatur?
915 1505 951 1573 ln
965 1506 1174 1595 quiquidem

242 1601 465 1670 controversia
483 1599 579 1670 iaeile
603 1599 637 1668 in
670 1620 785 1669 eorum
815 1599 1012 1669 sententiam
1041 1600 1174 1670 adducti

242 1714 369 1779 sumus,
393 1695 450 1784 qui
472 1715 532 1783 pro
551 1705 723 1763 contractu
742 1693 886 1762 naturali
905 1713 1037 1762 causam
1057 1705 1172 1782 agunt.

241 1787 373 1856 Etenim
389 1788 541 1880 Synodus
560 1786 886 1856 'lridsesslllllllin
902 1787 1052 1857 doctrina
1066 1786 1173 1858 deSa-

241 1894 412 1953 oramento
431 1880 645 1963 Matrimonii,
668 1893 843 1970 postquam
868 1880 983 1951 docuit
1002 1881 1175 1952 matrimo-

241 1975 290 2043 nii
308 1987 506 2066 perpetuum
528 1987 562 2044 at
580 1973 844 2043 indissolubilem
869 1995 991 2044 nexum
1016 1995 1035 2043 a
1066 1976 1174 2064 primo

244 2068 382 2140 humani
399 2069 534 2161 generis
554 2080 703 2158 parente,
719 2067 825 2137 bivini
846 2066 989 2158 Spiritus
1001 2067 1174 2155 instinctu,

239 2167 493 2252 pronuntiatum
506 2163 622 2245 inisse,
644 2184 721 2232 cum
741 2163 841 2233 dixit:
861 2187 875 2229 ‹
894 2163 957 2232 boo
976 2182 1065 2232 nunc
1083 2185 1120 2233 os
1134 2185 1175 2235 ex

240 2257 370 2328 ossibus
387 2258 480 2341 meis,
502 2269 536 2327 et
554 2277 633 2326 earo
655 2256 696 2326 da
716 2277 815 2325 earne
834 2277 933 2325 mea:
955 2257 1174 2346 quamobrem

239 2352 409 2441 relinquet
427 2352 527 2419 homo
546 2361 674 2438 putrem
702 2371 798 2419 suum
817 2362 851 2418 et
875 2361 1033 2432 matrem,
1055 2365 1089 2419 at
1119 2352 1176 2420 ad·

239 2443 391 2513 haerebit
408 2443 503 2513 uxori
521 2463 614 2523 suae,
633 2454 667 2512 et
685 2457 784 2513 arunt
802 2445 868 2513 duo
888 2443 922 2511 in
936 2463 1036 2513 carne
1056 2465 1133 2529 una,
1155 2468 1171 2512 i

240 2537 288 2604 sie
307 2539 427 2627 pergit:
455 2560 470 2604 r
494 2534 640 2607 Gratiam
656 2557 753 2620 varo,
769 2557 855 2627 quae
872 2538 1057 2607 naturalem
1077 2537 1173 2608 illum

241 2650 390 2699 amorem
417 2628 609 2719 perliceret,
647 2642 681 2700 et
712 2630 976 2700 indissolubilem
1012 2631 1174 2702 unitatem

240 2724 471 2807 confirmaret,
498 2725 724 2814 coniugesque
750 2724 1000 2808 sanctificaret,
1022 2724 1174 2796 Christus

241 2817 325 2906 ipse,
345 2816 585 2887 venerabilium
607 2817 898 2889 Sacramentorum
918 2818 1093 2889 Institutor
1121 2831 1174 2889 at·

242 2932 308 3000 que
325 2913 512 3000 pertentor,
532 2932 592 2981 sua
619 2913 716 2981 nobis
752 2915 904 3002 passione
937 2911 1171 3001 promeruit.»

241 3003 391 3095 Denique
411 3027 472 3095 per
490 3006 596 3094 ipsam
611 3005 732 3075 Christi
747 3008 888 3095 gratiam
906 3004 1170 3090 matrimonium,

241 3118 300 3167 seu
322 3098 600 3169 matrimonialem
621 3112 825 3169 contractum
841 3101 875 3170 in
891 3102 965 3189 lege
982 3100 1173 3188 evangelicu

242 3191 281 3261 ad
302 3193 495 3282 dignitatem
521 3192 726 3262 Sacramenti
750 3194 876 3265 elutum
901 3214 974 3264 erse
1004 3193 1174 3264 concludit

242 3285 294 3355 his
313 3286 437 3357 verbis:
462 3310 477 3354 r
500 3285 583 3355 Cum
610 3285 714 3373 igitur
749 3287 998 3358 matrimonium
1034 3288 1069 3356 in
1095 3286 1173 3375 laga

241 3382 430 3467 evangeliea
449 3379 617 3449 veteribus
634 3380 808 3450 connubiis
828 3403 888 3471 per
905 3380 1074 3451 Christum
1094 3400 1174 3467 gra·

241 3471 285 3541 tia
306 3485 463 3561 praestem
485 3473 604 3544 merito
617 3473 707 3544 inter
726 3495 830 3546 notae
854 3476 936 3563 legis
957 3473 1174 3544 Sacramenta

241 3566 527 3636 adnumerandum
549 3565 606 3636 stt.
624 3566 737 3638 Patres
751 3568 868 3651 nostri,
884 3568 1042 3652 Consilia,
1054 3567 1176 3637 etuui·
