2642 4175
294 345 360 401 260
631 355 733 404 curor
753 357 798 401 ιιι.

244 455 410 527 Canonico
439 455 522 525 eccl.
542 474 637 523 num.
664 450 746 522 aab.
779 451 872 533 Quod
898 474 975 523 vero
1007 453 1183 544 aliquando

244 549 421 620 usuvenire
440 548 539 619 etiam
553 546 669 637 possit,
691 559 728 617 ut
744 548 868 616 mensis
885 547 1015 636 integer
1033 567 1100 616 non
1121 548 1183 615 sul·

244 643 350 725 ficiat,
367 643 446 712 dum
467 641 557 710 aliud
584 661 699 710 rerum
719 639 872 710 adiuncta
904 641 1083 724 suadeant,
1115 640 1182 730 ipsa

246 736 282 807 S.
303 737 339 808 C.
363 735 401 807 C.
415 735 563 824 exempla
590 733 687 804 nobis
711 734 879 804 luculenta
899 733 1100 823 suppeditat:
1116 748 1183 803 ete·

192 905 197 920 ,
246 832 317 901 nim
337 829 435 901 etiam
455 841 528 919 post
546 828 657 899 Const.
680 827 736 897 cit.
753 826 876 898 bened.
892 826 959 895 xlv
975 827 1184 898 matrimonia

246 946 358 994 coram
379 921 524 1013 parocho
544 921 608 991 loci
628 933 820 1004 contracta,
843 921 900 990 ubi
929 920 1003 1011 quis
1031 921 1183 991 rusticari

245 1019 341 1101 solet,
364 1036 501 1107 prorsus
521 1016 610 1084 nulla
632 1026 722 1098 sunt,
744 1014 910 1105 siquidem
930 1035 1126 1105 responsum
1148 1016 1182 1086 in

245 1111 363 1181 Urbin.
386 1110 401 1178 l
427 1110 503 1179 Dec.
527 1107 631 1193 lbhl,
649 1107 706 1178 ubi
723 1108 928 1178 inhaerendo
949 1107 1181 1180 declarationi·

246 1206 308 1275 bos
328 1205 409 1275 alias
426 1204 520 1272 lactis
534 1202 702 1273 statuitur:
725 1200 931 1272 ‹Parocbum
951 1202 1097 1271 ruralem
1119 1222 1183 1272 non

248 1320 319 1369 esse
334 1297 506 1387 proprium
520 1309 554 1367 et
566 1317 682 1365 verum
696 1295 879 1386 parochum
897 1295 1029 1386 quando
1047 1316 1104 1364 rus
1119 1296 1183 1366 itur

247 1413 346 1461 causa
362 1389 591 1473 recreationis,
613 1401 672 1459 aut
687 1411 747 1479 pro
765 1389 942 1459 rusticanis
962 1389 1116 1478 negotiis,
1139 1390 1183 1459 id·

246 1505 353 1574 coque
367 1481 615 1552 matrimonium
630 1483 736 1553 valide
750 1504 861 1552 coram
876 1482 1067 1552 huiusmodi
1082 1481 1180 1556 Paro-

246 1578 308 1647 cbo
339 1576 501 1647 celebrari
535 1595 601 1646 non
623 1596 751 1664 posse»
780 1575 814 1645 in
847 1576 942 1645 viridi
976 1575 1181 1649 observantia

246 1684 307 1741 est.
346 1669 383 1738 ln
415 1690 493 1738 casu
514 1670 626 1758 itaque
649 1690 716 1739 non
738 1670 920 1740 attenditur
946 1669 1015 1760 ipsa
1038 1671 1179 1756 mansio,
1266 1701 1268 1704 ·

245 1785 308 1834 nec
339 1762 525 1852 inspicitur,
563 1783 605 1832 an
641 1784 703 1852 per
734 1785 882 1833 mensem
913 1765 1179 1853 perseveraverit,

247 1878 309 1927 nec
329 1879 383 1941 ne,
405 1857 460 1925 sed
482 1855 648 1925 variorum
669 1856 900 1927 adiunctorum
921 1856 1006 1926 ratio
1023 1856 1175 1941 habetur,

247 1952 293 2020 ita
309 1964 345 2021 ut
365 1950 422 2041 qui
440 1950 483 2028 ob
499 1950 602 2020 dictas
622 1971 738 2019 causas
752 1971 808 2019 rus
824 1949 944 2040 pergit,
964 1950 1058 2041 quasi
1077 1951 1181 2020 domi·

247 2044 362 2115 cilium
385 2065 451 2115 uon
475 2044 637 2134 acquirat,
661 2043 738 2134 quia
766 2044 857 2114 notio
882 2042 1095 2114 habitationis
1123 2045 1182 2115 hac

249 2140 377 2209 ratione
399 2139 594 2208 destruitur.
616 2138 652 2207 ld
673 2138 890 2207 confirmatur
909 2139 1104 2209 auctoritate
1124 2139 1181 2209 Fa·

247 2233 348 2321 gnani
367 2233 408 2302 ad
426 2233 507 2321 Cap.
526 2230 739 2320 Significavit,
757 2243 790 2301 et
802 2231 905 2321 ipsius
920 2231 1087 2302 Benedicti
1102 2231 1177 2317 xlv,

247 2338 317 2395 turn
340 2327 416 2395 inst.
440 2322 502 2407 33,
525 2346 559 2394 n.
583 2323 615 2405 6,
637 2337 709 2395 tum
730 2324 849 2395 litteris
868 2325 1010 2408 Putrem,
1034 2326 1090 2393 ubi
1112 2337 1180 2417 post
1290 2336 1291 2341 ’

246 2442 295 2502 ea,
318 2439 404 2509 quac
423 2417 578 2507 superius
593 2418 776 2502 citavimus,
797 2419 840 2488 ita
855 2419 976 2508 pergit:
997 2419 1178 2489 «Dubitari
1289 2476 1290 2505 ,

246 2522 357 2582 autem
379 2523 502 2600 posset,
518 2531 596 2580 num
613 2512 653 2581 ad
674 2511 991 2602 quasi-domicilium
1010 2513 1178 2602 acquiren-

245 2607 324 2674 dum
343 2603 545 2673 matrimonii
560 2627 670 2688 causa,
681 2626 748 2675 non
764 2607 870 2675 solum
887 2605 1078 2696 requiratur
1091 2627 1179 2696 prae

245 2699 366 2768 cedens
386 2696 558 2782 habitatio,
580 2720 697 2767 verum
718 2699 818 2769 etiam
837 2700 1042 2790 subsequens
1060 2703 1100 2769 ad
1121 2699 1178 2770 ali·
1286 2744 1287 2761 t

246 2791 335 2882 qnod
356 2791 515 2880 temporis
534 2791 703 2882 spatium?
722 2792 842 2862 Verum
863 2813 938 2861 cum
958 2792 1178 2864 observaveri-

247 2905 332 2968 mus,
346 2886 604 2975 subsequentem
619 2885 856 2956 habitationem
872 2886 912 2955 ab
927 2886 966 2956 iis
979 2886 1178 2966 auctoribus,

246 2979 303 3068 qui
318 2980 403 3047 hanc
416 2988 599 3049 tractarunt
610 2980 795 3064 materiam,
807 2991 974 3070 tamquam
989 2980 1099 3069 magni
1115 3001 1179 3050 mo

246 3073 347 3142 menti
362 3072 599 3141 adminiculum
614 3073 775 3160 reputari,
791 3086 827 3142 ut
837 3094 956 3142 novum
971 3073 1174 3142 domicilium

246 3165 432 3256 quaesitum
450 3165 591 3250 dicatur,
616 3165 700 3234 nibil
719 3187 796 3236 vero
811 3168 851 3235 de
866 3167 920 3235 illa
937 3166 1173 3256 praescriptum

244 3259 346 3330 luisse
372 3280 389 3327 a
408 3258 545 3329 Concilii
564 3259 881 3347 congregationem
901 3260 1040 3330 adducta
1066 3259 1173 3350 paullo

245 3366 322 3422 ante
343 3352 555 3436 definitione,
578 3374 680 3442 penes
700 3354 918 3442 Fagnanum,
940 3354 1096 3423 nolumus
1115 3353 1172 3420 hac

245 3446 286 3514 de
306 3466 342 3513 re
363 3447 544 3534 quidquam
565 3445 639 3514 novi
659 3447 851 3516 decernere.
872 3446 1005 3531 Quare,
1028 3467 1170 3537 quaeso,

245 3537 442 3608 Benedictus
462 3539 528 3607 XlV
549 3561 587 3610 ex
605 3539 820 3632 subsequenti
847 3539 1051 3611 habitatione
1077 3536 1173 3610 admi·
