2642 4175
342 305 385 348 rur
401 304 637 348 lMPEDIMEN'rIs
661 305 860 352 narmnouu
957 296 1021 353 223

124 425 200 474 rem
221 401 399 489 coniugem
416 399 539 471 obiisse
562 412 683 490 potans
714 401 964 476 matrimonium
984 406 1070 478 boun

124 499 193 567 fide
212 494 427 577 contraxerit,
446 495 660 583 postmodum
672 515 749 566 vero
763 498 947 587 comperiat
962 501 1073 571 adhue

123 591 239 662 vivere
255 614 270 655 r
289 588 413 658 relictis
430 588 627 658 adulterinis
645 589 851 680 amplexibus
869 592 908 668 ad
924 593 1071 683 priorem

124 685 309 771 coniugem
329 682 447 751 reverti
468 682 578 764 debet,
604 706 619 747 n
641 694 678 750 ut
695 684 845 773 loquitur
865 684 985 758 Lurius
1005 688 1068 773 lll,

124 777 181 848 eit.
208 799 283 866 cap.
308 774 329 842 b
349 775 390 844 de
410 776 548 845 seeund.
568 775 671 865 Nupt.

555 1001 571 1089 5
592 998 666 1105 58.Ι

319 1157 363 1214 lto
390 1155 533 1227 pothone
553 1156 728 1214 honestatis
751 1157 886 1215 lustitia.

172 1336 336 1405 Publicae
349 1334 533 1406 honestatis
548 1334 673 1405 iustitia
688 1348 738 1404 est
751 1336 914 1426 quaedam
929 1356 968 1405 ex
980 1357 1077 1427 spon·

127 1430 255 1500 salibus
285 1430 327 1500 de
347 1429 482 1513 futuro,
516 1441 573 1498 aut
591 1449 632 1498 ex
663 1428 876 1499 matrimonio
903 1442 976 1500 rato
1004 1442 1076 1501 orta

128 1523 385 1614 propinquitas,
406 1542 507 1611 quam
534 1543 675 1611 sponsus
703 1522 870 1593 contrahit
888 1544 962 1592 cnm
980 1544 1076 1613 spon·

83 1667 86 1680 .
127 1636 182 1686 sae
202 1616 466 1703 consanguineis
481 1615 581 1684 etiam
603 1615 799 1704 illegitimis,
817 1637 883 1686 nou
903 1629 1015 1687 autem
1031 1620 1079 1687 ai·

93 1751 94 1754 =
127 1709 257 1781 linibus
278 1710 467 1799 utriusque,
500 1729 539 1777 ex
563 1730 627 1798 qua
650 1711 780 1798 exurgit
799 1710 1075 1800 impedimentum

132 1803 343 1875 matrimonii
364 1803 537 1885 dirimens,
560 1803 647 1892 quod
663 1803 780 1872 eodem
800 1804 954 1893 publicae
973 1804 1077 1876 houe-

126 1898 220 1968 statis
254 1897 392 1966 nomine
424 1895 634 1984 designatur.
667 1895 795 1965 Dicitur
822 1898 1075 1987 propinquitas,

131 1992 208 2079 quia
231 1990 415 2081 praesefert
428 1988 573 2079 aliquam
586 1989 731 2078 speeiem
747 1990 926 2070 affinitatis,
942 2004 1077 2080 propter

132 2095 238 2174 quam
260 2083 424 2174 quaedam
444 2083 598 2153 honestas
619 2104 657 2151 ao
675 2081 824 2152 decentia
843 2084 1011 2172 postulare
1030 2085 1077 2153 vi·

128 2179 240 2263 detur,
265 2191 302 2246 ut
316 2194 415 2245 nemo
436 2176 466 2245 ei
485 2178 617 2266 puellae
632 2175 749 2259 nubat,
766 2174 860 2244 euius
877 2177 1076 2264 consangui-

130 2292 232 2341 neam
252 2284 312 2341 aut
331 2270 394 2339 sibi
415 2269 642 2360 desponsavit,
663 2267 842 2339 autetiam
863 2268 1076 2340 matrimonio

132 2365 383 2454 quodammodo
402 2384 497 2432 suam
519 2362 639 2432 effecit.
659 2362 786 2432 Dicitur
802 2375 873 2431 orta
891 2385 928 2433 ex
947 2384 1078 2452 sponsu

131 2459 220 2528 libus
241 2460 280 2526 de
299 2458 435 2545 soture,
458 2468 517 2525 aut
537 2457 778 2545 depromenti,
813 2456 900 2529 etin
921 2456 984 2525 hoe
1014 2451 1082 2526 dilss

131 2552 193 2622 fert
214 2551 349 2641 publiea
381 2551 538 2619 honestas
566 2550 606 2618 ab
632 2550 811 2635 affinitate;
836 2550 1000 2640 siqnidem
1028 2553 1076 2620 ai·

25 2656 28 2659 “
131 2645 255 2728 linitas,
271 2647 312 2714 de
327 2665 392 2733 qua
413 2643 565 2726 inferius,
583 2643 696 2729 oritur⁴
709 2645 759 2714 vel
780 2664 818 2714 ex
835 2645 952 2735 copula
967 2644 1072 2730 licita,

134 2737 222 2809 idest
239 2737 466 2821 matrimonio,
486 2736 535 2806 vel
554 2757 592 2806 ex
609 2738 727 2827 copula
742 2737 869 2823 illicita,
886 2739 971 2809 idest
986 2760 1076 2808 eom·

134 2832 261 2901 morcio
276 2830 401 2900 carnali
416 2842 505 2898 extra
521 2830 783 2915 matrimoninm3
794 2832 950 2903 honestas
962 2844 1075 2903 autem
1138 2846 1143 2865 “

135 2924 288 3012 provenit
301 2945 339 2993 ex
353 2923 562 3013 sponsalibus
575 2923 701 3013 absque
717 2924 785 2993 ullo
793 2924 993 2995 commercio
1007 2947 1076 2996 ear·

106 3055 114 3069 ·
134 3020 215 3088 nali.
230 3017 628 3106 Dieiloreoneonpnineis‚
639 3037 707 3097 nou
720 3037 797 3087 vero
812 3018 977 3103 affinibus,
995 3020 1075 3110 quia

136 3112 174 3179 ad
188 3112 311 3181 affines
326 3132 394 3179 uon
415 3110 615 3192 extenditur;
631 3122 834 3201 quapropter
847 3124 957 3201 posset
977 3133 1076 3201 spou-

135 3224 202 3290 sus,
217 3217 371 3279 mortuae
386 3224 526 3293 sponsae
545 3204 669 3274 ducere
681 3224 751 3271 non
762 3203 897 3292 quidem
910 3225 1072 3288 sororem,

135 3299 190 3367 sed
205 3298 340 3366 viduam
355 3297 466 3366 iratris
480 3317 632 3386 sponsae,
645 3295 722 3387 quia
737 3297 820 3367 haee
830 3310 880 3366 est
892 3297 998 3366 affinis
1012 3297 1075 3387 ipsi

136 3410 289 3479 sponsae.
312 3389 397 3458 Olim
419 3390 571 3479 publicae
599 3390 781 3460 honestetis
800 3390 1074 3480 impedimentum

138 3504 175 3552 ex
189 3483 363 3575 quibusvis
377 3484 597 3574 sponsalibus,
614 3484 712 3557 etiam
728 3485 877 3556 invalidis
891 3484 1072 3571 oriebatur,
