2642 4175
244 361 310 417 334
575 368 680 413 caeno
698 368 745 412 111.

198 473 280 541 siam
291 469 498 577 approbata·
515 476 548 534 et
567 466 643 534 inde
661 478 723 547 est,
744 467 832 554 quod
849 467 964 555 legalis
981 469 1137 557 cognatio

200 562 452 634 matrimonium
484 559 654 647 impediat.
675 582 690 624 r
713 560 759 627 td
781 558 1062 644 tauroentum,
1085 563 1137 630 in·

199 659 284 747 qnit,
304 656 391 745 quod
412 652 592 743 prohibitio
616 652 700 740 legis
729 653 896 722 humanae
920 675 986 722 non
1005 655 1136 723 suffice·

200 752 310 819 netad
339 746 612 836 impedimentum
633 745 851 827 matrimonii,
875 746 938 815 nisi
957 747 1137 817 interveni-

201 856 254 911 ret
272 842 438 910 Ecclesiae
459 840 661 920 auctoritas,
686 858 770 927 qnae
798 839 886 907 idem
908 840 1008 908 etiam
1032 842 1137 909 inter·

199 936 297 1004 dicit:
314 946 384 1002 aet
403 932 617 1022 prosequitur
637 931 784 1038 quodlib
808 931 847 998 V.
862 942 927 1000 art
941 930 975 1000 5
999 933 1137 1002 «Eccle-

199 1030 247 1097 sia
266 1029 301 1097 in
322 1027 397 1108 bis,
430 1045 515 1133 quae
547 1025 587 1092 ad
616 1024 864 1093 matrimonium
888 1027 1081 1113 pertinent,
1103 1048 1137 1095 se

202 1122 301 1189 babet
327 1120 527 1208 triplicrter;
549 1138 617 1186 uno
638 1118 773 1206 quidem
795 1119 894 1186 modo
922 1140 982 1207 per
1001 1121 1137 1188 modum

204 1205 382 1283 iudicantis
387 1263 456 1279 .....
477 1212 541 1279 alio
562 1212 659 1279 modo
676 1230 711 1279 se
731 1209 831 1279 habet
851 1230 910 1299 per
927 1214 1063 1279 modum
1084 1234 1137 1281 oo·

204 1307 392 1376 bibentis...
401 1305 528 1373 .tertio
550 1305 648 1372 modo
666 1302 815 1372 sehabet
835 1324 897 1392 per
917 1306 1053 1372 modum
1074 1316 1139 1374 sta·

202 1400 337 1481 tuentis,
360 1398 446 1487 qnod
476 1397 526 1464 lit
540 1397 646 1464 solum
668 1398 844 1465 auotoritat
830 1408 864 1465 te
885 1395 1012 1465 Summi
1030 1397 1141 1466 Ponti·

124 1485 132 1502 ’
201 1493 284 1569 licis,
304 1503 337 1559 et
357 1490 538 1558 secundum
557 1489 643 1568 boc,
662 1509 825 1595 personae
845 1490 977 1579 aliquae
993 1491 1140 1559 reddun-

200 1598 256 1653 tur
277 1583 482 1689 illegitimae,
500 1593 537 1650 nt
557 1593 647 1669 patet
660 1584 693 1648 in
714 1582 880 1670 aliquibus
895 1583 1071 1671 gradibus
1067 1604 1141 1652 con-

200 1675 435 1764 sanguinitatis
457 1686 504 1742 et
514 1674 694 1743 affinitatis.
721 1698 735 1739 i
758 1675 850 1744 Unde
867 1676 947 1744 scite
964 1676 1062 1744 Gard.
1083 1675 1145 1748 Ca-'

202 1771 270 1837 rala
286 1767 453 1855 Arcbiep
475 1766 753 1835 Beneventanus
744 1788 778 1834 m
800 1767 931 1858 Synodo
952 1768 1063 1838 Dioeo.
1083 1790 1137 1837 an.

205 1861 298 1930 4855
316 1862 372 1930 ait:
396 1884 410 1926 a
430 1858 463 1928 Si
484 1880 572 1949 quae
588 1860 692 1948 igitur
711 1881 728 1927 a
746 1860 853 1928 laicali
869 1872 1032 1967 potestate
1050 1883 1143 1951 prae·

207 1955 415 2036 scribuntur,
436 1953 518 2021 haec
542 1974 652 2041 neque
674 1954 876 2022 matrimonii
897 1951 1045 2024 alliciunt
1064 1957 1143 2023 sub·

204 2049 371 2127 stantiam,
390 2066 500 2136 neque
519 2066 580 2115 suo
606 2046 680 2115 iure
705 2047 924 2126 convalidare,
943 2059 1001 2116 aut
1018 2048 1125 2116 lahela
1109 2069 1143 2116 a·

204 2143 440 2223 curavalam,
462 2141 520 2209 sed
541 2140 841 2209 civilesdumtaxat
864 2141 1068 2210 matrimonii
1096 2141 1142 2210 ef·

204 2237 309 2305 fectus
326 2234 520 2322 respiciunt.
541 2255 555 2297 r
580 2232 658 2300 Vide
677 2254 764 2322 qnae
784 2234 869 2302 dicta
890 2247 967 2303 sunt
987 2235 1002 2323 ἓ
1022 2232 1080 2302 30.

212 2359 215 2367 ·
267 2331 312 2395 Ex
339 2327 460 2416 quibos
487 2325 641 2394 omnibus
672 2326 751 2395 satis
784 2328 988 2415 exploratum
1009 2339 1079 2409 est,
1104 2327 1141 2393 l⁰

204 2432 401 2510 potestatem
435 2419 670 2506 impedimenta
696 2420 884 2488 dirimentia
915 2421 987 2488 iure
1007 2421 1141 2508 proprio

148 2554 151 2560 ι
204 2511 426 2582 constituendi
448 2515 486 2579 ad
509 2532 610 2578 unam
641 2510 822 2581 Ecclesiam
840 2512 1032 2601 pertinere;
1060 2513 1142 2581 haec

205 2605 389 2685 sententia,
412 2615 449 2671 ut
462 2603 622 2686 vidimus,
645 2624 712 2672 non
732 2606 941 2695 estamplius
961 2624 999 2673 en
1025 2625 1139 2674 earum

206 2718 360 2779 numero,
385 2716 470 2784 quae
487 2696 613 2765 liberae
626 2698 816 2766 scholarum
837 2698 1050 2788 disputationi
1067 2709 1141 2786 p'en·

208 2792 398 2872 minantur,
421 2790 477 2857 sed
499 2801 625 2871 contra,
646 2801 816 2880 tamquam
843 2792 964 2860 veritas
983 2802 1142 2874 certano

209 2886 376 2973 explorata
396 2883 529 2951 omnino
555 2884 696 2951 tenenda
722 2895 790 2963 est,
813 2885 891 2953 licet
920 2883 1160 2973 expresseab,

207 2978 352 3045 Ecclesia
374 2976 508 3045 delinita
522 2996 593 3043 non
608 2976 667 3059 sit;
689 2975 725 3042 2⁰
745 2976 960 3066 Principibus·
975 2977 1141 3064 integrum

209 3091 281 3139 esse
300 3070 368 3138 suis
399 3069 540 3137 subditis
560 3081 673 3137 contra
704 3070 814 3138 civiles
837 3071 927 3159 leges
954 3069 1139 3159 copulatis,

208 3165 286 3232 licet
306 3184 343 3232 ea
365 3162 588 3244 matrimonia,
611 3161 739 3231 ratione
755 3163 952 3245 sacramenti
972 3175 1006 3231 et
1021 3161 1142 3230 vinculi

211 3257 287 3325 inde
300 3256 465 3345 prognati,
480 3255 586 3323 valida
600 3255 676 3336 sint,
691 3256 826 3323 allectus
838 3256 949 3325 ortiles
966 3256 1143 3343 denegares

211 3350 311 3437 idque
330 3349 410 3417 satis
431 3359 480 3417 est
499 3349 556 3416 ad
568 3368 624 3417 eos
653 3348 686 3415 in
715 3349 824 3436 allicio
842 3349 1082 3430 continendos,
1101 3366 1144 3414 ne

211 3441 402 3529 Principum
424 3442 514 3548 legas
545 3448 771 3511 contemnant.
798 3442 925 3511 Subditi
953 3443 1042 3511 enim
1063 3462 1080 3508 a
1100 3439 1145 3506 si-

212 3532 345 3600 milibus
361 3534 487 3623 nuptiis
506 3535 601 3603 lacile
623 3535 846 3620 abstinebunt,
870 3538 948 3604 dnm
967 3536 1065 3624 plane
1083 3552 1145 3600 no
