2642 4175
346 297 390 378 ορ,
406 296 642 342 munumentum
660 295 859 342 uannmoun
955 261 1037 345 239'

505 503 508 508 ·
557 510 649 601 560.

477 682 522 739 lle
542 681 738 753 impotentia.

180 860 417 951 lmpotentiam
446 863 510 931 hoc
541 864 613 933 loco
641 884 799 933 vocamus
830 862 1069 934 inhabilitatem

134 955 239 1024 velex
262 967 355 1044 parte
374 955 447 1035 viri,
469 957 576 1025 velex
597 969 705 1047 parte·
724 958 868 1030 feminae
897 956 937 1024 ad
958 956 1072 1025 matri·

136 1049 285 1118 monium
307 1050 621 1134 consummandum,
644 1051 894 1140 perfectamque
920 1050 1072 1138 copulam

137 1141 338 1211 habendam.
360 1142 442 1211 Cum
460 1154 571 1211 autem
595 1143 833 1213 commercium
863 1143 996 1211 carnale
1015 1163 1074 1211 na·

137 1235 293 1304 turaliter
318 1235 477 1324 compleri
511 1236 636 1325 possit,
656 1237 788 1306 etiamsi
815 1234 988 1326 genoratio
1007 1256 1075 1304 non

136 1340 324 1418 sequatur,
353 1348 420 1397 non
441 1341 490 1398 est
509 1329 685 1399 iudicanda
706 1329 923 1421 impotentia,
947 1328 975 1398 si
1001 1350 1076 1398 mu·

138 1421 197 1490 lier
216 1421 321 1490 luerit
339 1421 475 1490 sterilis.
494 1421 556 1491 Hic
575 1424 687 1512 agitur
704 1424 745 1493 de
777 1421 973 1513 impotentia
999 1426 1075 1491 cod·

138 1514 230 1600 andi,
253 1513 338 1584 idest
356 1514 500 1584 habendi
521 1519 674 1606 copulam
693 1538 731 1585 ex
755 1538 790 1586 se
810 1528 920 1607 aptam
950 1516 991 1584 ad
1017 1534 1075 1604 ge·

103 1642 106 1652 v
138 1607 369 1691 necationem,
393 1610 519 1679 nonde
554 1609 750 1700 impotentia
783 1609 993 1698 generandi,
1016 1629 1077 1680 seu

138 1701 345 1788 producendi
365 1702 507 1790 prolem.
526 1702 584 1772 Est
604 1715 716 1773 autem
735 1703 930 1794 impotentia
951 1703 1002 1772 vel
1021 1723 1077 1772 na·

141 1794 260 1863 luralis
280 1805 314 1862 et
346 1794 538 1880 intrinseca,
560 1796 608 1865 vel
631 1796 843 1866 accidentalis
865 1808 898 1865 et
917 1796 1076 1866 extrinse-

140 1909 189 1956 ca.
211 1887 308 1955 Prior
328 1908 368 1956 eu
387 1899 527 1958 naturae
548 1890 690 1974 defectu,
714 1890 878 1979 posterior
895 1909 936 1958 ex
951 1889 1077 1958 maleli-

140 1981 201 2065 cio,
225 1981 275 2049 vel
305 2000 343 2063 ex
385 1979 530 2051 hominis
554 2004 655 2071 opera
676 1982 909 2072 proficiscitur.
930 1981 1078 2071 Utraque

141 2074 188 2143 vel
207 2084 369 2164 perpetua
399 2084 449 2143 est
468 2076 518 2146 vel
545 2074 738 2165 temporalis
747 2098 756 2158 ;
780 2083 951 2164 perpetua,
975 2085 1025 2142 ost
1049 2074 1077 2143 si

141 2167 274 2236 nonnisi
297 2189 371 2236 curn
394 2169 511 2239 mortis
529 2168 692 2258 periculo,
715 2179 772 2238 aut
787 2189 846 2256 per
864 2166 1073 2249 miraculum,

144 2273 202 2330 aut
221 2281 281 2350 per
301 2261 408 2330 media
428 2262 541 2330 illicita
569 2261 694 2332 auferri
726 2260 840 2352 possit.
874 2259 1078 2349 Temporalis

141 2375 218 2423 vero
235 2353 370 2435 dicitur,
398 2354 426 2423 si
447 2367 548 2444 queat
578 2369 635 2425 out
651 2356 799 2425 medicae
824 2353 906 2424 artis
925 2374 999 2442 ope,
1022 2363 1080 2423 aut
1141 2432 1144 2437 Α

143 2469 202 2535 per
221 2446 423 2517 exorcismos
443 2448 628 2535 Ecclesiae,
651 2460 709 2519 aut
739 2448 812 2517 aliis
846 2447 952 2517 modis
979 2445 1078 2515 licitis

143 2540 309 2629 superari.
333 2541 479 2610 Tandem
500 2541 562 2610 alia
584 2554 633 2612 est
649 2543 811 2627 absoluta,
833 2541 897 2611 alia
919 2541 1078 2631 respecti-

142 2654 200 2702 va:
228 2634 378 2703 absoluta
401 2647 461 2718 est,
486 2636 625 2724 quaein
651 2635 721 2706 viro
754 2646 906 2726 respectu
927 2633 1078 2705 omnium

145 2727 337 2806 mulierum,
355 2741 413 2798 aut
432 2728 466 2797 in
495 2727 617 2798 lomina
640 2741 792 2819 respectu
819 2727 969 2798 omnium
989 2727 1078 2796 viro·

145 2840 219 2888 rum
242 2819 411 2910 reperitur
426 2843 435 2903 ;
462 2823 642 2911 respectiva
665 2836 736 2906 est,
766 2843 852 2912 quae
885 2832 941 2891 aut
970 2819 1077 2889 virum

146 2924 201 2981 aut
218 2914 394 2983 mulierem
413 2927 567 3004 respectu
587 2928 697 2985 certae
717 2935 890 3004 personae,
912 2935 978 2984 non
998 2934 1077 2982 vero

147 3018 299 3094 respectu
332 3006 472 3075 aliarum
505 3008 654 3077 omnium
681 3008 862 3078 inhabilem
902 3006 1009 3078 reddit
1037 3005 1078 3074 ad

147 3098 397 3168 matrimonium
418 3102 729 3170 consummandum
762 3101 935 3183 Quaelibet
967 3110 1079 3168 autem

147 3189 360 3300 impotentia,
382 3192 409 3262 si
428 3194 676 3264 matrimonium
698 3194 926 3285 praecesserit,
947 3201 1079 3260 antece·

148 3282 284 3368 dens,'
258 3307 286 3353 si
310 3285 377 3353 iam
406 3299 612 3358 contractum
631 3288 835 3378 subsequuta
864 3286 930 3369 sit,
965 3284 1080 3354 subse·

147 3397 252 3464 quens
269 3379 470 3487 appellatur.

192 3469 251 3540 llis
271 3472 481 3561 praemissis,
504 3472 586 3544 haec
613 3474 700 3564 apud
720 3493 835 3544 omnes
865 3458 955 3546 certa
976 3480 1079 3540 sunt:
