2642 4175
284 348 351 406 aaa
619 358 724 406 aanor
739 317 786 403 m.

237 459 395 546 Princeps
414 455 531 545 nequit
552 452 719 542 attingere
732 466 949 535 contractum,
968 475 1030 526 aar
1048 474 1179 544 ponere

238 549 474 629 conditionem,
488 548 577 616 uode
595 547 669 617 eins
688 547 838 618 validitas
858 549 1055 637 dependeat,
1077 548 1176 638 quin,

238 645 303 712 lroc
332 641 429 731 ipso,
459 640 599 729 attingat
629 653 898 724 sacramentum,
921 662 959 714 ac
989 653 1115 712 statuat
1130 642 1177 714 de

239 757 277 804 re
296 755 388 805 sacra
409 734 570 815 omnino,
605 743 640 802 et
666 734 920 818 sacramentali,
943 755 1028 823 quae
1057 735 1099 816 ad
1125 734 1176 806 ci·

238 828 337 916 rilem
356 838 552 916 potestatem
573 826 766 895 nullomodo
791 837 929 915 spectat.
954 826 1105 896 Secundo
1124 827 1177 896 lo·

238 942 303 1002 eo,
329 939 491 1009 negamus
523 917 691 1007 pertinere
718 920 758 987 ad
787 917 975 1008 Principem
995 920 1099 989 ullam
1121 919 1176 990 ius

240 1013 327 1082 circa
359 1024 566 1083 contractum
599 1011 801 1080 matrimonii
836 1012 1047 1095 naturalem,
1078 1031 1177 1100 prae-

240 1105 355 1175 sertim
376 1105 486 1194 quod,
509 1114 585 1171 ante
605 1124 736 1173 omnem
767 1104 874 1191 legam
895 1104 1048 1187 civitem,
1070 1103 1176 1176 alteo

241 1199 313 1288 ipso
344 1198 379 1266 in
413 1195 557 1266 hominis
592 1197 761 1265 creatione
790 1196 961 1266 institutus
992 1209 1066 1279 est,
1097 1208 1176 1265 eta

240 1290 372 1361 Christo
403 1289 541 1360 Domino
575 1289 616 1358 ad
648 1289 846 1359 sacramenti
878 1288 1072 1376 dignitatem
1099 1308 1179 1360 ere·

242 1395 336 1465 ctus,
359 1383 442 1451 adeo
466 1393 503 1449 ut
522 1382 610 1451 inter
628 1382 819 1471 coniugium
839 1382 991 1452 naturale
1015 1393 1050 1452 et
1064 1401 1179 1456 sacta·

242 1485 392 1545 mentum
425 1474 516 1543 nulla
549 1473 735 1546 differentia
765 1473 972 1557 intercedat,
1003 1494 1180 1563 unumque

241 1588 318 1636 cnm
338 1568 443 1635 altero
477 1566 609 1655 penitus
630 1567 869 1635 identifieetnr.
904 1566 1017 1635 Tertio
1041 1568 1182 1635 demum

242 1680 380 1750 prorsus
404 1679 566 1748 negamus
589 1658 623 1727 in
654 1659 740 1728 civili
768 1681 806 1728 ao
835 1660 979 1729 naturali
1007 1670 1181 1730 contractu

246 1752 419 1824 materiam
455 1751 655 1822 sacramenti
689 1751 786 1822 sitam
821 1772 918 1835 esse,
950 1752 1068 1822 sedin
1097 1771 1181 1821 con·

245 1856 355 1915 tractu
390 1846 431 1914 ad
462 1844 704 1934 praescriptum
740 1804 1038 1915 ecclesiasticarum
1063 1845 1181 1931 ιιςιιιιι

249 1937 439 2020 celebrato;
469 1949 674 2029 quapropter
703 1935 737 2005 S
768 1937 953 2007 Thomas
944 1958 977 2006 ιιι
1011 1937 1181 2043 supplem.

250 2042 381 2122 quaest.
401 2029 459 2115 54,
481 2044 544 2100 ιιι.
576 2027 727 2102 lant:
762 2055 777 2098 ι
806 2029 898 2115 Sicut
922 2030 1024 2114 Deus,
1043 2029 1179 2119 inquit,

247 2147 315 2195 non
351 2123 525 2212 coniungit
555 2124 653 2208 illos,
690 2123 748 2214 qni
783 2124 1034 2213 coniunguntur
1064 2134 1182 2195 contra

249 2218 398 2287 divinum
419 2229 650 2306 praeceptum,
672 2217 717 2285 ita
739 2233 801 2286 nec
818 2216 991 2303 coniungit
1010 2215 1101 2298 illos,
1121 2217 1182 2304 qni

243 2311 495 2397 coniunguntur
512 2321 627 2378 contra
652 2309 822 2380 Ecclesiae
840 2319 1067 2399 praeceptum,
1090 2310 1182 2398 quod

246 2404 347 2471 habet
379 2402 528 2471 eamdem
566 2401 736 2491 obligandi
767 2403 973 2484 efficaciam,
996 2421 1096 2491 qnam
1120 2401 1198 2468 ha-‘

247 2496 304 2566 bet
336 2494 483 2563 divinum
516 2506 781 2584 praeceptum.»
817 2495 853 2564 Iti
885 2494 1102 2584 perspicuum
1131 2504 1184 2562 ast
1314 2544 1315 2555 ,

248 2608 287 2656 ex
304 2588 389 2656 lacto
417 2598 451 2655 et
483 2606 647 2656 consensu
680 2589 783 2657 totius
815 2587 1005 2658 Ecclesiae:
1034 2585 1185 2657 Ecclesia

247 2679 357 2760 enim,
379 2678 428 2746 nti
447 2678 553 2747 valida
583 2700 716 2768 semper
747 2678 864 2748 habuit
896 2680 1106 2750 matrimonia
1127 2698 1190 2747 ca·

247 2770 367 2840 noniee
397 2782 580 2853 contracta,
612 2792 824 2862 quocumque
862 2773 1015 2841 obstante
1047 2771 1186 2861 impedi·

246 2875 359 2933 mento
397 2863 508 2946 civili,
547 2876 581 2933 et
612 2885 630 2933 e
664 2876 777 2933 contra
824 2863 1061 2947 matrimonia,
1098 2884 1186 2952 qnae

249 2968 364 3026 contra
385 2956 475 3044 leges
504 2978 521 3025 a
555 2956 711 3026 Conciliis
739 2968 772 3025 et
791 2954 936 3025 Summis
968 2917 1187 3027 Pontificibus
1312 2968 1313 2991 ³

248 3050 333 3118 latas
358 3060 525 3118 contracta
549 3059 682 3127 essent,
703 3048 798 3117 irrita
814 3062 993 3138 perpetuo
1017 3049 1189 3131 retinuit,

249 3141 330 3211 licat
346 3143 399 3213 lex
417 3141 520 3210 civilis
540 3153 610 3211 rata
629 3162 667 3211 ea
689 3140 838 3229 haberet.
861 3142 941 3211 Vide
965 3162 1122 3230 responsa
1142 3101 1188 3211 ati

250 3233 362 3323 Epise.
379 3233 657 3304 Brexinonensem
675 3254 730 3302 an.
750 3231 854 3318 4804,
878 3244 911 3303 et
941 3234 1111 3342 adEpisc3
1132 3234 1191 3302 lli·

250 3326 482 3396 rarionensem
500 3326 597 3396 an.l
580 3322 702 3395 8484
693 3349 727 3395 ιιι
745 3348 845 3416 opere
862 3351 876 3394 ι
895 3318 1042 3396 Examen
1061 3329 1192 3401 raison·

251 3437 294 3485 ne
317 3430 383 3487 rt.
409 3417 442 3503 8,
465 3441 498 3509 p.
521 3417 601 3487 347.
623 3420 672 3488 Ad
694 3418 777 3490 illud
798 3420 886 3509 quod
912 3420 1193 3510 postremodice·

250 3509 351 3578 hatur
368 3512 409 3581 de
423 3534 507 3602 aqua
525 3524 560 3583 et
572 3512 646 3583 rino
661 3534 722 3604 pro
737 3513 903 3605 Baptistae
920 3524 953 3582 et
966 3513 1195 3594 Eucharistia,
