<?xml version="1.0" encoding="UTF-8"?>
<!DOCTYPE html PUBLIC "-//W3C//DTD XHTML 1.0 Transitional//EN"
    "http://www.w3.org/TR/xhtml1/DTD/xhtml1-transitional.dtd">
<html xmlns="http://www.w3.org/1999/xhtml" xml:lang="en" lang="en">
 <head>
  <title>
</title>
<meta http-equiv="Content-Type" content="text/html;charset=utf-8" />
  <meta name='ocr-system' content='tesseract 3.04.00' />
  <meta name='ocr-capabilities' content='ocr_page ocr_carea ocr_par ocr_line ocrx_word'/>
</head>
<body>
  <div class='ocr_page' id='page_1' title='image "./septimiimariaev00veccgoog_0533.png"; bbox 0 0 2642 4175; ppageno 0'>
   <div class='ocr_carea' id='block_1_1' title="bbox 507 345 1031 404">
    <p class='ocr_par' dir='ltr' id='par_1_1' title="bbox 507 345 1031 404">
     <span class='ocr_line' id='line_1_1' title="bbox 507 345 1031 404; baseline 0.006 -3"><span class='ocrx_word' id='word_1_1' title='bbox 507 356 671 401; x_wconf 78' lang='lat' dir='ltr'><strong>onrnuurx</strong></span> <span class='ocrx_word' id='word_1_2' title='bbox 687 358 721 402; x_wconf 91' lang='lat' dir='ltr'><strong>u.</strong></span> <span class='ocrx_word' id='word_1_3' title='bbox 966 345 1031 404; x_wconf 78' lang='lat'><strong>50⁹</strong></span> 
     </span>
    </p>
   </div>
   <div class='ocr_carea' id='block_1_2' title="bbox 141 451 1081 709">
    <p class='ocr_par' dir='ltr' id='par_1_2' title="bbox 141 451 1081 709">
     <span class='ocr_line' id='line_1_2' title="bbox 186 451 1081 545; baseline 0.002 -23"><span class='ocrx_word' id='word_1_4' title='bbox 186 453 313 523; x_wconf 84' lang='lat' dir='ltr'><strong>Causae</strong></span> <span class='ocrx_word' id='word_1_5' title='bbox 332 465 426 523; x_wconf 89' lang='lat' dir='ltr'><strong>sunt:</strong></span> <span class='ocrx_word' id='word_1_6' title='bbox 447 451 485 520; x_wconf 88' lang='lat' dir='ltr'><strong>l⁰</strong></span> <span class='ocrx_word' id='word_1_7' title='bbox 504 454 629 522; x_wconf 86' lang='lat' dir='ltr'><strong>formae</strong></span> <span class='ocrx_word' id='word_1_8' title='bbox 647 453 759 524; x_wconf 86' lang='lat' dir='ltr'><strong>civiles</strong></span> <span class='ocrx_word' id='word_1_9' title='bbox 779 454 947 545; x_wconf 63' lang='lat' dir='ltr'><strong>impletam</strong></span> <span class='ocrx_word' id='word_1_10' title='bbox 969 454 1006 523; x_wconf 67' lang='lat'><strong>2⁰</strong></span> <span class='ocrx_word' id='word_1_11' title='bbox 1025 477 1081 526; x_wconf 80' lang='lat' dir='ltr'><strong>sex</strong></span> 
     </span>
     <span class='ocr_line' id='line_1_3' title="bbox 141 546 1079 708; baseline 0.006 -95"><span class='ocrx_word' id='word_1_12' title='bbox 141 546 285 708; x_wconf 42' lang='lat' dir='ltr'><strong>intentatis</strong></span> <span class='ocrx_word' id='word_1_13' title='bbox 303 548 396 630; x_wconf 91' lang='lat' dir='ltr'><strong>natl;</strong></span> <span class='ocrx_word' id='word_1_14' title='bbox 419 547 456 615; x_wconf 78' lang='lat'><strong>3⁰</strong></span> <span class='ocrx_word' id='word_1_15' title='bbox 477 546 669 636; x_wconf 80' lang='lat' dir='ltr'><strong>gravissima</strong></span> <span class='ocrx_word' id='word_1_16' title='bbox 699 548 807 618; x_wconf 87' lang='lat' dir='ltr'><strong>omnis</strong></span> <span class='ocrx_word' id='word_1_17' title='bbox 838 549 972 638; x_wconf 75' lang='lat' dir='ltr'><strong>generis</strong></span> <span class='ocrx_word' id='word_1_18' title='bbox 993 551 1079 619; x_wconf 85' lang='lat' dir='ltr'><strong>malo</strong></span> 
     </span>
     <span class='ocr_line' id='line_1_4' title="bbox 142 650 307 709; baseline 0.006 -3"><span class='ocrx_word' id='word_1_19' title='bbox 142 650 251 709; x_wconf 84' lang='lat' dir='ltr'><strong>errtan</strong></span> <span class='ocrx_word' id='word_1_20' title='bbox 277 661 307 709; x_wconf 88' lang='lat' dir='ltr'><strong>a.</strong></span> 
     </span>
    </p>
   </div>
   <div class='ocr_carea' id='block_1_3' title="bbox 386 744 985 961">
    <p class='ocr_par' dir='ltr' id='par_1_3' title="bbox 386 744 985 961">
     <span class='ocr_line' id='line_1_5' title="bbox 426 744 985 818; baseline 0.007 -5"><span class='ocrx_word' id='word_1_21' title='bbox 426 745 479 814; x_wconf 86' lang='lat' dir='ltr'><strong>dia</strong></span> <span class='ocrx_word' id='word_1_22' title='bbox 575 744 708 814; x_wconf 88' lang='lat' dir='ltr'><strong>mensis·</strong></span> <span class='ocrx_word' id='word_1_23' title='bbox 907 749 985 818; x_wconf 87' lang='lat' dir='ltr'><strong>anni</strong></span> 
     </span>
     <span class='ocr_line' id='line_1_6' title="bbox 386 891 705 961; baseline 0.003 -2"><span class='ocrx_word' id='word_1_24' title='bbox 386 891 453 960; x_wconf 92' lang='lat' dir='ltr'><strong>NN.</strong></span> <span class='ocrx_word' id='word_1_25' title='bbox 477 891 705 961; x_wconf 87' lang='lat' dir='ltr'><strong>llissionarius</strong></span> 
     </span>
    </p>
   </div>
   <div class='ocr_carea' id='block_1_4' title="bbox 95 1046 1085 1120">
    <p class='ocr_par' dir='ltr' id='par_1_4' title="bbox 95 1046 1085 1120">
     <span class='ocr_line' id='line_1_7' title="bbox 95 1046 1085 1120; baseline 0 -17"><span class='ocrx_word' id='word_1_26' title='bbox 95 1098 101 1103; x_wconf 93' lang='lat'>.</span> <span class='ocrx_word' id='word_1_27' title='bbox 177 1046 211 1100; x_wconf 91' lang='lat' dir='ltr'><strong>N.</strong></span> <span class='ocrx_word' id='word_1_28' title='bbox 232 1047 264 1099; x_wconf 87' lang='lat' dir='ltr'><strong>B.</strong></span> <span class='ocrx_word' id='word_1_29' title='bbox 283 1046 446 1116; x_wconf 75' lang='lat' dir='ltr'><strong>Dispensatlo</strong></span> <span class='ocrx_word' id='word_1_30' title='bbox 464 1066 523 1102; x_wconf 86' lang='lat' dir='ltr'><strong>eum</strong></span> <span class='ocrx_word' id='word_1_31' title='bbox 541 1049 1085 1133; x_wconf 77' lang='lat' dir='ltr'><strong>sequentiinscriptioneepistolaeappri-</strong></span> 
     </span>
    </p>
   </div>
   <div class='ocr_carea' id='block_1_5' title="bbox 26 1124 643 1179">
    <p class='ocr_par' dir='ltr' id='par_1_5' title="bbox 26 1124 643 1179">
     <span class='ocr_line' id='line_1_8' title="bbox 26 1124 643 1179; baseline 0.002 -2"><span class='ocrx_word' id='word_1_32' title='bbox 26 1153 31 1157; x_wconf 95' lang='lat'>·</span> <span class='ocrx_word' id='word_1_33' title='bbox 143 1140 185 1177; x_wconf 85' lang='lat' dir='ltr'><strong>me</strong></span> <span class='ocrx_word' id='word_1_34' title='bbox 203 1124 306 1177; x_wconf 80' lang='lat' dir='ltr'><strong>alausas</strong></span> <span class='ocrx_word' id='word_1_35' title='bbox 324 1125 357 1177; x_wconf 87' lang='lat' dir='ltr'><strong>ad</strong></span> <span class='ocrx_word' id='word_1_36' title='bbox 375 1143 416 1179; x_wconf 83' lang='lat' dir='ltr'><strong>me</strong></span> <span class='ocrx_word' id='word_1_37' title='bbox 433 1127 567 1179; x_wconf 83' lang='lat' dir='ltr'><strong>mittatur.</strong></span> <span class='ocrx_word' id='word_1_38' title='bbox 587 1125 643 1178; x_wconf 95' lang='grc' dir='ltr'><strong>Ν.</strong></span> 
     </span>
    </p>
   </div>
   <div class='ocr_carea' id='block_1_6' title="bbox 217 1419 1017 1696">
    <p class='ocr_par' dir='ltr' id='par_1_6' title="bbox 217 1419 1017 1696">
     <span class='ocr_line' id='line_1_9' title="bbox 266 1419 969 1509; baseline 0 -21"><span class='ocrx_word' id='word_1_39' title='bbox 266 1419 346 1488; x_wconf 88' lang='lat' dir='ltr'><strong>XVI.</strong></span> <span class='ocrx_word' id='word_1_40' title='bbox 366 1419 526 1488; x_wconf 84' lang='lat' dir='ltr'><strong>Formolo</strong></span> <span class='ocrx_word' id='word_1_41' title='bbox 541 1421 676 1509; x_wconf 79' lang='lat' dir='ltr'><strong>petendi</strong></span> <span class='ocrx_word' id='word_1_42' title='bbox 694 1420 969 1509; x_wconf 75' lang='lat' dir='ltr'><em>dispensationem</em></span> 
     </span>
     <span class='ocr_line' id='line_1_10' title="bbox 217 1514 1017 1602; baseline -0.001 -21"><span class='ocrx_word' id='word_1_43' title='bbox 217 1534 318 1601; x_wconf 82' lang='lat' dir='ltr'><strong>super</strong></span> <span class='ocrx_word' id='word_1_44' title='bbox 347 1514 575 1602; x_wconf 82' lang='lat' dir='ltr'><strong>impedimento</strong></span> <span class='ocrx_word' id='word_1_45' title='bbox 602 1515 725 1582; x_wconf 86' lang='lat' dir='ltr'><strong>oeoulto</strong></span> <span class='ocrx_word' id='word_1_46' title='bbox 748 1514 921 1602; x_wconf 77' lang='lat' dir='ltr'><strong>affinitatis</strong></span> <span class='ocrx_word' id='word_1_47' title='bbox 948 1521 1017 1582; x_wconf 85' lang='lat' dir='ltr'><strong>orto</strong></span> 
     </span>
     <span class='ocr_line' id='line_1_11' title="bbox 435 1607 803 1696; baseline 0 -21"><span class='ocrx_word' id='word_1_48' title='bbox 435 1628 452 1675; x_wconf 84' lang='lat' dir='ltr'><strong>e</strong></span> <span class='ocrx_word' id='word_1_49' title='bbox 472 1608 588 1696; x_wconf 80' lang='lat' dir='ltr'><strong>copulo</strong></span> <span class='ocrx_word' id='word_1_50' title='bbox 606 1607 803 1694; x_wconf 77' lang='lat' dir='ltr'><strong>sororioorio.</strong></span> 
     </span>
    </p>
   </div>
   <div class='ocr_carea' id='block_1_7' title="bbox 233 1802 1001 1889">
    <p class='ocr_par' dir='ltr' id='par_1_7' title="bbox 233 1802 1001 1889">
     <span class='ocr_line' id='line_1_12' title="bbox 233 1802 1001 1889; baseline 0.008 -18"><span class='ocrx_word' id='word_1_51' title='bbox 233 1802 459 1873; x_wconf 69' lang='lat' dir='ltr'><strong>illustrissime</strong></span> <span class='ocrx_word' id='word_1_52' title='bbox 475 1826 513 1872; x_wconf 90' lang='lat' dir='ltr'><strong>ao</strong></span> <span class='ocrx_word' id='word_1_53' title='bbox 533 1806 817 1874; x_wconf 86' lang='lat' dir='ltr'><strong>Reverendissime</strong></span> <span class='ocrx_word' id='word_1_54' title='bbox 837 1806 1001 1889; x_wconf 80' lang='lat' dir='ltr'><strong>Domine,</strong></span> 
     </span>
    </p>
   </div>
   <div class='ocr_carea' id='block_1_8' title="bbox 138 1954 1132 2964">
    <p class='ocr_par' dir='ltr' id='par_1_8' title="bbox 151 1954 1132 2422">
     <span class='ocr_line' id='line_1_13' title="bbox 197 1954 1093 2042; baseline 0.001 -11"><span class='ocrx_word' id='word_1_55' title='bbox 197 1962 297 2041; x_wconf 84' lang='lat' dir='ltr'><strong>Titia,</strong></span> <span class='ocrx_word' id='word_1_56' title='bbox 315 1959 479 2030; x_wconf 87' lang='lat' dir='ltr'><strong>[lioeeesis</strong></span> <span class='ocrx_word' id='word_1_57' title='bbox 496 1961 534 2029; x_wconf 92' lang='grc' dir='ltr'><strong>Ν.</strong></span> <span class='ocrx_word' id='word_1_58' title='bbox 557 1961 700 2042; x_wconf 86' lang='lat' dir='ltr'><strong>subdita,</strong></span> <span class='ocrx_word' id='word_1_59' title='bbox 723 1962 757 2029; x_wconf 87' lang='lat' dir='ltr'><strong>iu</strong></span> <span class='ocrx_word' id='word_1_60' title='bbox 778 1982 817 2030; x_wconf 90' lang='lat' dir='ltr'><strong>eo</strong></span> <span class='ocrx_word' id='word_1_61' title='bbox 837 1973 897 2042; x_wconf 89' lang='lat' dir='ltr'><strong>est,</strong></span> <span class='ocrx_word' id='word_1_62' title='bbox 920 1954 957 2029; x_wconf 83' lang='lat' dir='ltr'><strong>ul</strong></span> <span class='ocrx_word' id='word_1_63' title='bbox 978 1965 1093 2032; x_wconf 89' lang='lat' dir='ltr'><strong>matri·</strong></span> 
     </span>
     <span class='ocr_line' id='line_1_14' title="bbox 151 2054 1132 2127; baseline -0.004 -1"><span class='ocrx_word' id='word_1_64' title='bbox 151 2056 305 2127; x_wconf 89' lang='lat' dir='ltr'><strong>monium</strong></span> <span class='ocrx_word' id='word_1_65' title='bbox 332 2054 505 2123; x_wconf 81' lang='lat' dir='ltr'><strong>ooutraltal</strong></span> <span class='ocrx_word' id='word_1_66' title='bbox 525 2073 599 2122; x_wconf 88' lang='lat' dir='ltr'><strong>oum</strong></span> <span class='ocrx_word' id='word_1_67' title='bbox 617 2054 716 2123; x_wconf 82' lang='lat' dir='ltr'><strong>Titio.</strong></span> <span class='ocrx_word' id='word_1_68' title='bbox 739 2056 874 2123; x_wconf 76' lang='lat' dir='ltr'><strong>atvero</strong></span> <span class='ocrx_word' id='word_1_69' title='bbox 894 2055 1003 2126; x_wconf 84' lang='lat' dir='ltr'>obstat</span> <span class='ocrx_word' id='word_1_70' title='bbox 1030 2057 1094 2125; x_wconf 89' lang='lat' dir='ltr'><strong>im·</strong></span> <span class='ocrx_word' id='word_1_71' title='bbox 1130 2119 1132 2122; x_wconf 83' lang='grc'><em>,</em></span> 
     </span>
     <span class='ocr_line' id='line_1_15' title="bbox 151 2147 1091 2240; baseline -0.005 -20"><span class='ocrx_word' id='word_1_72' title='bbox 151 2149 382 2240; x_wconf 85' lang='lat' dir='ltr'><strong>pedimentum</strong></span> <span class='ocrx_word' id='word_1_73' title='bbox 418 2149 555 2217; x_wconf 90' lang='lat' dir='ltr'><strong>omnino</strong></span> <span class='ocrx_word' id='word_1_74' title='bbox 587 2147 753 2216; x_wconf 82' lang='lat' dir='ltr'><strong>occultum</strong></span> <span class='ocrx_word' id='word_1_75' title='bbox 791 2148 960 2217; x_wconf 87' lang='lat' dir='ltr'><strong>affinitatis</strong></span> <span class='ocrx_word' id='word_1_76' title='bbox 992 2149 1091 2237; x_wconf 84' lang='lat' dir='ltr'><strong>primi</strong></span> 
     </span>
     <span class='ocr_line' id='line_1_16' title="bbox 153 2240 1094 2331; baseline -0.003 -19"><span class='ocrx_word' id='word_1_77' title='bbox 153 2244 279 2330; x_wconf 83' lang='lat' dir='ltr'><strong>gradus</strong></span> <span class='ocrx_word' id='word_1_78' title='bbox 293 2241 454 2331; x_wconf 79' lang='lat' dir='ltr'><strong>aequalis,</strong></span> <span class='ocrx_word' id='word_1_79' title='bbox 469 2241 576 2309; x_wconf 84' lang='lat' dir='ltr'><strong>lineae</strong></span> <span class='ocrx_word' id='word_1_80' title='bbox 592 2240 801 2321; x_wconf 81' lang='lat' dir='ltr'><strong>collateralis,</strong></span> <span class='ocrx_word' id='word_1_81' title='bbox 816 2252 925 2309; x_wconf 90' lang='lat' dir='ltr'><strong>ortum</strong></span> <span class='ocrx_word' id='word_1_82' title='bbox 942 2242 1094 2331; x_wconf 85' lang='lat' dir='ltr'><strong>eoopula</strong></span> 
     </span>
     <span class='ocr_line' id='line_1_17' title="bbox 152 2332 696 2422; baseline -0.009 -18"><span class='ocrx_word' id='word_1_83' title='bbox 152 2336 333 2407; x_wconf 77' lang='lat' dir='ltr'><strong>fornicaria</strong></span> <span class='ocrx_word' id='word_1_84' title='bbox 355 2335 550 2403; x_wconf 80' lang='lat' dir='ltr'><strong>cumfratre</strong></span> <span class='ocrx_word' id='word_1_85' title='bbox 571 2332 696 2422; x_wconf 80' lang='lat' dir='ltr'><strong>sponsi.</strong></span> 
     </span>
    </p>

    <p class='ocr_par' dir='ltr' id='par_1_9' title="bbox 138 2425 1095 2798">
     <span class='ocr_line' id='line_1_18' title="bbox 200 2425 1095 2515; baseline -0.002 -19"><span class='ocrx_word' id='word_1_86' title='bbox 200 2428 310 2509; x_wconf 84' lang='lat' dir='ltr'><strong>Quare</strong></span> <span class='ocrx_word' id='word_1_87' title='bbox 331 2427 518 2498; x_wconf 77' lang='lat' dir='ltr'>humillime</span> <span class='ocrx_word' id='word_1_88' title='bbox 550 2427 738 2515; x_wconf 79' lang='lat' dir='ltr'><strong>supplicant</strong></span> <span class='ocrx_word' id='word_1_89' title='bbox 765 2425 1009 2496; x_wconf 69' lang='lat' dir='ltr'><strong>illustrissimae</strong></span> <span class='ocrx_word' id='word_1_90' title='bbox 1030 2425 1095 2495; x_wconf 88' lang='lat' dir='ltr'><strong>Do·</strong></span> 
     </span>
     <span class='ocr_line' id='line_1_19' title="bbox 154 2519 1093 2609; baseline -0.004 -18"><span class='ocrx_word' id='word_1_91' title='bbox 154 2521 331 2591; x_wconf 85' lang='lat' dir='ltr'><strong>minutioni</strong></span> <span class='ocrx_word' id='word_1_92' title='bbox 353 2521 497 2603; x_wconf 87' lang='lat' dir='ltr'><strong>Vestrae,</strong></span> <span class='ocrx_word' id='word_1_93' title='bbox 520 2532 557 2588; x_wconf 87' lang='lat' dir='ltr'><strong>ut</strong></span> <span class='ocrx_word' id='word_1_94' title='bbox 574 2540 676 2609; x_wconf 81' lang='lat' dir='ltr'><strong>super</strong></span> <span class='ocrx_word' id='word_1_95' title='bbox 698 2541 736 2589; x_wconf 89' lang='lat' dir='ltr'><strong>eo</strong></span> <span class='ocrx_word' id='word_1_96' title='bbox 756 2519 994 2608; x_wconf 87' lang='lat' dir='ltr'><strong>impedimento</strong></span> <span class='ocrx_word' id='word_1_97' title='bbox 1015 2540 1093 2588; x_wconf 88' lang='lat' dir='ltr'><strong>cum</strong></span> 
     </span>
     <span class='ocr_line' id='line_1_20' title="bbox 154 2612 1096 2705; baseline -0.003 -22"><span class='ocrx_word' id='word_1_98' title='bbox 154 2614 226 2705; x_wconf 88' lang='lat' dir='ltr'><strong>lpsa</strong></span> <span class='ocrx_word' id='word_1_99' title='bbox 259 2615 288 2682; x_wconf 89' lang='lat' dir='ltr'><strong>vi</strong></span> <span class='ocrx_word' id='word_1_100' title='bbox 316 2612 482 2683; x_wconf 74' lang='lat' dir='ltr'><strong>facultatis</strong></span> <span class='ocrx_word' id='word_1_101' title='bbox 518 2614 717 2702; x_wconf 80' lang='lat' dir='ltr'><strong>apostolicae</strong></span> <span class='ocrx_word' id='word_1_102' title='bbox 747 2613 1028 2683; x_wconf 83' lang='lat' dir='ltr'><strong>extraordinariae</strong></span> <span class='ocrx_word' id='word_1_103' title='bbox 1048 2614 1096 2681; x_wconf 80' lang='lat' dir='ltr'><strong>tli-</strong></span> 
     </span>
     <span class='ocr_line' id='line_1_21' title="bbox 138 2707 501 2798; baseline -0.028 -14"><span class='ocrx_word' id='word_1_104' title='bbox 138 2766 151 2784; x_wconf 91' lang='lat'>.</span> <span class='ocrx_word' id='word_1_105' title='bbox 155 2728 314 2798; x_wconf 78' lang='lat' dir='ltr'><strong>sponsare</strong></span> <span class='ocrx_word' id='word_1_106' title='bbox 334 2707 501 2794; x_wconf 79' lang='lat' dir='ltr'><strong>dignetur.</strong></span> 
     </span>
    </p>

    <p class='ocr_par' dir='ltr' id='par_1_10' title="bbox 158 2757 1093 2964">
     <span class='ocr_line' id='line_1_22' title="bbox 206 2757 1093 2886; baseline -0.005 -17"><span class='ocrx_word' id='word_1_107' title='bbox 206 2800 331 2869; x_wconf 80' lang='lat' dir='ltr'><strong>Causae</strong></span> <span class='ocrx_word' id='word_1_108' title='bbox 352 2810 440 2867; x_wconf 90' lang='lat' dir='ltr'><strong>sunt:</strong></span> <span class='ocrx_word' id='word_1_109' title='bbox 461 2799 498 2864; x_wconf 87' lang='lat' dir='ltr'><strong>l⁰</strong></span> <span class='ocrx_word' id='word_1_110' title='bbox 515 2798 625 2866; x_wconf 86' lang='lat' dir='ltr'><strong>omnia</strong></span> <span class='ocrx_word' id='word_1_111' title='bbox 641 2798 681 2865; x_wconf 88' lang='lat' dir='ltr'><strong>ad</strong></span> <span class='ocrx_word' id='word_1_112' title='bbox 698 2757 948 2867; x_wconf 76' lang='lat' dir='ltr'><strong>matrimonium</strong></span> <span class='ocrx_word' id='word_1_113' title='bbox 964 2810 1093 2886; x_wconf 61' lang='lat' dir='ltr'><strong>parata</strong></span> 
     </span>
     <span class='ocr_line' id='line_1_23' title="bbox 158 2889 826 2964; baseline -0.005 -2"><span class='ocrx_word' id='word_1_114' title='bbox 158 2893 195 2962; x_wconf 72' lang='lat'><strong>2⁰</strong></span> <span class='ocrx_word' id='word_1_115' title='bbox 214 2893 367 2964; x_wconf 86' lang='lat' dir='ltr'><strong>scandala</strong></span> <span class='ocrx_word' id='word_1_116' title='bbox 388 2902 421 2961; x_wconf 88' lang='lat' dir='ltr'><strong>et</strong></span> <span class='ocrx_word' id='word_1_117' title='bbox 437 2891 667 2960; x_wconf 80' lang='lat' dir='ltr'><strong>oblocutiones</strong></span> <span class='ocrx_word' id='word_1_118' title='bbox 684 2889 826 2960; x_wconf 85' lang='lat' dir='ltr'><strong>vitanda</strong></span> 
     </span>
    </p>
   </div>
   <div class='ocr_carea' id='block_1_9' title="bbox 441 3015 1000 3092">
    <p class='ocr_par' dir='ltr' id='par_1_11' title="bbox 441 3015 1000 3092">
     <span class='ocr_line' id='line_1_24' title="bbox 441 3015 1000 3092; baseline -0.007 -1"><span class='ocrx_word' id='word_1_119' title='bbox 441 3022 495 3092; x_wconf 90' lang='lat' dir='ltr'><strong>die</strong></span> <span class='ocrx_word' id='word_1_120' title='bbox 560 3015 566 3038; x_wconf 84' lang='lat'><em>¹</em></span> <span class='ocrx_word' id='word_1_121' title='bbox 592 3022 714 3090; x_wconf 87' lang='lat' dir='ltr'><strong>mensis</strong></span> <span class='ocrx_word' id='word_1_122' title='bbox 922 3018 1000 3088; x_wconf 88' lang='lat' dir='ltr'><strong>anni</strong></span> 
     </span>
    </p>
   </div>
   <div class='ocr_carea' id='block_1_10' title="bbox 440 3165 952 3238">
    <p class='ocr_par' dir='ltr' id='par_1_12' title="bbox 440 3165 952 3238">
     <span class='ocr_line' id='line_1_25' title="bbox 440 3165 952 3238; baseline 0.002 -1"><span class='ocrx_word' id='word_1_123' title='bbox 440 3167 508 3237; x_wconf 90' lang='lat' dir='ltr'><strong>NN.</strong></span> <span class='ocrx_word' id='word_1_124' title='bbox 531 3165 760 3235; x_wconf 79' lang='lat' dir='ltr'><strong>Confessarius</strong></span> <span class='ocrx_word' id='word_1_125' title='bbox 779 3165 952 3238; x_wconf 82' lang='lat' dir='ltr'><strong>eeclesiae.</strong></span> 
     </span>
    </p>
   </div>
   <div class='ocr_carea' id='block_1_11' title="bbox 160 3374 1101 3599">
    <p class='ocr_par' dir='ltr' id='par_1_13' title="bbox 160 3374 1101 3599">
     <span class='ocr_line' id='line_1_26' title="bbox 195 3374 1098 3447; baseline -0.01 -15"><span class='ocrx_word' id='word_1_126' title='bbox 195 3380 222 3432; x_wconf 88' lang='lat' dir='ltr'><strong>Si</strong></span> <span class='ocrx_word' id='word_1_127' title='bbox 237 3378 395 3434; x_wconf 75' lang='lat' dir='ltr'><strong>(lt-dinarius</strong></span> <span class='ocrx_word' id='word_1_128' title='bbox 411 3393 465 3431; x_wconf 90' lang='lat' dir='ltr'><strong>non</strong></span> <span class='ocrx_word' id='word_1_129' title='bbox 476 3376 574 3447; x_wconf 80' lang='lat' dir='ltr'><strong>gaudet</strong></span> <span class='ocrx_word' id='word_1_130' title='bbox 586 3376 689 3429; x_wconf 85' lang='lat' dir='ltr'><strong>indulto</strong></span> <span class='ocrx_word' id='word_1_131' title='bbox 701 3374 775 3427; x_wconf 87' lang='lat' dir='ltr'><strong>Sedis</strong></span> <span class='ocrx_word' id='word_1_132' title='bbox 787 3374 958 3441; x_wconf 68' lang='lat' dir='ltr'><strong>apostoticae,</strong></span> <span class='ocrx_word' id='word_1_133' title='bbox 971 3390 1023 3441; x_wconf 84' lang='lat' dir='ltr'><strong>quo</strong></span> <span class='ocrx_word' id='word_1_134' title='bbox 1035 3388 1098 3439; x_wconf 86' lang='lat' dir='ltr'><strong>pos·</strong></span> 
     </span>
     <span class='ocr_line' id='line_1_27' title="bbox 161 3448 1099 3523; baseline -0.009 -16"><span class='ocrx_word' id='word_1_135' title='bbox 161 3456 195 3508; x_wconf 86' lang='lat' dir='ltr'><strong>sit</strong></span> <span class='ocrx_word' id='word_1_136' title='bbox 210 3457 238 3507; x_wconf 93' lang='lat' dir='ltr'><strong>in</strong></span> <span class='ocrx_word' id='word_1_137' title='bbox 256 3473 286 3509; x_wconf 81' lang='lat' dir='ltr'><strong>oo</strong></span> <span class='ocrx_word' id='word_1_138' title='bbox 308 3454 494 3523; x_wconf 80' lang='lat' dir='ltr'><strong>impedimento</strong></span> <span class='ocrx_word' id='word_1_139' title='bbox 517 3452 687 3522; x_wconf 84' lang='lat' dir='ltr'><strong>dispensare,</strong></span> <span class='ocrx_word' id='word_1_140' title='bbox 710 3450 883 3502; x_wconf 78' lang='lat' dir='ltr'><strong>confessarius</strong></span> <span class='ocrx_word' id='word_1_141' title='bbox 906 3448 1011 3500; x_wconf 75' lang='lat' dir='ltr'><strong>deberet</strong></span> <span class='ocrx_word' id='word_1_142' title='bbox 1028 3448 1099 3499; x_wconf 83' lang='lat' dir='ltr'><strong>haue</strong></span> 
     </span>
     <span class='ocr_line' id='line_1_28' title="bbox 160 3526 1101 3599; baseline -0.011 -16"><span class='ocrx_word' id='word_1_143' title='bbox 160 3532 311 3599; x_wconf 78' lang='lat' dir='ltr'><strong>petitionem</strong></span> <span class='ocrx_word' id='word_1_144' title='bbox 335 3530 366 3583; x_wconf 88' lang='lat' dir='ltr'><strong>ad</strong></span> <span class='ocrx_word' id='word_1_145' title='bbox 390 3528 558 3584; x_wconf 82' lang='lat' dir='ltr'><strong>Ordiuarium</strong></span> <span class='ocrx_word' id='word_1_146' title='bbox 574 3528 617 3582; x_wconf 86' lang='lat' dir='ltr'><strong>vel</strong></span> <span class='ocrx_word' id='word_1_147' title='bbox 635 3527 667 3581; x_wconf 87' lang='lat' dir='ltr'><strong>ad</strong></span> <span class='ocrx_word' id='word_1_148' title='bbox 692 3526 826 3580; x_wconf 83' lang='lat' dir='ltr'><strong>officialem</strong></span> <span class='ocrx_word' id='word_1_149' title='bbox 844 3526 968 3588; x_wconf 82' lang='lat' dir='ltr'><strong>mittere,</strong></span> <span class='ocrx_word' id='word_1_150' title='bbox 985 3538 1101 3592; x_wconf 82' lang='lat' dir='ltr'><strong>eumque</strong></span> 
     </span>
    </p>
   </div>
   <div class='ocr_carea' id='block_1_12' title="bbox 0 0 1348 4175">
    <p class='ocr_par' dir='ltr' id='par_1_14' title="bbox 0 0 1348 4175">
     <span class='ocr_line' id='line_1_29' title="bbox 0 0 1348 4175; baseline 0 0"><span class='ocrx_word' id='word_1_151' title='bbox 0 0 1348 4175; x_wconf 95' lang='lat' dir='ltr'><strong> </strong></span> 
     </span>
    </p>
   </div>
  </div>
 </body>
</html>
