2642 4175
291 369 355 426 112
632 379 734 425 eaeor
749 377 784 423 ιι.

243 492 366 568 torpes,
387 498 447 548 nec
463 476 666 547 substantioe
687 475 890 565 matrimonii
904 477 1107 561 contrariae,
1128 481 1179 550 uti

241 571 400 640 contraho
428 582 560 655 tecum,
586 570 612 638 si
637 571 763 638 lurtum
787 569 1005 644 commiseris:
1028 571 1179 661 itemque

241 663 445 734 conditiones
466 684 505 733 ex
523 675 641 732 natura
662 663 724 746 rei,
746 685 805 735 seu
826 664 866 732 de
886 664 971 734 lacto
988 664 1180 754 impossihi-

240 759 300 838 les,
318 758 419 828 veluti
438 757 466 826 si
486 757 632 838 dicatur,
656 755 816 826 contraho
835 769 944 827 tecum
960 810 970 841 ,
991 758 1018 826 si
1045 760 1185 833 coelom,

243 851 346 939 digito
368 849 539 940 tetigeris,
562 872 599 919 er
620 866 703 919 novo
726 849 798 919 iure
819 851 1022 935 constituto,
1045 862 1178 922 coutra-

240 956 330 1013 ctnm
360 965 427 1014 nou
457 944 665 1033 suspendunt
694 962 755 1012 nec
779 942 965 1028 dirimunt,
988 946 1044 1014 sed
1066 945 1177 1015 lavore

226 1037 444 1107 vmatrimonii
477 1058 537 1127 pro
572 1050 638 1106 non
674 1036 810 1106 adiectis
845 1037 1022 1107 habentur.
1055 1037 1176 1107 Verum

240 1130 405 1219 praedicta
425 1129 511 1199 luris
529 1129 685 1200 Canonici
706 1129 890 1219 dispositio,
910 1153 975 1220 qua
1003 1132 1174 1200 matrimo-

239 1225 332 1293 nium
353 1225 471 1293 iuitum
493 1224 555 1293 sub
581 1223 771 1294 conditione
791 1224 987 1313 simpliciter
1008 1224 1097 1314 turpi
1118 1239 1176 1295 aut

239 1317 435 1407 impossibili
455 1317 625 1386 indefinite
641 1317 784 1385 validum
804 1318 1052 1409 pronuntiatur,
1067 1319 1177 1407 perio·
1203 1340 1211 1349 ‘

240 1412 280 1479 de
300 1410 383 1479 acsi
405 1410 548 1478 conditio
566 1409 635 1498 ipsa
656 1411 803 1500 apposita
819 1432 884 1479 uon
905 1412 1031 1493 luisset,
1054 1411 1177 1500 aliqui-

239 1504 301 1572 bus
319 1502 461 1571 difficilis
481 1503 643 1592 explicatu
667 1505 734 1572 visa
755 1516 817 1574 est.
838 1504 925 1573 Fieri
947 1506 1034 1573 enim
1056 1518 1174 1593 potest,

241 1609 277 1665 ut
303 1596 537 1665 contrahentes
568 1618 635 1665 uon
669 1598 920 1680 consenserint,
952 1598 1016 1679 nisi
1046 1598 1107 1667 sub
1137 1621 1175 1668 ea

241 1688 429 1760 conditione
446 1690 534 1778 turpi
548 1691 596 1759 vel
615 1691 831 1779 impossibili:
855 1691 995 1761 adiectio
1014 1691 1177 1761 conditio-

240 1783 290 1852 nis
311 1783 526 1866 huinsmodi,
559 1785 586 1852 si
608 1781 778 1873 spectetur
799 1786 946 1873 praecise
978 1785 1177 1856 conditionis

121 1899 128 1904 ·
239 1889 370 1958 natura,
392 1876 500 1966 potins
519 1877 717 1961 dissensum,
739 1900 838 1967 quam
860 1898 1056 1947 consensum
1076 1878 1178 1966 signi-

240 1969 327 2039 ficat.
359 1970 526 2050 Deiectum
549 1981 659 2038 antem
686 1971 876 2040 huiusmodi
909 1992 1089 2041 consensus
1115 1993 1178 2042 nec

239 2062 410 2144 Pontifex,
440 2084 501 2133 nec
520 2062 664 2134 Ecclesia
698 2068 852 2154 supplere
880 2077 1028 2155 possunt.
1061 2066 1176 2154 ltaque

239 2180 333 2229 mens
353 2158 443 2226 illins
460 2158 585 2246 Capitis
606 2179 643 2227 ca
666 2177 737 2227 esse
755 2161 896 2235 videtur,
914 2171 950 2228 ut
970 2159 1176 2229 conditiones

243 2252 438 2341 simpliciter
459 2265 596 2341 turpes,
620 2263 678 2323 aul
709 2253 929 2342 impossibiles
948 2253 1020 2322 ioco
1041 2254 1172 2342 potius,

239 2367 339 2434 quam
359 2344 445 2412 serio
461 2345 571 2412 anirno
593 2346 740 2415 adiectae
755 2345 937 2434 generatim
959 2351 1175 2434 praesuman-

239 2437 477 2525 turzadeoque
498 2438 649 2505 standum
672 2461 732 2526 pro
753 2440 862 2509 valore
884 2439 1098 2522 matrimonii,
1115 2441 1174 2508 do-

239 2550 301 2598 nec
321 2529 522 2597 contrarium
545 2531 801 2615 demonstretur,
826 2533 925 2623 idque
943 2533 986 2601 ob
1006 2555 1077 2602 eam
1099 2554 1174 2621 gra-

238 2622 405 2691 rIssimam
429 2643 586 2706 causam,
610 2627 697 2715 quod
719 2644 851 2714 semper
871 2633 903 2694 in
924 2626 1033 2695 dubiis
1064 2628 1174 2696 favore

89 2779 96 2786 a
201 2733 207 2738 ·
240 2715 443 2785 matrimonii
467 2720 744 2804 praesumendum
766 2732 837 2802 est,
861 2741 903 2788 ne
923 2720 1007 2788 lorte
1034 2720 1172 2807 legitimi

239 2809 396 2897 coniuges
416 2824 625 2897 separentur.
644 2812 767 2881 Eodem
786 2835 922 2901 prorsus
942 2813 1114 2902 privilegio
1128 2814 1175 2879 ul-

238 2901 339 2970 timae
359 2903 541 2972 volautates
560 2906 742 2994 potiuntur,
764 2925 838 2974 cum
860 2907 894 2975 in
914 2906 967 2989 iis,
987 2918 1024 2974 ut
1039 2906 1175 2975 cuilibet

238 3008 353 3064 uotum
374 3009 441 3080 est,
462 2997 652 3067 huiusmodi
673 3000 878 3070 conditiones
898 3000 1067 3089 appositae
1087 3019 1105 3067 a
1125 3013 1174 3067 te·

238 3100 371 3169 stature,
389 3090 447 3179 qui
468 3112 523 3159 eas
544 3091 765 3180 impossibiles
786 3114 856 3162 esse
876 3093 1060 3180 ignorabat,
1084 3092 1175 3181 peni·

238 3195 290 3252 tus
303 3182 473 3266 vitiantur,
490 3204 551 3253 seu
564 3206 623 3273 pro
641 3206 708 3253 nou
723 3186 880 3275 appositis
897 3187 1072 3269 habentur,
1095 3184 1173 3275 quia

237 3297 303 3345 non
325 3277 412 3346 serio
432 3278 489 3345 sed
511 3278 583 3346 ioco
604 3278 713 3366 potius
734 3280 880 3349 adiectae
901 3291 1170 3368 praesumuntur,

239 3392 268 3436 c.
287 3368 334 3436 10
350 3370 429 3439 lust.
453 3370 494 3437 de
524 3370 625 3439 Haec.
660 3372 754 3454 lust,
778 3386 811 3442 ct
830 3394 858 3440 c.
879 3372 925 3442 58
956 3372 990 3439 li.
1014 3373 1054 3440 de
1074 3373 1171 3440 cond.

227 3462 308 3529 ind.
331 3462 434 3549 lgitur
457 3463 538 3532 hace
562 3464 645 3533 iuris
672 3467 919 3555 praesumptio,
948 3485 1035 3554 quae
1054 3464 1174 3553 proba·
1203 3540 1209 3550 ,

238 3554 360 3623 tionem
381 3556 414 3623 in
436 3557 639 3626 contrarium
661 3578 726 3628 nou
741 3560 894 3644 excludit,
911 3559 1039 3628 veritati
1055 3558 1174 3626 cedere
