2642 4175
356 399 398 442 DE
417 397 698 443 PROPRIETATIBUS
717 399 920 446 MATBIMONII
992 387 1057 448 395

162 493 274 585 cipuis
294 493 501 566 matrimonii
520 495 654 581 linibus,
673 516 772 566 nemo
792 496 827 566 in
853 497 992 568 dubium
1010 521 1104 570 revo-

165 588 266 673 cabit,
285 588 343 679 qui
358 587 409 657 vel
422 588 531 657 obiter
545 591 730 680 perpendat
744 590 833 660 inter
846 592 1050 662 matrimonii
1063 593 1105 661 fi·
1135 666 1140 676 ,

165 702 227 751 nes
239 682 424 771 computari
442 682 796 753 animorum-intimam
817 684 1100 770 coniunctionem,

166 774 371 845 individuam
384 775 469 846 vitae
483 776 687 862 societatem,
703 776 790 847 inter
804 777 962 866 coniuges
974 799 1102 869 pacem,

166 868 445 960 tranquillitatem
468 869 501 938 in
524 870 660 954 familia,
678 882 712 940 et
727 883 852 941 rectam
868 870 1014 940 liliorum
1028 873 1107 942 edu·

166 963 342 1032 cntionem.
367 963 456 1032 llncc
470 963 581 1031 omnia
600 964 726 1055 sperari
747 962 799 1031 vix
818 975 968 1054 possunt,
985 964 1013 1033 si
1029 986 1106 1035 uro

164 1077 242 1126 rum
262 1057 434 1147 pluralitas
457 1055 671 1141 admittatur,
694 1056 828 1126 difficile
847 1057 971 1148 qnippe
992 1058 1106 1127 adrao-
1163 1133 1168 1143 ,

166 1151 246 1219 dum
268 1161 330 1234 est,
353 1163 391 1219 ut
408 1170 524 1219 ornnes
541 1171 618 1220 suas
634 1170 754 1219 uxores
766 1150 839 1239 pari
859 1171 972 1220 amora
992 1150 1042 1218 vir
1060 1151 1106 1219 di·

49 1290 54 1299 .
164 1243 261 1331 ligat,
277 1243 357 1333 quin
370 1242 438 1312 imo
451 1243 547 1312 facile
558 1244 751 1333 contingere
765 1244 859 1328 solet,
871 1245 991 1333 utplus
1005 1263 1107 1313 unum

166 1357 267 1426 quarn
288 1336 434 1426 reliquas
452 1336 582 1425 diligat,
605 1337 745 1427 eiusque
764 1357 879 1406 curam
905 1336 1038 1406 habeat,
1061 1336 1107 1405 Ex

165 1429 229 1498 hac
244 1430 368 1499 amoris
381 1429 628 1520 inaequalitate,
645 1430 747 1514 rixae,
766 1429 1007 1517 contentiones,
1025 1430 1109 1517 insi·⁴

165 1522 234 1607 dis,
244 1523 406 1614 zelotypia
422 1523 509 1592 inter
522 1524 609 1613 ipsas
624 1524 773 1593 eiusdem
789 1523 849 1591 viri
866 1544 985 1593 uxores
999 1523 1109 1593 orian-

167 1628 225 1685 tur
236 1636 372 1686 uecesse
386 1628 449 1685 est.
470 1616 560 1697 Quae
577 1629 729 1707 prostant
744 1617 778 1686 in
792 1616 910 1687 divinis
928 1616 1106 1707 Scripturis

166 1710 315 1799 exempla
337 1709 370 1776 in
395 1709 475 1778 Sara
502 1712 649 1800 et'dgar
668 1710 845 1779 Abrahami
865 1711 1049 1794 uxoribus,
1072 1710 1106 1778 in

165 1802 224 1871 Lia
245 1814 279 1871 et
302 1801 445 1871 Rachele
465 1802 623 1872 uxoribus
641 1803 762 1887 lacobi,
785 1804 816 1872 id
837 1804 971 1892 egregie
985 1804 1108 1874 confrr-

169 1906 275 1964 mant.
291 1895 428 1965 Difficile
440 1914 578 1986 ¹quoque
592 1897 770 1964 admodum
786 1907 847 1979 est,
866 1896 950 1964 utin
965 1897 1105 1980 alendis,

167 1988 417 2079 educandisque
443 1989 520 2058 liliis
539 1989 630 2058 nulls
652 1998 811 2078 appareat
830 1989 1105 2077 praeeminentia,

165 2082 303 2154 nullum
327 2082 529 2166 discrimen3
555 2081 702 2172 proiecto
735 2081 885 2170 singulae
917 2094 1041 2151 matres
1066 2083 1107 2152 de

166 2175 235 2245 suis
255 2187 384 2246 tuntum
404 2176 482 2245 filiis
501 2174 662 2244 sollicitae
681 2185 800 2256 erunt,
823 2193 948 2263 eosque
968 2174 1107 2246 caeteris

166 2271 402 2357 praeferendos
420 2269 597 2355 curabunt,
616 2282 715 2359 atque
731 2267 809 2336 hinc
830 2266 985 2337 invidiam
1004 2268 1108 2355 pntris

168 2362 331 2446 infilius,
354 2362 514 2445 dissidia,
538 2375 570 2431 et
601 2362 676 2431 odia
708 2359 863 2431 intestina
893 2358 1105 2446 excitabunt,

168 2477 255 2545 quae
275 2455 372 2524 sicuti
397 2476 511 2546 pacem
532 2455 733 2525 familiarum
753 2455 970 2534 conturbant,
991 2454 1036 2524 ita
1058 2466 1106 2526 et·

169 2549 234 2618 iarn
254 2549 355 2617 vitam
375 2548 516 2618 assiduis
544 2548 706 2639 angustiis
723 2562 758 2619 et
784 2547 994 2618 moeroribus
1011 2568 1107 2617 vexa·
1135 2632 1142 2646 .

167 2653 232 2710 tam
254 2641 452 2730 coniugibus
471 2642 676 2733 relinquunt.
698 2641 780 2712 Cum
811 2642 915 2731 igitur
932 2642 1105 2732 pluralitas

166 2755 308 2804 uxorum
327 2736 514 2824 primaevae
535 2735 734 2806 institutioni
765 2736 994 2820 matrimonii,
1017 2736 1106 2805 aius·

167 2849 232 2918 que
246 2828 369 2897 finibus
385 2829 589 2898 secundariis
605 2829 783 2918 minusque
796 2828 986 2916 praecipuis
1005 2849 1106 2918 repn-

167 2933 259 3010 gnet,
277 2921 360 2990 illud
378 2922 525 3011 prolecto
542 2921 770 3011 consequitur,
789 2920 878 3009 quod
892 2918 950 2988 SS.
966 2918 1107 2989 Patriar·

169 3014 253 3084 cinae
269 3014 390 3084 veteris
402 3014 618 3098 Testamenti,
640 3013 697 3103 qni
718 3012 831 3102 plures
850 3012 962 3096 simul,
984 3022 1018 3082 et
1036 3013 1126 3104 abs-¹

77 3147 79 3158 ‹
171 3129 237 3197 que
252 3108 321 3176 ullo
339 3120 472 3197 peccato
489 3108 681 3177 habuerunt
700 3125 830 3189 uxores,
845 3105 912 3174 Deo
925 3106 1104 3189 revelante,

168 3201 457 3291 antdispensante,
468 3201 499 3271 id
509 3201 660 3286 iecerint,
671 3198 860 3269 acdivinam
869 3197 1105 3267 revelationem

169 3314 227 3363 seu
239 3293 519 3385 dispensationem
534 3306 729 3384 agnoscunt,
736 3290 792 3361 SS.
803 3288 1103 3375 EcclesinePatres,

166 3405 289 3478 nempe
310 3385 537 3477 Augustinus,
558 3387 778 3469 Ambrosius,
800 3385 1054 3477 chrysostomus
1074 3398 1109 3454 et
1139 3426 1143 3433 ,

167 3478 381 3551 innocentius
401 3481 456 3563 lll,
476 3482 533 3571 qui
552 3501 623 3572 cap.
644 3480 825 3550 Gnunuuus
842 3476 874 3562 8,
898 3480 939 3547 de
958 3478 1105 3547 divortiis

167 3572 249 3644 haec
261 3574 374 3645 hahet:
393 3574 484 3643 «Nec
496 3575 554 3644 ulli
573 3593 720 3665 unquam
735 3572 830 3644 licuit
844 3572 979 3643 insimul
994 3572 1108 3660 plures
