2642 4175
339 372 383 414 nn
399 370 634 415 mennrunnrrs
653 371 851 415 utramonn
946 359 1008 416 361

126 467 308 555 probemus
328 488 396 549 eos,
421 467 477 555 qui
494 466 526 535 in
540 488 618 535 casu
637 468 766 555 urgenti
782 467 971 556 opinionem
986 489 1060 538 con-

126 560 265 630 trariam
296 573 498 648 sequuntur.
523 560 647 649 Copula
669 573 702 628 et
727 560 866 631 intentio
883 581 950 630 non
972 582 1059 630 sem·

127 673 189 742 per
208 653 324 721 eodem
342 655 439 721 modo
453 653 659 741 exprimitur,
678 654 841 743 siquidem
859 654 988 744 publica
1002 668 1061 725 aut

128 746 269 828 occulta,
293 757 330 813 ut
348 746 456 834 ipsum
475 746 760 834 impedimentum,
780 767 851 815 esse
872 757 989 835 potest
1007 748 1060 817 ad·

129 858 239 926 eoque
272 839 491 907 diversimode
521 840 719 927 exponitur,
749 840 833 908 iacto
853 860 989 909 recursu
1010 842 1060 910 vel

130 933 171 999 ad
193 932 384 1008 Ualeriam,
405 932 455 1000 rel
475 932 514 998 ad
542 930 576 1000 S.
598 931 902 1014 Poenitentiariam,
925 933 966 1001 de
986 933 1060 1021 qui-

131 1024 193 1092 bus
214 1023 353 1092 inferius
372 1044 482 1093 sermo
511 1024 643 1094 redibit.
666 1026 707 1093 dt
724 1044 802 1093 vero
828 1025 855 1092 si
882 1024 937 1113 qui
962 1045 1062 1114 super

131 1117 244 1205 atiquo
264 1117 502 1206 impedimento
528 1118 660 1205 publico
684 1116 961 1205 dispensationem
983 1137 1062 1186 oon-

130 1209 263 1297 sequuti
285 1210 373 1293 sint,
401 1210 490 1277 nulia
510 1211 591 1278 facta
613 1209 782 1279 mentione
801 1209 943 1278 carnalis
962 1229 1063 1298 copu-

132 1302 212 1383 lae,
234 1323 320 1391 quae
353 1303 479 1371 occulta
504 1315 660 1386 maneat,
682 1302 840 1372 validitati
861 1301 1062 1372 matrimonii

133 1396 290 1463 contracti
318 1396 368 1462 vei
393 1395 609 1464 contrahendi
639 1394 840 1483 prospicitur
866 1414 926 1483 per
952 1396 1063 1463 occui-

133 1499 199 1556 tam
222 1487 500 1575 dispensationem
529 1510 546 1555 a
575 1487 608 1556 S.
629 1487 886 1558 Poenitentioria
910 1486 1062 1556 obtinen-

135 1579 348 1649 dem.1Porro
367 1591 539 1649 exsecutor
559 1581 812 1670 disponsationis
837 1579 1064 1649 matrimonia·

133 1673 171 1741 lis
193 1685 306 1741 contra
328 1674 379 1740 ius
408 1685 441 1741 et
469 1674 552 1741 fines
580 1674 725 1743 mandati
753 1685 890 1762 ageret,
922 1672 1064 1743 interro-

135 1766 240 1852 gando
268 1766 490 1854 dispensatos,
513 1786 554 1833 an
571 1769 738 1836 carnalem
764 1767 915 1854 copulam
936 1766 1063 1836 babue-

23 1931 24 1934 Ἴ
135 1859 229 1943 rint;
268 1858 390 1927 etenim
425 1858 596 1946 inquisitio
633 1858 782 1928 criminis
814 1858 886 1925 fieri
919 1860 1060 1947 nequit,

23 1971 24 1974 ¹
136 1951 197 2019 nisi
221 1950 355 2019 infamia
378 1952 595 2040 praecesserit
614 1972 651 2019 ex
672 1972 744 2040 cap.
766 1950 1000 2027 luuursrrrours
1019 1949 1060 2018 tt

136 2046 174 2112 de
192 2046 341 2113 decusat.
360 2057 394 2114 et
406 2044 572 2135 inquisit,
589 2064 698 2133 neque
713 2043 752 2112 ad
768 2053 993 2111 exsecutorem
1006 2063 1066 2111 seu

137 2137 278 2205 iudicem
299 2138 485 2227 delegatum
507 2149 633 2225 spectat
664 2136 809 2224 cognitio
838 2135 910 2215 rei,
940 2136 1065 2222 deque

137 2230 169 2297 in
189 2230 361 2318 Rescripto
375 2232 463 2298 nnita
483 2230 607 2298 mentio
622 2229 776 2311 babetur,
797 2247 869 2315 cap.
886 2226 958 2295 Con
973 2244 1064 2310 omn,

135 2322 482 2410 etcap.Vnnnmmn1
512 2323 553 2390 de
572 2321 666 2391 Offic.
689 2334 722 2390 et
742 2331 862 2409 potest.
883 2318 985 2387 ludio.
1014 2320 1068 2388 de·

136 2416 233 2504 tegat.

23 2508 24 2521 ¹
178 2507 301 2589 Quaeri
321 2506 358 2574 2⁰
376 2508 476 2590 solet,
497 2520 610 2577 utrum
630 2508 664 2575 in
686 2505 874 2578 obtinendis
888 2506 1066 2596 dispensa-

135 2601 282 2670 tionibus
302 2600 401 2688 super
420 2601 528 2689 primo
548 2623 587 2670 ac
605 2601 751 2671 secundo
772 2599 941 2669 affinitatis
960 2599 1065 2684 gradu
1114 2658 1119 2668 .

135 2715 172 2762 ex
190 2693 280 2763 licita
300 2694 532 2764 coniunctione
552 2693 778 2784 promanantis
798 2693 912 2762 illicita
933 2692 987 2760 illa
1010 2710 1066 2761 eo·

23 2816 24 2867 p
136 2786 213 2874 pola
233 2787 446 2876 exprimenda
467 2788 509 2855 sit
527 2808 565 2856 ex
584 2809 624 2857 eo
657 2800 754 2868 orta,
786 2786 876 2873 quod
898 2796 1066 2873 superstes

23 2874 24 2925 ἕ
136 2880 253 2949 coniux
278 2879 464 2948 defunctam
486 2881 661 2967 coniugem
684 2889 759 2946 aute
779 2877 912 2964 nuptias
945 2896 1067 2963 cogno·

136 2973 234 3042 veriti
254 2971 337 3041 Sunt
356 2973 413 3061 qui
434 2972 664 3042 affirmativam
694 2971 890 3038 senteutiam
925 2978 1037 3036 tenent
1055 3020 1074 3050 ,.

136 3076 169 3133 et
184 3066 329 3134 efferunt
348 3068 518 3135 decretum
540 3064 657 3133 Leonis
685 3062 742 3130 Xil
761 3059 808 3147 18
826 3060 933 3131 Martii
959 3057 1063 3128 retr.

70 3163 73 3175 ”
136 3158 256 3227 Verum
276 3171 350 3247 post
370 3159 554 3227 recentiora
575 3157 610 3226 S.
631 3153 921 3234 Poenitentiariae,
940 3152 1068 3220 haesu-

137 3271 196 3338 per
215 3271 270 3332 re,
290 3272 448 3340 responsa
468 3272 534 3320 uon
555 3269 753 3339 possumus,
780 3245 861 3335 quin
881 3243 1065 3330 negativam

24 3418 27 3427 ,
136 3344 332 3413 sententiam
346 3347 598 3433 amplectamur.
621 3344 656 3411 ln
675 3340 796 3410 litteris
809 3338 898 3407 enim
918 3336 1067 3407 eiusdem

24 3450 34 3507 t
137 3436 169 3505 S.
188 3438 379 3506 Tribunaiis
396 3438 435 3506 ad
454 3437 652 3526 Episcopum
668 3434 938 3503 Namurioensem
953 3430 1008 3500 die
1023 3429 1067 3501 29

25 3586 28 3619 ,
135 3531 243 3599 Martii
263 3527 356 3597 teet
387 3530 472 3599 datis
501 3529 717 3599 decernitur:
743 3551 758 3593 c
787 3538 825 3595 ut
847 3525 880 3594 in
898 3524 1069 3614 dispensa·
