2642 4175
500 345 663 389 drentem
681 348 715 391 11.
963 344 1029 402 497

127 437 205 507 foro
238 439 450 511 convalidere
481 442 760 533 dispensationem
787 470 806 519 a
832 449 917 524 Sede
939 456 1079 547 Aposto-

127 530 194 600 lioa
218 532 422 622 expeditam.

179 623 314 694 Causae
335 637 431 695 sunt:
454 625 490 693 i⁰
509 629 620 716 onrnia
650 633 691 701 ad
716 635 965 711 matrimonium
993 645 1079 715 oete·

14 794 15 797 Ἴ
129 716 449 809 trondempnem
471 718 506 787 Ψ
519 723 637 793 damna
652 725 806 817 aliaeque
827 734 1079 808 molestissimae

132 809 355 882 difficultates
375 814 539 884 vitandae.

424 945 478 1016 die
573 949 699 1018 mensis
907 958 985 1028 anni

484 1078 555 1148 NN.
577 1078 694 1151 Pastor
713 1081 894 1157 Paroehiae

438 1269 794 1286 m

591 1411 634 1481 ll.

478 1593 749 1660 sonnium:

202 1746 250 1796 sn
271 1746 441 1799 rnrnnnns
461 1750 737 1802 nrsrnnsnrronss
754 1753 1021 1811 nararnonnnss

448 1855 481 1905 m
501 1836 584 1907 rono
605 1858 781 1911 errando.

237 1959 261 2007 n
280 1958 361 2009 sons
378 1960 461 2010 sana
479 1961 678 2013 srosronrnn
697 1963 838 2015 concam
858 1966 991 2018 sonrrss

528 2096 718 2127 »nd——

143 2243 210 2313 VN.
230 2244 394 2314 Formnln
415 2247 549 2335 petendi
567 2268 588 2314 a
615 2246 739 2315 Sancta
758 2247 840 2317 Sede
856 2271 916 2339 per
942 2248 1085 2322 Ordinan-

189 2341 285 2408 rinm
314 2340 378 2407 doci
408 2341 684 2428 dispensationem
715 2363 813 2430 snper
842 2344 1085 2433 impedimentis

189 2434 490 2520 eoneonpninitotis
508 2440 538 2501 et
557 2434 749 2522 affinitatis,
770 2436 807 2504 in
826 2439 944 2526 qnidne
955 2440 1085 2527 primns

191 2526 247 2594 vei
261 2527 421 2594 seenndns
439 2527 561 2615 prades
580 2529 768 2597 intervenit.

233 2696 460 2768 illustrissime
482 2717 520 2767 ao
539 2698 825 2769 Reverendissime
842 2701 1002 2787 Domine,

196 2858 361 2927 Henricns
381 2857 541 2945 Iosephus
558 2855 597 2924 N.
622 2857 739 2925 aetatis
759 2856 803 2925 tt
825 2878 1008 2939 annorum,
1028 2883 1086 2949 pa·
1192 2867 1196 2875 '

150 2950 287 3021 roobiae
307 2952 347 3020 de
368 2949 408 3018 N.
443 2963 476 3020 et
502 2948 638 3037 losepha
668 2949 809 3018 Henrica
831 2950 872 3018 N.
904 2953 1021 3022 aetatis
1042 2952 1086 3022 ⁶25

150 3065 328 3126 annorum,
353 3043 552 3132 parochiana
572 3064 642 3109 mea
659 3042 907 3111 matrimonium
926 3044 1012 3113 inire
1030 3067 1087 3114 eu·

153 3139 260 3226 piunt.
279 3139 392 3207 Obstat
411 3158 487 3207 vero
509 3136 782 3225 impedimentum
799 3136 967 3204 affinitatis
989 3139 1086 3227 primi

152 3233 277 3318 gradus
298 3230 447 3322 aequalis
479 3232 588 3299 lineae
609 3229 831 3310 collateralis,
857 3230 934 3319 quia
965 3234 1088 3301 oratrix

153 3325 280 3393 nubere
300 3326 441 3393 intendit
460 3324 552 3391 fratri
572 3322 681 3398 mariti
702 3323 752 3390 sui
774 3323 937 3404 defuneti3
956 3321 993 3390 2⁰
1010 3346 1088 3394 con·

153 3418 387 3506 sanguinitatis
415 3419 503 3486 tertii
526 3430 559 3485 et
578 3416 713 3485 secundi
736 3417 859 3503 gradus
878 3417 1085 3507 inaequalis,

153 3509 263 3580 lineae
285 3511 496 3595 collateralis,
519 3522 555 3579 ut
571 3531 610 3580 ex
630 3510 742 3580 addito
761 3510 927 3580 schemate
947 3526 1086 3597 constan

256 3648 294 3697 De
311 3642 472 3696 Matrimonio
