2642 4175
326 413 393 473 470
641 425 802 471 munna
819 427 842 471 1.

277 527 420 597 Non-est
442 544 503 592 eur
518 524 559 591 de
592 524 732 596 caeteris
751 524 884 608 formis,
907 546 992 616 quae
1012 536 1076 595 art.
1099 524 1210 595 79-80

279 617 564 711 praescribuntur,
584 618 837 701 vernantium,
870 620 1140 709 quandoquidem
1173 641 1211 688 a·

281 725 412 805 pentum
433 722 500 794 est,
519 731 558 779 ex
576 710 682 793 dictis,
712 713 752 780 ad
784 713 999 782 substantiam
1021 724 1212 783 contractus

282 806 384 876 civilis
404 825 459 874 eas
478 805 668 874 nullomodo
688 806 866 894 pertinere,
884 809 965 876 adeo
983 817 1019 876 ut
1037 827 1076 875 ex
1094 827 1209 875 eurum
1293 852 1294 855 =

284 898 461 969 omissione
478 897 680 966 connubium
699 898 785 967 haud
801 901 1008 969 dissolvatur.
1033 900 1113 968 Vide
1130 900 1215 969 Bou·

283 996 353 1062 vier
370 1007 392 1061 t.
415 989 448 1073 d,
465 1014 498 1081 p.
517 988 597 1075 att,
621 1003 654 1061 et
670 993 820 1063 Garriere
841 995 864 1063 l.
883 1015 915 1062 o.
947 994 1065 1063 Merlin
1083 1014 1123 1062 eo
1141 1014 1216 1083 pro·

284 1087 447 1178 greditur‚
469 1096 505 1152 ut
525 1085 668 1154 affirmet
685 1087 829 1156 validum
848 1109 920 1157 esse
940 1088 1212 1167 matrimonium,

286 1182 364 1250 ticet
384 1192 473 1248 aetus
494 1179 544 1248 vel
559 1180 750 1271 nullatenus
767 1182 921 1271 scriptus,
943 1183 994 1252 vel
1018 1181 1145 1251 iamdiu
1162 1201 1214 1249 re-

286 1277 400 1344 dactus
420 1272 532 1341 fuerit.

334 1368 409 1436 'l'ria
428 1377 575 1455 praestat
602 1365 657 1435 hio
677 1378 828 1438 accurate
844 1379 983 1449 notare;
1005 1368 1023 1436 1
1045 1378 1107 1449 est,
1128 1367 1216 1456 quod

287 1463 399 1531 nulius
419 1459 569 1528 minister
588 1460 621 1527 in
640 1461 812 1549 proprium
839 1483 960 1546 suum,
990 1475 1048 1531 aut
1078 1482 1216 1530 suorum

287 1556 470 1624 liberorum
491 1552 740 1622 matrimonium
760 1555 898 1625 civiliter
915 1556 1152 1624 celebrandum
1168 1555 1217 1621 iu·

288 1647 513 1717 risdictionem
534 1645 645 1717 habet.
680 1649 772 1717 Tunc
803 1650 891 1717 enim
919 1670 1053 1718 neeesse
1085 1663 1162 1730 est,
1185 1658 1220 1714 ut

290 1743 375 1812 alius
394 1741 578 1827 detegetur3
598 1737 632 1808 1.
652 1754 713 1825 est,
737 1744 824 1831 quod
846 1763 911 1811 nnn
941 1742 1130 1827 admittitur
1151 1761 1215 1808 am·

291 1837 377 1927 plius
397 1834 559 1904 nullitatis
577 1833 693 1923 petitio
722 1837 764 1905 ob
784 1834 1022 1905 iurisdictionis
1055 1836 1216 1903 defectum

292 1933 326 1998 in
344 1928 507 2010 ministro,
529 1939 603 2018 post
619 1927 786 2017 integrum
807 1930 1010 1998 matrimonii
1030 1948 1162 2008 annum,
1178 1947 1214 1992 er

292 2035 357 2095 art.
379 2020 459 2106 tun
489 2019 523 2091 3.
552 2033 613 2107 est,
645 2024 733 2112 quod
754 2025 889 2095 nuditas
909 2022 1132 2104 matrimonii,
1153 2017 1214 2086 sul·

294 2128 356 2189 tem
374 2118 475 2187 relate
494 2118 538 2186 nd
563 2138 707 2207 sponsos,
728 2119 864 2206 purgari
892 2139 931 2185 ao
949 2116 1081 2205 contegi
1099 2125 1212 2205 potest,
1293 2125 1294 2128 ’

294 2235 330 2283 ex
343 2212 540 2301 possessione
556 2219 676 2279 status.
698 2211 776 2281 Vide
792 2233 877 2301 quae
892 2222 1050 2280 notantur
1067 2222 1129 2278 art.
1143 2203 1215 2285 118,

293 2305 361 2375 119
382 2316 415 2374 et
433 2302 514 2373 tuo.
536 2304 702 2374 Possessio
728 2316 832 2374 status
862 2305 1028 2387 habetur,
1063 2301 1213 2392 quaudo,

295 2398 430 2469 diversis
449 2418 562 2467 rerum
583 2398 757 2481 adiunctis,
778 2398 973 2487 praesertim
999 2398 1141 2479 nemim,
1159 2402 1216 2461 tro·

296 2501 360 2576 oto,
382 2492 522 2576 assumo
541 2492 711 2580 probatur,
733 2492 781 2560 uti
802 2492 968 2580 legitimos
996 2509 1134 2579 sponsos
1153 2486 1213 2554 rul-

296 2607 338 2673 go
359 2583 487 2653 haberi.
521 2584 590 2653 utri
621 2586 736 2655 saltem
767 2585 868 2655 relate
896 2587 941 2654 nd
964 2606 1116 2674 sponsos,
1144 2579 1213 2669 quia

296 2677 465 2748 nonnuttis
483 2679 601 2767 planet,
619 2679 650 2747 id
680 2680 788 2769 quood
813 2700 920 2747 omnes
951 2680 1062 2747 ionum
1087 2676 1209 2744 habere.

297 2766 444 2841 Mercede
464 2782 487 2838 t.
508 2772 542 2856 1,
564 2794 596 2863 p.
618 2770 687 2841 580
707 2773 764 2842 ait:
784 2774 864 2841 ‹La
877 2773 994 2841 nuilite
1006 2792 1094 2859 pour
1111 2769 1215 2847 dosunt

297 2866 337 2935 de
352 2866 506 2955 publicite'
524 2866 712 2949 mnte'rielle,
734 2888 774 2934 on
792 2866 897 2951 civile,
928 2888 961 2935 se
979 2885 1093 2933 sonore
1108 2881 1168 2952 por
1182 2858 1215 2924 tu

294 2960 477 3050 possession
495 2961 605 3041 d'e'tut
627 2961 823 3029 e'estd-dire
837 3012 845 3041 ,
861 2982 926 3049 por
944 2960 978 3027 lo
992 2958 1146 3047 pontiano
1161 2970 1216 3041 qne

174 3057 179 3064 '
300 3054 492 3141 lemoriooe
507 3055 652 3143 acquiert
666 3055 951 3145 posterieomnent
979 3055 1001 3121 d
1030 3073 1068 3119 so
1086 3048 1212 3118 odtddru·

238 3177 249 3200 ι
301 3148 387 3231 tion,
409 3155 440 3215 et
459 3149 517 3235 qni
535 3148 676 3216 attribue
694 3169 763 3215 oon
780 3148 961 3237 sunjoma,
983 3166 1051 3213 ona
1080 3161 1160 3232 yona
1180 3137 1215 3203 de

302 3249 384 3324 tous,
407 3239 441 3308 lo
457 3242 582 3329 quodito‘
594 3242 730 3330 d'e'poun
750 3241 919 3329 deditiores.
953 3237 996 3308 Ge
1024 3259 1098 3306 sero
1117 3248 1213 3302 owart

301 3355 368 3403 ouo
387 3335 568 3403 tridnnoun
586 3337 607 3404 d
625 3335 763 3417 deoida,
784 3356 824 3403 en
840 3336 916 3421 soit,
933 3334 1024 3420 s'ily
1042 3323 1216 3419 aptoton
1293 3357 1294 3424 }

301 3430 468 3587 sungsonta
492 3451 578 3519 poor
596 3429 726 3497 nonoris
756 3428 790 3497 tu
819 3426 1047 3497 clandestinitd
1061 3417 1215 3535 primitiae
1293 3431 1294 3436 ’

303 3522 652 3702 ἆθῦἑιῗιηῖἕὲὲῑωοηῐο
676 3614 890 3705 impotentiae
922 3631 1026 3704 panna
1054 3604 1214 3679 admodum
