2642 4175
398 367 442 409 nn
457 365 587 409 NATURA
605 364 804 411 murmurosa
976 354 1017 410 99

126 463 231 532 monii
255 461 473 546 Sacramenti,
495 475 532 531 ut
552 462 721 531 Parochus
741 462 851 553 aliqua
871 463 970 532 verbu
989 484 1068 554 pro·

125 558 223 626 ferat.
252 580 266 622 a
290 556 512 636 Quamobrem
533 576 669 626 necesse
689 568 739 625 ast
757 556 956 626 alterutrum
977 556 1066 625 affir-

127 670 234 733 mare,
256 660 314 718 ant
331 648 542 718 Sacerdotem
563 669 630 718 non
648 670 720 718 csse
739 648 942 721 Sacramenti
960 651 1068 719 llatri·

128 743 233 812 monii
253 741 457 825 Ministrum,
477 755 535 812 aut
554 742 802 812 Sacramentum
824 743 864 812 ab
887 766 927 813 eo
948 745 1065 813 confici
1096 809 1099 816 .

127 836 195 926 qui
209 835 295 904 nihil
316 836 396 924 agit,
419 837 477 925 qui
497 836 593 905 verba
615 836 705 904 nulla
726 837 868 927 profert,
890 838 946 927 qui
966 837 1065 907 etiam

129 940 296 1018 repugnat
316 943 349 998 et
369 929 577 1015 contradicit.
593 929 663 998 lloc
680 941 790 998 autem
810 931 1066 1021 posteriusque

129 1023 337 1092 Sacramenti
356 1022 503 1092 Minister
518 1023 673 1092 sacerdos
691 1033 777 1091 essct
790 1023 873 1090 nihil
890 1024 997 1093 vorbis
1010 1038 1068 1093 aut

12 1192 17 1198 ,
127 1116 223 1184 lactis
243 1116 505 1200 administrans,
528 1117 596 1185 imo
617 1115 834 1184 celebrationi
862 1115 1066 1186 Sacramenti

129 1209 236 1299 ipsius
253 1211 463 1298 apertissime
481 1230 671 1298 repugnans
684 1220 718 1278 et
730 1209 973 1293 contradicens,
986 1211 1068 1279 adeo

129 1305 171 1371 ab
192 1302 360 1372 Ecclesiae
381 1302 530 1373 doctrina
549 1315 705 1393 rectaque
723 1302 852 1372 ratione
872 1304 1017 1372 alienum
1037 1316 1070 1373 et

129 1398 295 1465 absonum
316 1408 377 1479 est,
400 1407 437 1465 ut
454 1396 539 1464 nihil
559 1396 708 1465 videatur
727 1417 799 1466 esse
817 1396 1005 1467 absurdius.

177 1489 301 1558 Verum
322 1490 430 1559 lacere
452 1509 518 1558 non
539 1511 686 1579 possum,
709 1490 789 1579 quin
811 1491 865 1559 hic
885 1511 1066 1560 memorem

129 1583 391 1652 declarationem
413 1583 561 1663 eiusdem
582 1582 615 1651 S.
632 1583 668 1653 C.
685 1583 723 1652 C.
738 1586 774 1651 io
796 1584 879 1652 Trio.
895 1582 938 1650 at
959 1585 1067 1654 Martii

129 1673 237 1744 1632.
258 1677 382 1765 Rogata
402 1676 635 1765 congregatio,
658 1678 939 1765 quemadmodum
958 1679 1070 1747 matri·

129 1770 283 1838 monium
309 1770 415 1839 valide
436 1770 586 1838 contrahi
608 1783 736 1858 posset,
759 1770 815 1838 uhi
837 1771 1068 1847 Tridentinum

129 1863 337 1952 publicatum
360 1864 426 1947 sit,
449 1864 505 1931 scd
533 1863 735 1932 Perochialis
767 1864 912 1932 Ecclesia
934 1866 1069 1953 proprio

130 1957 294 2039 Paracho,
317 1968 351 2025 ct
368 1957 574 2026 Cathedralis
594 1957 755 2046 Episcopo
776 1969 898 2038 careat,
922 1970 955 2025 ct
973 1954 1070 2047 Capi-

129 2051 201 2120 tulo
224 2050 368 2119 habente
388 2050 577 2120 facultatem
600 2049 773 2139 delegandi
793 2050 894 2119 alium
916 2049 1072 2119 Sacerdo-

130 2157 212 2228 tem,
236 2145 418 2233 nullusque
436 2145 521 2213 alius
542 2144 589 2212 ibi
608 2144 662 2225 sit,
685 2143 742 2233 qui
769 2143 904 2230 parochi
926 2145 975 2210 vel
995 2144 1072 2231 Epi·

131 2237 223 2327 scopi
239 2239 327 2305 vices
342 2240 507 2327 suppleat;
525 2237 683 2304 «censuit
695 2237 805 2304 valere
820 2235 1070 2303 matrimonium

132 2332 259 2421 absque
280 2332 467 2418 praesentia
497 2329 659 2405 Parochi,
683 2340 809 2398 servata
831 2340 942 2396 tamen
964 2328 999 2394 in
1019 2349 1070 2409 eo,

132 2426 167 2493 in
183 2445 251 2514 quo
272 2435 391 2513 potest,
404 2427 509 2492 lorma
529 2424 681 2500 Concilii,
698 2443 817 2511 nempe
834 2421 991 2490 adhibitis
1012 2422 1075 2490 sal·

131 2532 199 2587 tem
220 2518 352 2586 duobus
372 2518 524 2587 testibus.
549 2517 581 2585 Si
602 2538 679 2586 vcro
701 2517 816 2585 existat
849 2516 983 2605 quidem
1011 2516 1073 2584 Pa-

132 2613 257 2680 rochus
277 2612 328 2679 vel
347 2609 540 2700 Episcopus,
556 2612 612 2679 scd
629 2610 721 2679 nullo
740 2610 919 2678 constituto
933 2609 1072 2688 Vicario,

133 2718 168 2774 ct
187 2706 331 2792 utc'r'qne
352 2717 442 2773 metu
463 2704 708 2773 haereticorum
729 2704 851 2786 lateat,
875 2705 919 2771 ita
941 2716 975 2773 ut
996 2723 1072 2771 vere

133 2798 311 2886 ignoretur
331 2797 466 2865 ubinam
485 2798 551 2881 sit,
571 2798 619 2865 val
642 2797 757 2865 eodem
779 2808 868 2866 metu
890 2817 907 2864 a
926 2796 1071 2865 Dioeccsi

134 2892 233 2974 absit,
250 2912 313 2960 nec
325 2892 366 2958 ad
381 2892 580 2961 alterutrum
595 2900 688 2959 tutus
702 2890 744 2958 sit
756 2910 917 2972 accessus,
929 2889 1072 2957 validum

135 3005 274 3074 quoque
292 3004 366 3052 esse
383 2983 636 3052 matrimonium
652 2993 857 3051 contractum
872 2983 998 3069 absque
1012 2982 1075 3050 lor·

135 3099 188 3146 ma
204 3078 237 3145 S.
256 3077 396 3146 Concilii
415 3077 612 3159 Tridentini,
633 3076 789 3145 adhibitis
807 3089 916 3144 tamen
933 3075 1074 3153 dnobus,

136 3172 186 3238 uti
209 3171 337 3239 dictum
373 3170 620 3253 est,testihus.
645 3194 660 3234 r
690 3169 758 3236 lam
787 3190 864 3237 vcro
896 3167 1075 3235 declaratio

136 3263 535 3352 spectatmatrimonium
566 3263 748 3331 secundum
777 3263 916 3328 sormam
938 3258 1076 3326 Triden-

136 3358 197 3423 tini
218 3356 499 3438 contrahendum,
518 3356 677 3424 nimirum
697 3365 861 3443 quatenus
882 3352 1077 3419 Sacramen-

137 3462 221 3532 tum,
236 3471 302 3517 nec
322 3462 434 3519 tamen
455 3450 546 3518 iniis
567 3469 681 3517 rerum
702 3445 961 3516 circumstantiis
980 3465 1078 3534 prae-

139 3544 258 3626 sentia,
283 3553 317 3610 ct
337 3541 558 3611 ministerium
583 3541 768 3611 Sacerdotis
788 3541 826 3609 nd
849 3538 920 3607 eius
934 3539 1083 3607 validita.
