2642 4175
346 380 390 425 nu
406 379 644 425 mannrrrnnrm
661 381 862 428 nrnmomr
958 370 1029 429 338¹

135 475 200 547 niis
217 475 453 547 contrahendis
472 477 563 565 leges
583 478 683 561 dere;
704 479 761 549 sed
782 500 1004 571 unaquaeque
1023 483 1076 551 lex

136 581 266 642 tantum
285 571 396 654 valet,
418 581 579 660 quantum
603 582 654 644 est
671 571 707 639 in
727 583 888 660 potestate
906 573 1075 663 legislato-

135 662 195 733 ris.
225 662 309 733 Cum
333 663 436 751 igitur
455 664 677 734 saecularium
709 661 901 755 Principum
931 678 1076 757 petasus

135 776 190 826 res
203 757 435 826 tantummodo
450 758 662 846 temporales,
682 777 721 826 ac
739 759 851 829 civiles
871 761 1077 842 moderetur,

138 849 355 937 consequitur
375 870 491 919 eorum
520 852 610 939 leges
638 851 726 920 eirea
751 852 963 922 matrimonia
982 853 1077 921 dhri-

137 942 324 1012 alienorum
344 943 380 1011 in
399 942 518 1013 ordine
537 944 646 1014 solum
666 943 752 1013 civili
770 956 858 1015 rates
879 966 973 1028 esse,
995 946 1078 1015 adeo

137 1046 175 1104 ut
194 1034 408 1105 matrimonia
430 1036 598 1107 adversus
611 1058 667 1107 eas
686 1037 777 1124 leges
796 1038 904 1120 inita,
927 1037 1080 1107 civilibus

138 1128 323 1213 effectibus,
345 1140 508 1218 quantum
524 1129 652 1199 scilieet
671 1130 790 1199 attinet
807 1131 848 1199 ad
865 1130 989 1213 dotem,
1008 1147 1080 1199 snc-

139 1221 335 1302 cessionem,
353 1222 592 1292 haereditatem
608 1222 719 1293 etalio
737 1222 837 1293 huius
855 1222 1000 1312 generis,
1009 1223 1081 1314 'pri-

137 1326 278 1394 ventur:
316 1315 492 1404 spirituale
524 1328 634 1386 autem
667 1316 841 1387 christiani
875 1316 1079 1385 matrimonii

136 1407 311 1478 vinculum
332 1407 404 1478 eius
425 1408 553 1478 ordinis
572 1419 633 1492 est,
651 1420 689 1480 ut
708 1409 820 1481 civiles
837 1411 929 1497 leges
942 1409 982 1478 ad
1003 1428 1079 1478 eum

67 1503 76 1518 '
138 1500 332 1590 pertingere
348 1501 441 1571 nullo
459 1502 558 1572 medo
579 1502 720 1592 possint.
741 1503 813 1572 Huc
833 1500 979 1591 pertinet
1004 1522 1077 1591 cap.
1157 1497 1167 1516 ⁴

138 1594 156 1662 l
181 1595 223 1663 de
242 1614 355 1682 spons.
386 1606 420 1664 et
451 1595 613 1678 matrim,
637 1596 695 1665 uhi
717 1595 967 1666 matrimonium
993 1593 1084 1665 inter

137 1686 247 1755 virum
277 1687 428 1756 francum
449 1698 482 1757 et
513 1687 691 1760 mulierem
711 1689 752 1758 de
782 1687 948 1773 Saxonie,
977 1707 1081 1776 repu-

140 1791 265 1868 gnante
279 1779 368 1848 civili
378 1780 463 1868 lege,
475 1793 681 1852 contractum
695 1803 714 1850 a
730 1781 860 1873 synodo
875 1780 1082 1851 Trihuriensi

140 1872 289 1941 validum
310 1872 514 1942 declaratum
532 1885 593 1957 est,
617 1887 650 1944 et
670 1875 802 1946 ruhrioa
824 1873 972 1943 eiusdem
993 1873 1083 1962 capi·

142 1964 187 2035 tis
221 1964 415 2035 enuntiatur
444 1965 495 2035 his
530 1967 661 2036 verbis:
695 1965 982 2036 «Matrimonium
1011 1966 1084 2044 sole

141 2077 308 2128 consensu
328 2058 548 2142 contrahitur,
570 2080 632 2129 nec
653 2058 870 2141 invalidatur,
895 2058 922 2127 si
944 2078 1084 2128 consue·

140 2153 222 2221 tudo
243 2151 368 2240 patriae
389 2172 456 2221 non
471 2163 634 2222 servetur.
653 2176 668 2219 r
693 2152 765 2220 Huc
783 2150 862 2220 facit
874 2149 975 2220 etiam
993 2171 1085 2219 oom-

142 2243 283 2315 monitio
303 2244 389 2314 Cleri
410 2244 568 2314 Gallicani
592 2247 633 2314 ad
654 2245 854 2314 Ludovieum
874 2242 945 2312 Xlll
969 2245 1010 2312 de
1030 2264 1085 2313 re·

142 2338 198 2427 gio
220 2336 325 2426 ipsius
345 2339 464 2421 edicto,
484 2360 551 2428 quo
580 2339 717 2428 nuptiae
737 2359 756 2408 a
777 2335 998 2405 liliisiamilias
1017 2335 1084 2405 ini·

143 2443 209 2515 tae,
234 2430 360 2520 absque
380 2443 557 2521 parentum
578 2452 766 2513 consensu,
786 2431 899 2500 nullae
915 2442 949 2500 et
968 2428 1085 2498 invali-

143 2525 205 2593 dae
229 2524 508 2594 decernebantur.
529 2526 625 2595 Clero
641 2537 756 2596 autem
777 2523 955 2615 Gallicano,
978 2544 1015 2593 ea
1042 2524 1085 2592 de

143 2639 181 2691 re
210 2617 390 2686 admodum
422 2617 563 2688 sollicito
593 2630 626 2688 et
645 2620 765 2701 anxio,
787 2638 983 2708 responsum
1005 2627 1081 2687 est:

150 2735 165 2777 c
187 2709 295 2779 Verba
316 2709 371 2779 illa
391 2710 498 2779 valide
516 2723 550 2780 et
568 2711 709 2782 invalide
726 2722 893 2782 contrecta
912 2709 1085 2780 matrimo-

148 2802 202 2872 nia
223 2823 292 2872 non
313 2823 385 2873 esse
412 2803 509 2873 aliter
532 2805 746 2894 explicanda,
772 2826 872 2894 quam
901 2824 961 2891 per
979 2803 1084 2872 solem

146 2896 312 2966 rationem
338 2897 379 2964 ad
400 2909 605 2967 contractum
625 2897 767 2967 civilem.
793 2919 808 2961 r
836 2891 1008 2983 lldmoires
1038 2895 1084 2962 du

145 2985 263 3077 cierge
283 2998 308 3057 t.
332 2987 364 3068 5,
382 3011 416 3078 p.
440 2987 503 3057 691
525 3001 560 3058 et
582 2987 663 3057 761.
680 2989 723 3058 Et
741 2988 775 3057 S.
796 2988 938 3058 Thomas
954 2987 990 3056 in
1004 3007 1085 3075 sup·

150 3084 254 3173 piem.
287 3095 417 3171 quaest.
439 3080 509 3166 57,
539 3093 602 3151 art.
627 3080 650 3149 2
678 3080 866 3170 explicans,
885 3102 944 3149 eur
968 3079 1086 3167 legalis

147 3174 302 3266 cognatio
321 3194 361 3244 ex
381 3175 557 3264 adoptione
578 3187 650 3246 orta
671 3173 920 3242 matrimonium
935 3171 1082 3253 dirimat,

145 3267 270 3359 inquit:
292 3293 307 3335 r
325 3268 403 3358 quia
415 3269 505 3338 filius
519 3269 691 3358 adoptivus
709 3277 920 3338 conversatur
936 3263 971 3331 in
986 3263 1086 3331 domo

144 3361 252 3452 patris
279 3362 478 3452 adoptantis,
501 3361 587 3432 sicut
606 3362 695 3432 filius
714 3358 983 3443 naturalis„ideo
1002 3354 1086 3444 legi·

94 3533 98 3541 ,
146 3455 211 3526 hus
231 3455 388 3524 humanis
407 3454 613 3545 prohibitum
633 3465 685 3526 est
709 3454 796 3524 inter
814 3453 896 3522 tales
913 3448 1090 3521 matrimo-¹

145 3550 241 3637 nium
263 3548 440 3633 contrahi,
462 3561 497 3618 et
527 3549 601 3620 talis
624 3547 805 3639 prohibitio
826 3558 876 3618 est
896 3566 957 3636 per
972 3543 1086 3615 Eccle-
