<?xml version="1.0" encoding="UTF-8"?>
<!DOCTYPE html PUBLIC "-//W3C//DTD XHTML 1.0 Transitional//EN"
    "http://www.w3.org/TR/xhtml1/DTD/xhtml1-transitional.dtd">
<html xmlns="http://www.w3.org/1999/xhtml" xml:lang="en" lang="en">
 <head>
  <title>
</title>
<meta http-equiv="Content-Type" content="text/html;charset=utf-8" />
  <meta name='ocr-system' content='tesseract 3.04.00' />
  <meta name='ocr-capabilities' content='ocr_page ocr_carea ocr_par ocr_line ocrx_word'/>
</head>
<body>
  <div class='ocr_page' id='page_1' title='image "./septimiimariaev00veccgoog_0040.png"; bbox 0 0 2642 4175; ppageno 0'>
   <div class='ocr_carea' id='block_1_1' title="bbox 287 361 779 419">
    <p class='ocr_par' dir='ltr' id='par_1_1' title="bbox 287 361 779 419">
     <span class='ocr_line' id='line_1_1' title="bbox 287 361 779 419; baseline -0.004 -1"><span class='ocrx_word' id='word_1_1' title='bbox 287 361 330 419; x_wconf 84' lang='lat'><strong>32</strong></span> <span class='ocrx_word' id='word_1_2' title='bbox 633 372 737 418; x_wconf 72' lang='lat' dir='ltr'><strong>orror</strong></span> <span class='ocrx_word' id='word_1_3' title='bbox 755 373 779 416; x_wconf 88' lang='lat'><strong>1.</strong></span> 
     </span>
    </p>
   </div>
   <div class='ocr_carea' id='block_1_2' title="bbox 240 467 1177 750">
    <p class='ocr_par' dir='ltr' id='par_1_2' title="bbox 240 467 1177 750">
     <span class='ocr_line' id='line_1_2' title="bbox 240 467 1177 560; baseline 0.003 -20"><span class='ocrx_word' id='word_1_4' title='bbox 240 473 389 560; x_wconf 79' lang='lat' dir='ltr'><strong>cogitur3</strong></span> <span class='ocrx_word' id='word_1_5' title='bbox 415 467 542 540; x_wconf 89' lang='lat' dir='ltr'><strong>nnllam</strong></span> <span class='ocrx_word' id='word_1_6' title='bbox 564 469 730 559; x_wconf 86' lang='lat' dir='ltr'>siquidem</span> <span class='ocrx_word' id='word_1_7' title='bbox 753 481 922 558; x_wconf 88' lang='lat' dir='ltr'><strong>pateretur</strong></span> <span class='ocrx_word' id='word_1_8' title='bbox 954 490 1121 558; x_wconf 88' lang='lat' dir='ltr'><strong>poenam,</strong></span> <span class='ocrx_word' id='word_1_9' title='bbox 1148 473 1177 543; x_wconf 91' lang='lat' dir='ltr'><strong>si</strong></span> 
     </span>
     <span class='ocr_line' id='line_1_3' title="bbox 242 558 1177 654; baseline 0.002 -20"><span class='ocrx_word' id='word_1_10' title='bbox 242 566 324 634; x_wconf 92' lang='lat' dir='ltr'><strong>illud</strong></span> <span class='ocrx_word' id='word_1_11' title='bbox 347 576 499 647; x_wconf 89' lang='lat' dir='ltr'><strong>tanturn,</strong></span> <span class='ocrx_word' id='word_1_12' title='bbox 523 566 612 654; x_wconf 89' lang='lat' dir='ltr'><strong>quod</strong></span> <span class='ocrx_word' id='word_1_13' title='bbox 639 575 834 652; x_wconf 86' lang='lat' dir='ltr'><strong>acceperat,</strong></span> <span class='ocrx_word' id='word_1_14' title='bbox 854 558 1060 634; x_wconf 77' lang='lat' dir='ltr'><strong>restitueret.</strong></span> <span class='ocrx_word' id='word_1_15' title='bbox 1090 564 1177 647; x_wconf 86' lang='lat' dir='ltr'><strong>Quin</strong></span> 
     </span>
     <span class='ocr_line' id='line_1_4' title="bbox 243 657 1176 750; baseline 0.002 -23"><span class='ocrx_word' id='word_1_16' title='bbox 243 658 311 727; x_wconf 89' lang='lat' dir='ltr'><strong>imo</strong></span> <span class='ocrx_word' id='word_1_17' title='bbox 329 658 356 728; x_wconf 92' lang='lat' dir='ltr'><strong>si</strong></span> <span class='ocrx_word' id='word_1_18' title='bbox 375 659 609 728; x_wconf 80' lang='lat' dir='ltr'><strong>contrahentes</strong></span> <span class='ocrx_word' id='word_1_19' title='bbox 629 658 671 727; x_wconf 87' lang='lat' dir='ltr'><strong>de</strong></span> <span class='ocrx_word' id='word_1_20' title='bbox 688 657 800 747; x_wconf 91' lang='lat' dir='ltr'><strong>duplo,</strong></span> <span class='ocrx_word' id='word_1_21' title='bbox 821 668 878 726; x_wconf 89' lang='lat' dir='ltr'><strong>aut</strong></span> <span class='ocrx_word' id='word_1_22' title='bbox 890 657 1002 748; x_wconf 89' lang='lat' dir='ltr'><strong>triplo,</strong></span> <span class='ocrx_word' id='word_1_23' title='bbox 1017 668 1076 727; x_wconf 89' lang='lat' dir='ltr'><strong>aut</strong></span> <span class='ocrx_word' id='word_1_24' title='bbox 1094 680 1176 750; x_wconf 89' lang='lat' dir='ltr'><strong>qua·</strong></span> 
     </span>
    </p>
   </div>
   <div class='ocr_carea' id='block_1_3' title="bbox 237 750 1258 3463">
    <p class='ocr_par' dir='ltr' id='par_1_3' title="bbox 237 750 1258 3463">
     <span class='ocr_line' id='line_1_5' title="bbox 240 750 1176 842; baseline 0.002 -21"><span class='ocrx_word' id='word_1_25' title='bbox 240 753 361 841; x_wconf 87' lang='lat' dir='ltr'><strong>druplo</strong></span> <span class='ocrx_word' id='word_1_26' title='bbox 382 752 552 822; x_wconf 86' lang='lat' dir='ltr'><strong>reddendo</strong></span> <span class='ocrx_word' id='word_1_27' title='bbox 573 750 761 841; x_wconf 88' lang='lat' dir='ltr'><strong>pactionem</strong></span> <span class='ocrx_word' id='word_1_28' title='bbox 793 751 956 833; x_wconf 86' lang='lat' dir='ltr'><strong>iecerint,</strong></span> <span class='ocrx_word' id='word_1_29' title='bbox 978 764 1071 842; x_wconf 89' lang='lat' dir='ltr'><strong>pacta</strong></span> <span class='ocrx_word' id='word_1_30' title='bbox 1109 773 1176 823; x_wconf 87' lang='lat' dir='ltr'><strong>ser·</strong></span> 
     </span>
     <span class='ocr_line' id='line_1_6' title="bbox 238 845 1175 934; baseline 0.002 -21"><span class='ocrx_word' id='word_1_31' title='bbox 238 847 343 915; x_wconf 85' lang='lat' dir='ltr'><strong>randa</strong></span> <span class='ocrx_word' id='word_1_32' title='bbox 364 857 453 928; x_wconf 91' lang='lat' dir='ltr'><strong>sunt,</strong></span> <span class='ocrx_word' id='word_1_33' title='bbox 472 846 530 915; x_wconf 92' lang='lat' dir='ltr'><strong>sed</strong></span> <span class='ocrx_word' id='word_1_34' title='bbox 549 857 681 934; x_wconf 86' lang='lat' dir='ltr'><strong>pactum</strong></span> <span class='ocrx_word' id='word_1_35' title='bbox 702 845 743 913; x_wconf 87' lang='lat' dir='ltr'><strong>do</strong></span> <span class='ocrx_word' id='word_1_36' title='bbox 763 845 977 914; x_wconf 76' lang='lat' dir='ltr'><strong>restituendis</strong></span> <span class='ocrx_word' id='word_1_37' title='bbox 996 845 1106 915; x_wconf 90' lang='lat' dir='ltr'><strong>arrhis</strong></span> <span class='ocrx_word' id='word_1_38' title='bbox 1123 848 1175 915; x_wconf 92' lang='lat' dir='ltr'><strong>ul·</strong></span> 
     </span>
     <span class='ocr_line' id='line_1_7' title="bbox 238 938 1176 1031; baseline 0.001 -22"><span class='ocrx_word' id='word_1_39' title='bbox 238 952 290 1009; x_wconf 85' lang='lat' dir='ltr'><strong>tro</strong></span> <span class='ocrx_word' id='word_1_40' title='bbox 309 941 534 1031; x_wconf 89' lang='lat' dir='ltr'><strong>quadruplum</strong></span> <span class='ocrx_word' id='word_1_41' title='bbox 547 939 656 1008; x_wconf 84' lang='lat' dir='ltr'><strong>nullas</strong></span> <span class='ocrx_word' id='word_1_42' title='bbox 676 938 763 1008; x_wconf 86' lang='lat' dir='ltr'><strong>vires</strong></span> <span class='ocrx_word' id='word_1_43' title='bbox 782 938 928 1020; x_wconf 88' lang='lat' dir='ltr'><strong>habebit,</strong></span> <span class='ocrx_word' id='word_1_44' title='bbox 949 959 1025 1008; x_wconf 88' lang='lat' dir='ltr'><strong>curn</strong></span> <span class='ocrx_word' id='word_1_45' title='bbox 1045 938 1080 1010; x_wconf 92' lang='lat' dir='ltr'><strong>in</strong></span> <span class='ocrx_word' id='word_1_46' title='bbox 1099 960 1176 1010; x_wconf 88' lang='lat' dir='ltr'><strong>con·</strong></span> 
     </span>
     <span class='ocr_line' id='line_1_8' title="bbox 240 1032 1173 1122; baseline -0.001 -19"><span class='ocrx_word' id='word_1_47' title='bbox 240 1033 412 1103; x_wconf 80' lang='lat' dir='ltr'><strong>trahendis</strong></span> <span class='ocrx_word' id='word_1_48' title='bbox 432 1032 558 1122; x_wconf 87' lang='lat' dir='ltr'><strong>nuptiis</strong></span> <span class='ocrx_word' id='word_1_49' title='bbox 575 1032 680 1102; x_wconf 88' lang='lat' dir='ltr'><strong>libera</strong></span> <span class='ocrx_word' id='word_1_50' title='bbox 701 1044 846 1122; x_wconf 85' lang='lat' dir='ltr'><strong>potestas</strong></span> <span class='ocrx_word' id='word_1_51' title='bbox 868 1052 940 1103; x_wconf 88' lang='lat' dir='ltr'><strong>esse</strong></span> <span class='ocrx_word' id='word_1_52' title='bbox 959 1033 1102 1115; x_wconf 84' lang='lat' dir='ltr'><strong>debeat,</strong></span> <span class='ocrx_word' id='word_1_53' title='bbox 1123 1034 1173 1104; x_wconf 90' lang='lat' dir='ltr'><strong>uti</strong></span> 
     </span>
     <span class='ocr_line' id='line_1_9' title="bbox 238 1124 1094 1216; baseline -0.001 -22"><span class='ocrx_word' id='word_1_54' title='bbox 238 1126 390 1216; x_wconf 89' lang='lat' dir='ltr'><strong>loquitur</strong></span> <span class='ocrx_word' id='word_1_55' title='bbox 406 1126 503 1197; x_wconf 74' lang='lat' dir='ltr'><strong>enata</strong></span> <span class='ocrx_word' id='word_1_56' title='bbox 525 1124 623 1195; x_wconf 74' lang='lat' dir='ltr'><strong>Lerd</strong></span> <span class='ocrx_word' id='word_1_57' title='bbox 644 1126 717 1194; x_wconf 86' lang='lat' dir='ltr'><strong>cod.</strong></span> <span class='ocrx_word' id='word_1_58' title='bbox 740 1127 781 1195; x_wconf 88' lang='lat' dir='ltr'><strong>de</strong></span> <span class='ocrx_word' id='word_1_59' title='bbox 801 1125 931 1216; x_wconf 89' lang='lat' dir='ltr'><strong>Sposal.</strong></span> <span class='ocrx_word' id='word_1_60' title='bbox 949 1139 982 1197; x_wconf 91' lang='lat' dir='ltr'><strong>et</strong></span> <span class='ocrx_word' id='word_1_61' title='bbox 1001 1126 1094 1195; x_wconf 82' lang='lat' dir='ltr'><strong>arrh.</strong></span> 
     </span>
     <span class='ocr_line' id='line_1_10' title="bbox 287 1218 1175 1310; baseline 0 -21"><span class='ocrx_word' id='word_1_62' title='bbox 287 1222 377 1289; x_wconf 89' lang='lat' dir='ltr'><strong>Haec</strong></span> <span class='ocrx_word' id='word_1_63' title='bbox 394 1233 505 1290; x_wconf 87' lang='lat' dir='ltr'><strong>tamen</strong></span> <span class='ocrx_word' id='word_1_64' title='bbox 523 1219 654 1309; x_wconf 87' lang='lat' dir='ltr'><strong>aliquas</strong></span> <span class='ocrx_word' id='word_1_65' title='bbox 674 1218 819 1289; x_wconf 89' lang='lat' dir='ltr'><strong>subeunt</strong></span> <span class='ocrx_word' id='word_1_66' title='bbox 839 1220 1075 1303; x_wconf 73' lang='lat' dir='ltr'><strong>limitationes,</strong></span> <span class='ocrx_word' id='word_1_67' title='bbox 1091 1241 1175 1310; x_wconf 73' lang='lat' dir='ltr'><strong>pua-</strong></span> 
     </span>
     <span class='ocr_line' id='line_1_11' title="bbox 241 1314 1174 1404; baseline 0.001 -21"><span class='ocrx_word' id='word_1_68' title='bbox 241 1335 317 1383; x_wconf 89' lang='lat' dir='ltr'><strong>rnm</strong></span> <span class='ocrx_word' id='word_1_69' title='bbox 343 1315 450 1403; x_wconf 90' lang='lat' dir='ltr'><strong>prima</strong></span> <span class='ocrx_word' id='word_1_70' title='bbox 473 1325 533 1396; x_wconf 88' lang='lat' dir='ltr'><strong>cst,</strong></span> <span class='ocrx_word' id='word_1_71' title='bbox 556 1314 814 1383; x_wconf 84' lang='lat' dir='ltr'><strong>consuetudines</strong></span> <span class='ocrx_word' id='word_1_72' title='bbox 835 1314 999 1396; x_wconf 88' lang='lat' dir='ltr'><strong>locorum,</strong></span> <span class='ocrx_word' id='word_1_73' title='bbox 1020 1324 1079 1383; x_wconf 87' lang='lat' dir='ltr'><strong>aut</strong></span> <span class='ocrx_word' id='word_1_74' title='bbox 1097 1335 1174 1404; x_wconf 87' lang='lat' dir='ltr'><strong>pro·</strong></span> 
     </span>
     <span class='ocr_line' id='line_1_12' title="bbox 239 1407 1175 1497; baseline 0.003 -22"><span class='ocrx_word' id='word_1_75' title='bbox 239 1409 423 1477; x_wconf 78' lang='lat' dir='ltr'><strong>cinniorum</strong></span> <span class='ocrx_word' id='word_1_76' title='bbox 441 1408 633 1477; x_wconf 87' lang='lat' dir='ltr'><strong>retinendas</strong></span> <span class='ocrx_word' id='word_1_77' title='bbox 650 1427 745 1490; x_wconf 88' lang='lat' dir='ltr'><strong>esse,</strong></span> <span class='ocrx_word' id='word_1_78' title='bbox 779 1407 806 1477; x_wconf 92' lang='lat' dir='ltr'><strong>si</strong></span> <span class='ocrx_word' id='word_1_79' title='bbox 827 1429 913 1497; x_wconf 84' lang='lat' dir='ltr'><strong>quae</strong></span> <span class='ocrx_word' id='word_1_80' title='bbox 941 1409 1096 1477; x_wconf 83' lang='lat' dir='ltr'><strong>adversus</strong></span> <span class='ocrx_word' id='word_1_81' title='bbox 1121 1408 1175 1478; x_wconf 88' lang='lat' dir='ltr'><strong>ius</strong></span> 
     </span>
     <span class='ocr_line' id='line_1_13' title="bbox 239 1499 1172 1589; baseline 0.001 -19"><span class='ocrx_word' id='word_1_82' title='bbox 239 1522 415 1570; x_wconf 87' lang='lat' dir='ltr'><strong>commune</strong></span> <span class='ocrx_word' id='word_1_83' title='bbox 434 1501 646 1586; x_wconf 84' lang='lat' dir='ltr'><strong>invaluerint.</strong></span> <span class='ocrx_word' id='word_1_84' title='bbox 678 1499 764 1569; x_wconf 84' lang='lat' dir='ltr'><strong>Sane</strong></span> <span class='ocrx_word' id='word_1_85' title='bbox 783 1501 897 1589; x_wconf 87' lang='lat' dir='ltr'><strong>plures</strong></span> <span class='ocrx_word' id='word_1_86' title='bbox 927 1521 1092 1570; x_wconf 86' lang='lat' dir='ltr'><strong>canonum</strong></span> <span class='ocrx_word' id='word_1_87' title='bbox 1120 1502 1172 1572; x_wconf 90' lang='lat' dir='ltr'><strong>in·</strong></span> 
     </span>
     <span class='ocr_line' id='line_1_14' title="bbox 237 1594 1173 1685; baseline 0.001 -22"><span class='ocrx_word' id='word_1_88' title='bbox 237 1607 402 1685; x_wconf 87' lang='lat' dir='ltr'><strong>terpretes</strong></span> <span class='ocrx_word' id='word_1_89' title='bbox 435 1606 599 1664; x_wconf 87' lang='lat' dir='ltr'><strong>testantur</strong></span> <span class='ocrx_word' id='word_1_90' title='bbox 628 1595 779 1663; x_wconf 90' lang='lat' dir='ltr'><strong>moribus</strong></span> <span class='ocrx_word' id='word_1_91' title='bbox 811 1597 993 1664; x_wconf 88' lang='lat' dir='ltr'><strong>multarum</strong></span> <span class='ocrx_word' id='word_1_92' title='bbox 1022 1594 1173 1684; x_wconf 78' lang='lat' dir='ltr'><strong>gentium</strong></span> 
     </span>
     <span class='ocr_line' id='line_1_15' title="bbox 238 1688 1173 1777; baseline 0.002 -21"><span class='ocrx_word' id='word_1_93' title='bbox 238 1701 410 1777; x_wconf 88' lang='lat' dir='ltr'><strong>receptum</strong></span> <span class='ocrx_word' id='word_1_94' title='bbox 431 1709 528 1771; x_wconf 89' lang='lat' dir='ltr'><strong>esse,</strong></span> <span class='ocrx_word' id='word_1_95' title='bbox 553 1702 589 1758; x_wconf 92' lang='lat' dir='ltr'><strong>ut</strong></span> <span class='ocrx_word' id='word_1_96' title='bbox 611 1688 754 1771; x_wconf 79' lang='lat' dir='ltr'><strong>arrhae,</strong></span> <span class='ocrx_word' id='word_1_97' title='bbox 776 1701 920 1777; x_wconf 88' lang='lat' dir='ltr'><strong>sequuto</strong></span> <span class='ocrx_word' id='word_1_98' title='bbox 949 1689 1173 1770; x_wconf 90' lang='lat' dir='ltr'><strong>matrimonio,</strong></span> 
     </span>
     <span class='ocr_line' id='line_1_16' title="bbox 240 1782 1174 1871; baseline 0.001 -20"><span class='ocrx_word' id='word_1_99' title='bbox 240 1802 308 1851; x_wconf 92' lang='lat' dir='ltr'><strong>non</strong></span> <span class='ocrx_word' id='word_1_100' title='bbox 329 1783 522 1851; x_wconf 83' lang='lat' dir='ltr'><strong>reddentur.</strong></span> <span class='ocrx_word' id='word_1_101' title='bbox 545 1782 654 1851; x_wconf 87' lang='lat' dir='ltr'><strong>Altera</strong></span> <span class='ocrx_word' id='word_1_102' title='bbox 677 1795 738 1865; x_wconf 89' lang='lat' dir='ltr'><strong>est,</strong></span> <span class='ocrx_word' id='word_1_103' title='bbox 761 1782 925 1852; x_wconf 89' lang='lat' dir='ltr'><strong>minorem</strong></span> <span class='ocrx_word' id='word_1_104' title='bbox 943 1784 1038 1852; x_wconf 90' lang='lat' dir='ltr'><strong>annis</strong></span> <span class='ocrx_word' id='word_1_105' title='bbox 1057 1783 1174 1871; x_wconf 75' lang='lat' dir='ltr'><strong>viginti</strong></span> 
     </span>
     <span class='ocr_line' id='line_1_17' title="bbox 242 1875 1176 1966; baseline 0.001 -22"><span class='ocrx_word' id='word_1_106' title='bbox 242 1876 403 1966; x_wconf 87' lang='lat' dir='ltr'><strong>quinque,</strong></span> <span class='ocrx_word' id='word_1_107' title='bbox 427 1875 555 1945; x_wconf 87' lang='lat' dir='ltr'><strong>etiamsi</strong></span> <span class='ocrx_word' id='word_1_108' title='bbox 577 1877 657 1944; x_wconf 86' lang='lat' dir='ltr'><strong>citra</strong></span> <span class='ocrx_word' id='word_1_109' title='bbox 680 1877 864 1964; x_wconf 78' lang='lat' dir='ltr'><strong>legitimam</strong></span> <span class='ocrx_word' id='word_1_110' title='bbox 882 1897 1014 1945; x_wconf 87' lang='lat' dir='ltr'><strong>causam</strong></span> <span class='ocrx_word' id='word_1_111' title='bbox 1036 1897 1054 1944; x_wconf 88' lang='lat' dir='ltr'><strong>a</strong></span> <span class='ocrx_word' id='word_1_112' title='bbox 1074 1897 1176 1966; x_wconf 90' lang='lat' dir='ltr'><strong>spon-</strong></span> 
     </span>
     <span class='ocr_line' id='line_1_18' title="bbox 242 1970 1172 2059; baseline 0.001 -22"><span class='ocrx_word' id='word_1_113' title='bbox 242 1971 368 2038; x_wconf 77' lang='lat' dir='ltr'><strong>salibus</strong></span> <span class='ocrx_word' id='word_1_114' title='bbox 376 1970 563 2051; x_wconf 88' lang='lat' dir='ltr'><strong>recesserit,</strong></span> <span class='ocrx_word' id='word_1_115' title='bbox 574 1972 804 2038; x_wconf 90' lang='lat' dir='ltr'><strong>tantummodo</strong></span> <span class='ocrx_word' id='word_1_116' title='bbox 818 1971 857 2038; x_wconf 86' lang='lat' dir='ltr'><strong>ad</strong></span> <span class='ocrx_word' id='word_1_117' title='bbox 873 1970 918 2053; x_wconf 94' lang='lat' dir='ltr'><strong>id,</strong></span> <span class='ocrx_word' id='word_1_118' title='bbox 934 1971 1022 2058; x_wconf 89' lang='lat' dir='ltr'><strong>quod</strong></span> <span class='ocrx_word' id='word_1_119' title='bbox 1034 1970 1172 2059; x_wconf 89' lang='lat' dir='ltr'><strong>accepit,</strong></span> 
     </span>
     <span class='ocr_line' id='line_1_19' title="bbox 241 2062 1258 2153; baseline 0.004 -22"><span class='ocrx_word' id='word_1_120' title='bbox 241 2065 449 2134; x_wconf 90' lang='lat' dir='ltr'><strong>reddendum</strong></span> <span class='ocrx_word' id='word_1_121' title='bbox 477 2062 607 2137; x_wconf 81' lang='lat' dir='ltr'><strong>teneri,</strong></span> <span class='ocrx_word' id='word_1_122' title='bbox 629 2062 692 2132; x_wconf 89' lang='lat' dir='ltr'><strong>hoc</strong></span> <span class='ocrx_word' id='word_1_123' title='bbox 727 2075 777 2133; x_wconf 89' lang='lat' dir='ltr'><strong>est</strong></span> <span class='ocrx_word' id='word_1_124' title='bbox 807 2066 846 2133; x_wconf 86' lang='lat' dir='ltr'><strong>ud</strong></span> <span class='ocrx_word' id='word_1_125' title='bbox 877 2075 1027 2153; x_wconf 86' lang='lat' dir='ltr'><strong>acceptas</strong></span> <span class='ocrx_word' id='word_1_126' title='bbox 1058 2064 1175 2135; x_wconf 86' lang='lat' dir='ltr'><strong>arrhas</strong></span> <span class='ocrx_word' id='word_1_127' title='bbox 1253 2090 1258 2105; x_wconf 79' lang='lat'><strong>·</strong></span> 
     </span>
     <span class='ocr_line' id='line_1_20' title="bbox 239 2157 1174 2247; baseline 0 -21"><span class='ocrx_word' id='word_1_128' title='bbox 239 2160 488 2241; x_wconf 85' lang='lat' dir='ltr'><strong>restituendas,</strong></span> <span class='ocrx_word' id='word_1_129' title='bbox 509 2178 587 2226; x_wconf 88' lang='lat' dir='ltr'><strong>suas</strong></span> <span class='ocrx_word' id='word_1_130' title='bbox 606 2169 737 2239; x_wconf 86' lang='lat' dir='ltr'><strong>autem,</strong></span> <span class='ocrx_word' id='word_1_131' title='bbox 759 2157 787 2226; x_wconf 92' lang='lat' dir='ltr'><strong>si</strong></span> <span class='ocrx_word' id='word_1_132' title='bbox 813 2178 897 2247; x_wconf 89' lang='lat' dir='ltr'><strong>quas</strong></span> <span class='ocrx_word' id='word_1_133' title='bbox 927 2157 1078 2241; x_wconf 83' lang='lat' dir='ltr'><strong>dederit,</strong></span> <span class='ocrx_word' id='word_1_134' title='bbox 1106 2178 1174 2226; x_wconf 93' lang='lat' dir='ltr'><strong>non</strong></span> 
     </span>
     <span class='ocr_line' id='line_1_21' title="bbox 240 2251 1174 2342; baseline -0.001 -21"><span class='ocrx_word' id='word_1_135' title='bbox 240 2252 408 2321; x_wconf 89' lang='lat' dir='ltr'><strong>amittere.</strong></span> <span class='ocrx_word' id='word_1_136' title='bbox 430 2251 539 2321; x_wconf 84' lang='lat' dir='ltr'><strong>Tertia</strong></span> <span class='ocrx_word' id='word_1_137' title='bbox 559 2263 619 2333; x_wconf 89' lang='lat' dir='ltr'><strong>est,</strong></span> <span class='ocrx_word' id='word_1_138' title='bbox 643 2263 811 2339; x_wconf 88' lang='lat' dir='ltr'><strong>parentes,</strong></span> <span class='ocrx_word' id='word_1_139' title='bbox 844 2251 903 2342; x_wconf 89' lang='lat' dir='ltr'><strong>qui</strong></span> <span class='ocrx_word' id='word_1_140' title='bbox 921 2251 1085 2340; x_wconf 80' lang='lat' dir='ltr'><strong>sponsalia</strong></span> <span class='ocrx_word' id='word_1_141' title='bbox 1117 2272 1174 2320; x_wconf 93' lang='lat' dir='ltr'><strong>no·</strong></span> 
     </span>
     <span class='ocr_line' id='line_1_22' title="bbox 237 2344 1169 2435; baseline -0.001 -21"><span class='ocrx_word' id='word_1_142' title='bbox 237 2347 328 2414; x_wconf 89' lang='lat' dir='ltr'><strong>mine</strong></span> <span class='ocrx_word' id='word_1_143' title='bbox 346 2345 493 2413; x_wconf 85' lang='lat' dir='ltr'><strong>liliorum</strong></span> <span class='ocrx_word' id='word_1_144' title='bbox 515 2358 695 2427; x_wconf 87' lang='lat' dir='ltr'><strong>contracta,</strong></span> <span class='ocrx_word' id='word_1_145' title='bbox 713 2345 797 2414; x_wconf 88' lang='lat' dir='ltr'><strong>datis</strong></span> <span class='ocrx_word' id='word_1_146' title='bbox 817 2348 866 2414; x_wconf 88' lang='lat' dir='ltr'><strong>vel</strong></span> <span class='ocrx_word' id='word_1_147' title='bbox 887 2346 1030 2435; x_wconf 88' lang='lat' dir='ltr'><strong>acceptis</strong></span> <span class='ocrx_word' id='word_1_148' title='bbox 1049 2344 1169 2429; x_wconf 84' lang='lat' dir='ltr'><strong>arrhis,</strong></span> 
     </span>
     <span class='ocr_line' id='line_1_23' title="bbox 238 2438 1169 2528; baseline 0.001 -21"><span class='ocrx_word' id='word_1_149' title='bbox 238 2439 499 2519; x_wconf 89' lang='lat' dir='ltr'><strong>confirmarunt,</strong></span> <span class='ocrx_word' id='word_1_150' title='bbox 531 2438 629 2505; x_wconf 82' lang='lat' dir='ltr'><strong>eximi</strong></span> <span class='ocrx_word' id='word_1_151' title='bbox 650 2460 667 2507; x_wconf 91' lang='lat' dir='ltr'><strong>a</strong></span> <span class='ocrx_word' id='word_1_152' title='bbox 686 2459 791 2527; x_wconf 89' lang='lat' dir='ltr'><strong>poena</strong></span> <span class='ocrx_word' id='word_1_153' title='bbox 815 2440 1001 2528; x_wconf 84' lang='lat' dir='ltr'><strong>perdendae</strong></span> <span class='ocrx_word' id='word_1_154' title='bbox 1033 2438 1169 2520; x_wconf 82' lang='lat' dir='ltr'><strong>arrhae,</strong></span> 
     </span>
     <span class='ocr_line' id='line_1_24' title="bbox 238 2531 1171 2620; baseline 0.001 -21"><span class='ocrx_word' id='word_1_155' title='bbox 238 2532 290 2599; x_wconf 80' lang='lat' dir='ltr'><strong>vol</strong></span> <span class='ocrx_word' id='word_1_156' title='bbox 311 2532 440 2599; x_wconf 87' lang='lat' dir='ltr'><strong>alienae</strong></span> <span class='ocrx_word' id='word_1_157' title='bbox 460 2531 493 2599; x_wconf 89' lang='lat' dir='ltr'><strong>in</strong></span> <span class='ocrx_word' id='word_1_158' title='bbox 515 2533 655 2620; x_wconf 90' lang='lat' dir='ltr'><strong>duplum</strong></span> <span class='ocrx_word' id='word_1_159' title='bbox 675 2533 912 2615; x_wconf 87' lang='lat' dir='ltr'><strong>restituendae,</strong></span> <span class='ocrx_word' id='word_1_160' title='bbox 935 2534 962 2600; x_wconf 89' lang='lat' dir='ltr'><strong>si</strong></span> <span class='ocrx_word' id='word_1_161' title='bbox 982 2532 1042 2600; x_wconf 86' lang='lat' dir='ltr'><strong>filii</strong></span> <span class='ocrx_word' id='word_1_162' title='bbox 1063 2534 1171 2601; x_wconf 87' lang='lat' dir='ltr'><strong>datam</strong></span> 
     </span>
     <span class='ocr_line' id='line_1_25' title="bbox 242 2624 1172 2716; baseline 0.002 -23"><span class='ocrx_word' id='word_1_163' title='bbox 242 2626 283 2693; x_wconf 88' lang='lat' dir='ltr'><strong>ab</strong></span> <span class='ocrx_word' id='word_1_164' title='bbox 305 2624 383 2712; x_wconf 85' lang='lat' dir='ltr'><strong>ipsis</strong></span> <span class='ocrx_word' id='word_1_165' title='bbox 405 2625 597 2712; x_wconf 87' lang='lat' dir='ltr'><strong>parentibus</strong></span> <span class='ocrx_word' id='word_1_166' title='bbox 617 2625 717 2695; x_wconf 86' lang='lat' dir='ltr'><strong>fidem</strong></span> <span class='ocrx_word' id='word_1_167' title='bbox 735 2638 904 2716; x_wconf 88' lang='lat' dir='ltr'><strong>praestare</strong></span> <span class='ocrx_word' id='word_1_168' title='bbox 923 2627 1054 2706; x_wconf 84' lang='lat' dir='ltr'><strong>nolint,</strong></span> <span class='ocrx_word' id='word_1_169' title='bbox 1076 2628 1172 2695; x_wconf 89' lang='lat' dir='ltr'><strong>dum·</strong></span> 
     </span>
     <span class='ocr_line' id='line_1_26' title="bbox 241 2718 1173 2806; baseline 0.002 -20"><span class='ocrx_word' id='word_1_170' title='bbox 241 2718 341 2786; x_wconf 91' lang='lat' dir='ltr'><strong>modo</strong></span> <span class='ocrx_word' id='word_1_171' title='bbox 355 2729 509 2806; x_wconf 86' lang='lat' dir='ltr'><strong>parentes</strong></span> <span class='ocrx_word' id='word_1_172' title='bbox 523 2720 648 2787; x_wconf 89' lang='lat' dir='ltr'><strong>nullam</strong></span> <span class='ocrx_word' id='word_1_173' title='bbox 663 2720 735 2788; x_wconf 92' lang='lat' dir='ltr'><strong>eius</strong></span> <span class='ocrx_word' id='word_1_174' title='bbox 755 2719 960 2795; x_wconf 86' lang='lat' dir='ltr'><strong>infidelitatis</strong></span> <span class='ocrx_word' id='word_1_175' title='bbox 973 2740 1103 2788; x_wconf 88' lang='lat' dir='ltr'><strong>cansam</strong></span> <span class='ocrx_word' id='word_1_176' title='bbox 1119 2721 1173 2788; x_wconf 89' lang='lat' dir='ltr'><strong>de·</strong></span> 
     </span>
     <span class='ocr_line' id='line_1_27' title="bbox 243 2812 1172 2903; baseline 0.001 -23"><span class='ocrx_word' id='word_1_177' title='bbox 243 2812 366 2892; x_wconf 89' lang='lat' dir='ltr'><strong>derint,</strong></span> <span class='ocrx_word' id='word_1_178' title='bbox 390 2812 444 2880; x_wconf 89' lang='lat' dir='ltr'><strong>sed</strong></span> <span class='ocrx_word' id='word_1_179' title='bbox 466 2813 679 2895; x_wconf 83' lang='lat' dir='ltr'><strong>curaverint,</strong></span> <span class='ocrx_word' id='word_1_180' title='bbox 708 2826 747 2882; x_wconf 91' lang='lat' dir='ltr'><strong>ut</strong></span> <span class='ocrx_word' id='word_1_181' title='bbox 776 2814 960 2903; x_wconf 87' lang='lat' dir='ltr'><strong>sponsalia,</strong></span> <span class='ocrx_word' id='word_1_182' title='bbox 996 2812 1093 2881; x_wconf 89' lang='lat' dir='ltr'><strong>sicuti</strong></span> <span class='ocrx_word' id='word_1_183' title='bbox 1111 2834 1172 2901; x_wconf 89' lang='lat' dir='ltr'><strong>par</strong></span> 
     </span>
     <span class='ocr_line' id='line_1_28' title="bbox 239 2906 1172 2994; baseline 0 -20"><span class='ocrx_word' id='word_1_184' title='bbox 239 2915 330 2987; x_wconf 84' lang='lat' dir='ltr'><strong>erat,</strong></span> <span class='ocrx_word' id='word_1_185' title='bbox 354 2906 584 2994; x_wconf 86' lang='lat' dir='ltr'><strong>implerentur.</strong></span> <span class='ocrx_word' id='word_1_186' title='bbox 615 2907 697 2975; x_wconf 91' lang='lat' dir='ltr'><strong>Nam</strong></span> <span class='ocrx_word' id='word_1_187' title='bbox 719 2907 908 2977; x_wconf 88' lang='lat' dir='ltr'><strong>huiusmodi</strong></span> <span class='ocrx_word' id='word_1_188' title='bbox 934 2906 1172 2994; x_wconf 86' lang='lat' dir='ltr'><strong>promissiones</strong></span> 
     </span>
     <span class='ocr_line' id='line_1_29' title="bbox 238 2998 1170 3089; baseline -0.001 -22"><span class='ocrx_word' id='word_1_189' title='bbox 238 2998 338 3068; x_wconf 87' lang='lat' dir='ltr'><strong>alieni</strong></span> <span class='ocrx_word' id='word_1_190' title='bbox 354 2999 442 3081; x_wconf 87' lang='lat' dir='ltr'><strong>facti,</strong></span> <span class='ocrx_word' id='word_1_191' title='bbox 460 3000 548 3068; x_wconf 82' lang='lat' dir='ltr'><strong>iuxta</strong></span> <span class='ocrx_word' id='word_1_192' title='bbox 565 3000 617 3068; x_wconf 93' lang='lat' dir='ltr'><strong>ius</strong></span> <span class='ocrx_word' id='word_1_193' title='bbox 631 3022 819 3080; x_wconf 87' lang='lat' dir='ltr'><strong>commune,</strong></span> <span class='ocrx_word' id='word_1_194' title='bbox 836 3012 870 3070; x_wconf 91' lang='lat' dir='ltr'><strong>et</strong></span> <span class='ocrx_word' id='word_1_195' title='bbox 884 3001 990 3089; x_wconf 78' lang='lat' dir='ltr'><strong>magis</strong></span> <span class='ocrx_word' id='word_1_196' title='bbox 1004 3010 1170 3088; x_wconf 79' lang='lat' dir='ltr'><strong>receptam</strong></span> 
     </span>
     <span class='ocr_line' id='line_1_30' title="bbox 237 3091 1171 3183; baseline 0.001 -24"><span class='ocrx_word' id='word_1_197' title='bbox 237 3091 415 3183; x_wconf 76' lang='lat' dir='ltr'><strong>Doctorum</strong></span> <span class='ocrx_word' id='word_1_198' title='bbox 429 3094 641 3176; x_wconf 87' lang='lat' dir='ltr'><strong>sententiam,</strong></span> <span class='ocrx_word' id='word_1_199' title='bbox 657 3095 869 3164; x_wconf 89' lang='lat' dir='ltr'><strong>resolvuntur</strong></span> <span class='ocrx_word' id='word_1_200' title='bbox 883 3094 917 3162; x_wconf 92' lang='lat' dir='ltr'><strong>in</strong></span> <span class='ocrx_word' id='word_1_201' title='bbox 933 3092 1171 3182; x_wconf 79' lang='lat' dir='ltr'><strong>obligationem</strong></span> 
     </span>
     <span class='ocr_line' id='line_1_31' title="bbox 237 3186 1172 3278; baseline 0.001 -24"><span class='ocrx_word' id='word_1_202' title='bbox 237 3186 392 3270; x_wconf 86' lang='lat' dir='ltr'><strong>laciendi,</strong></span> <span class='ocrx_word' id='word_1_203' title='bbox 413 3188 631 3275; x_wconf 87' lang='lat' dir='ltr'><strong>curandique,</strong></span> <span class='ocrx_word' id='word_1_204' title='bbox 655 3190 762 3278; x_wconf 88' lang='lat' dir='ltr'><strong>quoad</strong></span> <span class='ocrx_word' id='word_1_205' title='bbox 783 3189 854 3257; x_wconf 92' lang='lat' dir='ltr'><strong>eius</strong></span> <span class='ocrx_word' id='word_1_206' title='bbox 879 3187 953 3256; x_wconf 86' lang='lat' dir='ltr'><strong>fieri</strong></span> <span class='ocrx_word' id='word_1_207' title='bbox 971 3187 1116 3276; x_wconf 89' lang='lat' dir='ltr'><strong>poterit,</strong></span> <span class='ocrx_word' id='word_1_208' title='bbox 1133 3197 1172 3255; x_wconf 88' lang='lat' dir='ltr'><strong>ut</strong></span> 
     </span>
     <span class='ocr_line' id='line_1_32' title="bbox 238 3280 1170 3370; baseline -0.001 -22"><span class='ocrx_word' id='word_1_209' title='bbox 238 3281 415 3369; x_wconf 91' lang='lat' dir='ltr'><strong>promissio</strong></span> <span class='ocrx_word' id='word_1_210' title='bbox 436 3282 652 3370; x_wconf 89' lang='lat' dir='ltr'><strong>compleatur,</strong></span> <span class='ocrx_word' id='word_1_211' title='bbox 675 3283 711 3351; x_wconf 87' lang='lat' dir='ltr'><strong>L.</strong></span> <span class='ocrx_word' id='word_1_212' title='bbox 728 3282 819 3351; x_wconf 84' lang='lat' dir='ltr'><strong>final.</strong></span> <span class='ocrx_word' id='word_1_213' title='bbox 840 3282 873 3350; x_wconf 83' lang='lat' dir='ltr'><strong>ff.</strong></span> <span class='ocrx_word' id='word_1_214' title='bbox 890 3282 930 3351; x_wconf 88' lang='lat' dir='ltr'><strong>ad</strong></span> <span class='ocrx_word' id='word_1_215' title='bbox 951 3281 988 3349; x_wconf 86' lang='lat' dir='ltr'><strong>L.</strong></span> <span class='ocrx_word' id='word_1_216' title='bbox 1008 3280 1170 3349; x_wconf 87' lang='lat' dir='ltr'><strong>Rhodiam</strong></span> 
     </span>
     <span class='ocr_line' id='line_1_33' title="bbox 239 3371 1172 3463; baseline -0.001 -21"><span class='ocrx_word' id='word_1_217' title='bbox 239 3374 280 3442; x_wconf 87' lang='lat' dir='ltr'><strong>de</strong></span> <span class='ocrx_word' id='word_1_218' title='bbox 300 3374 416 3460; x_wconf 76' lang='lat' dir='ltr'><strong>lactu,</strong></span> <span class='ocrx_word' id='word_1_219' title='bbox 437 3373 582 3445; x_wconf 85' lang='lat' dir='ltr'><strong>Sanclrez</strong></span> <span class='ocrx_word' id='word_1_220' title='bbox 609 3379 650 3446; x_wconf 88' lang='lat' dir='ltr'><strong>de</strong></span> <span class='ocrx_word' id='word_1_221' title='bbox 683 3377 826 3446; x_wconf 87' lang='lat' dir='ltr'><strong>llatrim.</strong></span> <span class='ocrx_word' id='word_1_222' title='bbox 848 3376 907 3445; x_wconf 90' lang='lat' dir='ltr'><strong>lib.</strong></span> <span class='ocrx_word' id='word_1_223' title='bbox 926 3373 960 3459; x_wconf 88' lang='lat' dir='ltr'><strong>l,</strong></span> <span class='ocrx_word' id='word_1_224' title='bbox 982 3374 1104 3463; x_wconf 90' lang='lat' dir='ltr'><strong>disput.</strong></span> <span class='ocrx_word' id='word_1_225' title='bbox 1125 3371 1172 3441; x_wconf 65' lang='lat'><strong>25</strong></span> 
     </span>
    </p>
   </div>
   <div class='ocr_carea' id='block_1_4' title="bbox 119 3465 888 3573">
    <p class='ocr_par' dir='ltr' id='par_1_4' title="bbox 119 3465 888 3573">
     <span class='ocr_line' id='line_1_34' title="bbox 119 3465 888 3573; baseline 0 -38"><span class='ocrx_word' id='word_1_226' title='bbox 119 3566 123 3573; x_wconf 83' lang='lat'>.</span> <span class='ocrx_word' id='word_1_227' title='bbox 239 3478 273 3537; x_wconf 90' lang='lat' dir='ltr'><strong>et</strong></span> <span class='ocrx_word' id='word_1_228' title='bbox 297 3465 357 3537; x_wconf 68' lang='lat'><strong>⁶26.</strong></span> <span class='ocrx_word' id='word_1_229' title='bbox 884 3498 888 3503; x_wconf 52' lang='grc'><strong>»</strong></span> 
     </span>
    </p>
   </div>
   <div class='ocr_carea' id='block_1_5' title="bbox 0 0 1326 4175">
    <p class='ocr_par' dir='ltr' id='par_1_5' title="bbox 0 0 1326 4175">
     <span class='ocr_line' id='line_1_35' title="bbox 0 0 1326 4175; baseline 0 0"><span class='ocrx_word' id='word_1_230' title='bbox 0 0 1326 4175; x_wconf 95' lang='lat' dir='ltr'><strong> </strong></span> 
     </span>
    </p>
   </div>
  </div>
 </body>
</html>
