2642 4175
293 260 356 319 146
627 268 729 314 esron
747 267 793 310 nr.

245 373 406 455 rentiam;
425 368 562 441 tertium
582 379 643 452 est,
666 365 744 457 quia
764 365 952 454 ignorantia
984 387 1094 438 orasse
1125 390 1180 439 ae-

245 467 441 558 quiparatur
460 461 630 533 scientiae.
661 461 688 529 li
714 472 826 533 antem
857 459 915 550 qni
947 460 1177 532 affirmativam

244 562 490 651 amplectuntur
510 554 733 637 sententiam,
768 555 813 625 ita
839 553 1105 625 ratiocinantur:
1138 560 1178 627 ad

243 656 389 725 valorem
411 649 614 721 matrimonii
634 669 709 719 cum
729 668 823 717 serro
839 649 889 718 rel
908 649 1028 718 aneilla
1045 661 1178 720 eontra·

245 748 289 818 oti
314 747 420 817 libera
456 743 643 834 exposcitur
674 743 818 827 eiectio,
852 752 889 811 nt
921 742 978 832 qui
1013 744 1178 815 cornubie

243 853 361 931 sponte
380 838 446 909 iuri
467 859 528 908 suo
548 837 718 907 renuntiet
749 850 783 907 et
815 836 944 906 iubenti
977 837 1087 906 animo
1118 840 1176 908 da·

244 954 359 1005 mnum
375 934 503 1016 subeat,
519 943 553 1001 et
564 952 660 1015 onus,
671 930 724 999 oui
735 950 794 1018 per
806 930 996 1000 huiusmodi
1009 931 1178 1002 matrimo-

242 1028 335 1098 nium
350 1049 385 1098 se
405 1026 550 1117 erponit3
571 1026 637 1095 iam
657 1045 735 1093 vero
752 1023 808 1092 ubi
822 1036 872 1094 est
887 1024 1015 1093 alienae
1036 1026 1177 1095 servitu-

244 1122 285 1192 tis
305 1121 505 1213 ignorantia,
529 1118 740 1209 quantumvis
765 1118 878 1197 fatua,
898 1128 956 1187 ant
975 1139 1108 1202 crassa,
1130 1120 1176 1189 ibi

242 1217 336 1287 deest
353 1215 451 1305 plena
471 1214 526 1282 ilia
547 1224 580 1282 et
596 1211 781 1282 voluntaria
802 1211 932 1295 electio;
947 1212 1088 1301 proinde
1110 1234 1175 1282 non
1296 1270 1297 1307 3

241 1309 348 1398 magis
366 1308 451 1378 vaiet
467 1317 656 1376 contractus
675 1305 878 1376 matrimonii
909 1306 943 1375 in
976 1305 1042 1375 hoo
1071 1326 1173 1390 oasu,

242 1422 341 1492 quam
357 1401 465 1470 valeat
483 1400 617 1470 donatio
634 1401 718 1470 facta
739 1398 849 1484 Petro,
872 1420 972 1489 quem
989 1420 1105 1469 errore
1119 1402 1175 1470 ad·

243 1497 378 1565 modom
400 1495 491 1563 fatuo
512 1493 623 1584 putavi
642 1515 714 1564 esse
729 1494 884 1578 Paulum,
906 1493 958 1562 oni
975 1493 1037 1562 soli
1053 1494 1176 1565 donare

241 1608 495 1678 proposueram.

288 1682 464 1752 Dubitetnr
488 1699 530 1750 an
552 1682 658 1750 valeat
690 1680 940 1751 matrimonium
972 1691 1176 1752 contractum

243 1776 331 1846 inter
364 1774 503 1844 liberam
534 1795 710 1863 personam
732 1787 765 1844 et
784 1795 877 1859 earo,
909 1796 995 1865 quae
1023 1774 1067 1844 sit
1090 1784 1178 1847 stuta

243 1870 369 1954 libero,
400 1870 453 1938 rui
474 1887 593 1957 nempe
625 1871 676 1938 vel
709 1868 743 1939 in
776 1869 889 1954 diem,
913 1870 964 1938 rei
982 1869 1045 1939 sub
1064 1871 1178 1940 nondi-

241 1963 333 2033 tione
367 1963 503 2033 libertas
542 1963 726 2044 debeatur,
761 1983 826 2046 an,
870 1962 1032 2052 inquam,
1073 1966 1177 2036 valeat

243 2056 513 2141 matrimonium,
535 2055 562 2125 si
584 2078 726 2147 persona
746 2056 851 2127 libera
872 2077 946 2127 oum
977 2078 1015 2129 ea
1048 2069 1178 2129 eontra·

242 2150 324 2221 bens
344 2152 431 2221 hano
450 2151 523 2221 eius
542 2151 780 2235 conditionem,
802 2151 861 2241 qui
881 2163 967 2222 statu
1004 2151 1089 2221 liber
1120 2154 1174 2238 sit,
1295 2175 1296 2190 ¹

244 2244 458 2334 ignoraverit.
479 2244 598 2328 Nobis,
627 2244 789 2335 quidquid
823 2245 879 2316 alii
908 2245 943 2315 in
972 2247 1175 2317 contrarium
1294 2281 1295 2310 t

245 2338 375 2427 opinari
396 2337 535 2426 possint,
557 2357 595 2406 ea
616 2341 725 2427 placet
744 2337 928 2421 distinctio,
949 2340 1038 2429 quod
1057 2361 1176 2431 nempe

243 2431 351 2500 valeat
368 2429 635 2515 matrimonium,
670 2432 698 2501 si
732 2433 819 2502 intra
847 2433 1013 2502 modicum
1045 2443 1174 2524 tempus
1253 2465 1257 2470 ’

243 2534 331 2592 statu
350 2522 436 2591 liber
454 2522 640 2593 libertatem
660 2538 752 2596 nerto
768 2527 811 2596 sit
841 2527 1076 2617 acquisiturus,
1099 2549 1173 2597 enm
1292 2521 1293 2550 ¹

243 2615 329 2685 liber
349 2617 390 2684 ab
411 2615 506 2686 initio
526 2618 646 2688 merito
664 2630 852 2709 reputetur;
870 2641 942 2692 non
963 2622 1069 2692 valeat
1084 2642 1171 2705 vero,
1194 2648 1199 2654 ’

244 2708 270 2776 si
292 2708 327 2777 in
347 2708 434 2778 diem
457 2709 620 2781 incertum
653 2712 790 2782 libertas
820 2715 1002 2798 debeatur,
1029 2717 1080 2784 vel
1112 2716 1172 2785 sub

243 2801 445 2888 conditione,
466 2825 552 2893 qnae
578 2817 845 2898 nonnumquam
871 2809 974 2899 possit
1005 2809 1169 2893 existere,

243 2896 371 2965 antdiu
393 2900 496 2986 possit
515 2919 650 2969 munere
671 2900 706 2969 in
723 2921 900 2992 suspenso,
923 2923 963 2973 eo
983 2905 1072 2994 quod
1088 2903 1172 2972 liber

243 2988 285 3057 ab
304 2989 563 3081 initio-reputari
584 3005 741 3083 nequeat.

289 3081 445 3154 Doctores
465 3084 652 3174 inquirunt,
676 3109 741 3177 quo
762 3088 836 3159 iure
853 3109 948 3159 error
974 3089 1170 3159 conditionis

241 3176 368 3246 servilis
389 3178 639 3248 matrimonium
660 3181 818 3251 dirimat?
838 3183 965 3267 Scotus,
981 3184 1104 3275 aliique
1124 3205 1171 3253 ar·
1197 3229 1200 3234 ι

241 3267 420 3354 bitrantur,
443 3284 586 3362 utroque
607 3273 682 3344 iure
700 3277 857 3361 naturali,
880 3288 914 3347 et
933 3277 1072 3368 positivo
1092 3276 1170 3346 diri·

242 3360 301 3444 mi,
317 3373 386 3432 turn
401 3365 478 3454 quia
493 3367 537 3436 ob
550 3366 687 3437 nimiam
701 3381 888 3440 contractus
901 3370 1168 3461 inaequalitatem

242 3473 383 3541 persona
403 3458 507 3530 libera
526 3482 593 3530 non
614 3476 768 3533 censetur
781 3464 984 3535 sufficienter
998 3466 1032 3535 in
1047 3484 1168 3536 serram
