2642 4175
410 354 455 399 nu
471 354 711 404 urnuumnnrrs
729 358 928 407 uaramomr
995 313 1000 321 ⁴
1024 349 1090 408 167

191 452 360 523 sationem
386 463 607 542 opportunam
628 463 754 545 petere,
777 468 954 549 autequam
968 458 1138 532 Matrimo-

184 541 247 616 nii
266 546 445 617 celebratio
464 546 669 637 perficiatur.
696 572 711 614 ι

231 704 301 757 Cave
318 721 351 756 ue
368 703 515 758 confundes
531 704 710 769 columnatum,
728 713 755 758 et
773 706 897 760 unionem
915 707 996 776 prolis
1015 724 1075 760 cum
1092 706 1140 760 ad·
1231 760 1234 769 ,χ

189 785 313 851 optione.
330 782 487 835 Aiumnatus
510 780 634 845 habetur,
657 798 719 834 cum
740 784 800 852 quis
811 800 924 852 puerum
936 785 1044 838 assumit
1060 785 1137 837 unice

189 877 227 912 eo
243 861 296 913 fine
313 867 342 912 ut
359 860 422 922 alat,
440 866 579 921 sustentet,
598 873 627 909 ac
646 859 778 912 instituat.
809 861 876 913 Unio
905 861 987 930 prolia
1013 870 1073 925 est,
1091 860 1137 913 ubi

189 936 320 1005 coniuges
336 935 497 989 conveniunt
523 935 624 1004 prolem
649 952 681 988 cx
699 936 833 1005 prioribus
862 938 964 1006 nuptiis
991 948 1137 1007 susceptum

188 1011 287 1064 eodem
304 1029 410 1081 prorsus
427 1010 585 1064 succedendi
603 1011 660 1063 iure
680 1012 840 1077 fruituram,
859 1029 912 1081 quo
930 1013 1035 1067 fruetur
1053 1013 1139 1082 proies

187 1089 391 1158 suscipiendae
419 1089 534 1158 nuptiis,
553 1086 620 1158 qua'e
650 1099 711 1142 actu
734 1090 939 1144 contrahuntur.
969 1089 1048 1144 ΝιιΙΙιι
1075 1090 1139 1144 huic

188 1167 298 1236 duplici
316 1167 384 1220 iacto
402 1165 584 1234 impedimenti
602 1166 642 1219 vie
659 1175 709 1219 est.

557 1440 562 1443 f
617 1406 709 1497 ιιι.

439 1576 484 1633 iic
508 1575 693 1645 cognatione
711 1575 884 1647 spirituali.

239 1754 401 1844 cognatio
415 1753 599 1846 spiritualis
614 1755 805 1826 coniunctio
820 1756 984 1846 quaedam
1002 1767 1062 1840 est,
1080 1776 1140 1827 seu

188 1849 548 1940 propinquitas,·quae
577 1849 787 1920 contrahitur
806 1849 934 1919 ratione
953 1849 1137 1939 baptismi,

190 1963 256 2013 seu
277 1943 553 2014 confirmationis.
574 1941 657 2014 Cum
676 1943 764 2012 enim
784 1943 975 2047 baptismus
985 1942 1030 2012 sit
1047 1942 1143 2033 spiri·

190 2036 296 2106 tualis
314 2038 477 2127 quaedam
496 2036 662 2147 nativitas,
683 2047 716 2107 et
730 2057 812 2106 nora
826 2033 1010 2126 generatio,
1026 2035 1141 2126 inqua

193 2131 369 2222 baptizans
389 2142 423 2201 et
439 2131 573 2221 patrini,
594 2152 654 2201 scu
671 2142 893 2219 susceptores,
904 2128 1006 2197 vIcem
1021 2141 1144 2216 gerunt

192 2236 386 2314 parentum,
405 2225 599 2295 indecorum
617 2225 727 2308 foret,
752 2234 790 2293 ut
789 2246 867 2331 ”qur
858 2221 1051 2329 baptizati·
1062 2232 1141 2312 sunt

193 2331 228 2388 et
253 2339 386 2390 esaero
405 2320 496 2389 fonte
518 2318 661 2409 suscepti
690 2338 766 2387 cum
787 2317 828 2387 iis
847 2313 1052 2386 matrimonii
1071 2315 1142 2384 rin·

193 2413 272 2482 uuio
294 2413 555 2504 copularentur,
578 2435 595 2483 a
628 2412 752 2504 quihus
771 2413 820 2481 rei
841 2408 998 2501 baptizati
1018 2408 1070 2480 vei
1087 2427 1143 2479 su-

195 2507 301 2597 saepti
321 2509 472 2576 fuerunt.
494 2507 605 2594 idem,
627 2518 753 2577 servata
773 2504 1007 2597 proportione,
1029 2503 1143 2574 dioen-

193 2601 274 2670 dum
296 2602 338 2670 de
366 2599 581 2671 sacramento
602 2599 897 2682 Confirmationis,
919 2619 1019 2689 quae
1034 2598 1142 2688 quod·

193 2694 270 2764 dam
286 2706 336 2764 est
348 2694 507 2786 Baptismi
524 2696 820 2786 complementum.
837 2693 881 2762 Ea
897 2693 998 2762 etiam
1013 2691 1142 2762 accedit

194 2788 306 2873 ratio,
329 2809 415 2878 quae
435 2800 618 2879 utrumque
640 2787 892 2858 Sacramentum
913 2785 1072 2876 respicit;
1095 2784 1141 2855 si-

195 2882 332 2992 quidem
355 2882 487 2952 ratione
506 2882 627 2951 horum
663 2881 952 2952 sacramentorum
974 2878 1141 2970 quoddam
1182 2963 1184 2967 Ι

194 2969 284 3046 inter
297 2996 464 3083 personas
486 2977 688 3047 memoratas
707 2974 873 3045 amicitiae
885 2995 925 3044 ac
937 2972 1142 3043 familiarita-

195 3069 237 3139 tis
273 3065 445 3139 vinculum
478 3069 700 3141 contrahitur
737 3068 968 3159 Opportunum
1000 3065 1143 3156 proinde

194 3162 259 3232 suit
278 3161 531 3235 matrimonium
565 3163 645 3253 ipsis
665 3164 876 3244 interdicere,
897 3171 968 3229 tum
987 3159 1027 3227 ad
1048 3178 1142 3227 arer-

197 3258 294 3326 ten'da
315 3269 529 3365 peecatorum
560 3257 732 3347 pericula,
754 3267 824 3325 tum
854 3253 955 3324 etiam
975 3250 1079 3342 quia,
1100 3271 1141 3322 eo

195 3362 270 3419 eum
303 3350 471 3421 extraneis
492 3362 686 3435 contracto,
710 3349 823 3420 amicit
825 3349 854 3419 ia
809 3345 1115 3420 tdiffuudatur
1106 3367 1141 3415 m

197 3437 319 3531 plures
337 3443 433 3515 Solos
449 3444 573 3535 quippe
588 3444 738 3535 patrinos
752 3441 910 3533 Baptismi
923 3441 1060 3547 antiqua
1074 3460 1142 3508 mo·

199 3551 357 3609 numenta
377 3550 634 3625 memorarunt;
657 3538 689 3607 id
712 3549 823 3608 tamen
844 3537 980 3618 iactum,
1003 3532 1080 3623 qnia
1102 3552 1141 3599 ex
