<?xml version="1.0" encoding="UTF-8"?>
<!DOCTYPE html PUBLIC "-//W3C//DTD XHTML 1.0 Transitional//EN"
    "http://www.w3.org/TR/xhtml1/DTD/xhtml1-transitional.dtd">
<html xmlns="http://www.w3.org/1999/xhtml" xml:lang="en" lang="en">
 <head>
  <title>
</title>
<meta http-equiv="Content-Type" content="text/html;charset=utf-8" />
  <meta name='ocr-system' content='tesseract 3.04.00' />
  <meta name='ocr-capabilities' content='ocr_page ocr_carea ocr_par ocr_line ocrx_word'/>
</head>
<body>
  <div class='ocr_page' id='page_1' title='image "./septimiimariaev00veccgoog_0291.png"; bbox 0 0 2642 4175; ppageno 0'>
   <div class='ocr_carea' id='block_1_1' title="bbox 356 373 1034 431">
    <p class='ocr_par' dir='ltr' id='par_1_1' title="bbox 356 373 1034 431">
     <span class='ocr_line' id='line_1_1' title="bbox 356 373 1034 431; baseline 0.012 -8"><span class='ocrx_word' id='word_1_1' title='bbox 356 381 400 424; x_wconf 82' lang='lat' dir='ltr'>nn</span> <span class='ocrx_word' id='word_1_2' title='bbox 419 380 656 426; x_wconf 79' lang='lat' dir='ltr'>rurunmnnms</span> <span class='ocrx_word' id='word_1_3' title='bbox 674 382 873 430; x_wconf 76' lang='lat' dir='ltr'>uarcruonn</span> <span class='ocrx_word' id='word_1_4' title='bbox 969 373 1034 431; x_wconf 81' lang='grc'><strong>267</strong></span> 
     </span>
    </p>
   </div>
   <div class='ocr_carea' id='block_1_2' title="bbox 140 475 1083 666">
    <p class='ocr_par' dir='ltr' id='par_1_2' title="bbox 140 475 1083 666">
     <span class='ocr_line' id='line_1_2' title="bbox 140 475 1083 568; baseline 0.008 -21"><span class='ocrx_word' id='word_1_5' title='bbox 140 475 247 548; x_wconf 82' lang='grc'><strong>661111</strong></span> <span class='ocrx_word' id='word_1_6' title='bbox 268 478 412 561; x_wconf 85' lang='lat' dir='ltr'>cnloco,</span> <span class='ocrx_word' id='word_1_7' title='bbox 434 478 467 546; x_wconf 91' lang='lat' dir='ltr'>in</span> <span class='ocrx_word' id='word_1_8' title='bbox 488 499 554 568; x_wconf 90' lang='lat' dir='ltr'>qno</span> <span class='ocrx_word' id='word_1_9' title='bbox 572 479 631 568; x_wconf 89' lang='lat' dir='ltr'>qui</span> <span class='ocrx_word' id='word_1_10' title='bbox 651 500 784 550; x_wconf 89' lang='lat' dir='ltr'>carcere</span> <span class='ocrx_word' id='word_1_11' title='bbox 816 481 1005 568; x_wconf 78' lang='lat' dir='ltr'>detinetur,</span> <span class='ocrx_word' id='word_1_12' title='bbox 1022 485 1083 555; x_wconf 92' lang='lat' dir='ltr'>do·</span> 
     </span>
     <span class='ocr_line' id='line_1_3' title="bbox 141 571 1080 666; baseline 0.01 -27"><span class='ocrx_word' id='word_1_13' title='bbox 141 571 306 640; x_wconf 91' lang='lat' dir='ltr'>micilium</span> <span class='ocrx_word' id='word_1_14' title='bbox 324 571 436 640; x_wconf 88' lang='lat' dir='ltr'>habet.</span> <span class='ocrx_word' id='word_1_15' title='bbox 457 571 592 642; x_wconf 87' lang='lat' dir='ltr'>Puellae</span> <span class='ocrx_word' id='word_1_16' title='bbox 612 594 689 642; x_wconf 87' lang='lat' dir='ltr'>vero</span> <span class='ocrx_word' id='word_1_17' title='bbox 719 594 805 664; x_wconf 88' lang='lat' dir='ltr'>quae</span> <span class='ocrx_word' id='word_1_18' title='bbox 828 577 879 645; x_wconf 83' lang='lat' dir='ltr'>vel</span> <span class='ocrx_word' id='word_1_19' title='bbox 910 578 1080 666; x_wconf 77' lang='lat' dir='ltr'><strong>expositae</strong></span> 
     </span>
    </p>
   </div>
   <div class='ocr_carea' id='block_1_3' title="bbox 143 664 1083 3556">
    <p class='ocr_par' dir='ltr' id='par_1_3' title="bbox 143 664 1083 3556">
     <span class='ocr_line' id='line_1_4' title="bbox 144 664 1081 758; baseline 0.009 -24"><span class='ocrx_word' id='word_1_20' title='bbox 144 665 179 734; x_wconf 91' lang='lat' dir='ltr'>in</span> <span class='ocrx_word' id='word_1_21' title='bbox 200 664 479 755; x_wconf 77' lang='lat' dir='ltr'>brephotrophio,</span> <span class='ocrx_word' id='word_1_22' title='bbox 501 666 551 734; x_wconf 89' lang='grc'>161</span> <span class='ocrx_word' id='word_1_23' title='bbox 571 666 707 736; x_wconf 78' lang='lat' dir='ltr'>orbatae</span> <span class='ocrx_word' id='word_1_24' title='bbox 727 669 920 758; x_wconf 84' lang='lat' dir='ltr'>parentibus</span> <span class='ocrx_word' id='word_1_25' title='bbox 953 672 987 739; x_wconf 93' lang='lat' dir='ltr'>in</span> <span class='ocrx_word' id='word_1_26' title='bbox 1021 670 1081 741; x_wconf 90' lang='lat' dir='ltr'>Or·</span> 
     </span>
     <span class='ocr_line' id='line_1_5' title="bbox 143 758 1081 853; baseline 0.009 -28"><span class='ocrx_word' id='word_1_27' title='bbox 143 758 392 847; x_wconf 91' lang='lat' dir='ltr'>pbanotrophio</span> <span class='ocrx_word' id='word_1_28' title='bbox 412 761 549 847; x_wconf 80' lang='lat' dir='ltr'>degunt,</span> <span class='ocrx_word' id='word_1_29' title='bbox 569 779 606 828; x_wconf 85' lang='lat' dir='ltr'>ex</span> <span class='ocrx_word' id='word_1_30' title='bbox 627 761 717 828; x_wconf 85' lang='lat' dir='ltr'>decr.</span> <span class='ocrx_word' id='word_1_31' title='bbox 740 760 773 829; x_wconf 90' lang='lat' dir='ltr'>S.</span> <span class='ocrx_word' id='word_1_32' title='bbox 796 762 885 831; x_wconf 74' lang='grc'><strong>(1.6.</strong></span> <span class='ocrx_word' id='word_1_33' title='bbox 910 761 955 831; x_wconf 64' lang='lat' dir='ltr'>hh</span> <span class='ocrx_word' id='word_1_34' title='bbox 981 766 1081 853; x_wconf 81' lang='lat' dir='ltr'>Apri·</span> 
     </span>
     <span class='ocr_line' id='line_1_6' title="bbox 147 850 1081 946; baseline 0.01 -28"><span class='ocrx_word' id='word_1_35' title='bbox 147 850 188 920; x_wconf 91' lang='lat' dir='ltr'>lis</span> <span class='ocrx_word' id='word_1_36' title='bbox 208 850 297 920; x_wconf 85' lang='grc'><strong>1651</strong></span> <span class='ocrx_word' id='word_1_37' title='bbox 322 852 513 941; x_wconf 80' lang='lat' dir='ltr'>coniugium</span> <span class='ocrx_word' id='word_1_38' title='bbox 538 852 624 921; x_wconf 89' lang='lat' dir='ltr'>inire</span> <span class='ocrx_word' id='word_1_39' title='bbox 644 853 768 924; x_wconf 90' lang='lat' dir='ltr'>debent</span> <span class='ocrx_word' id='word_1_40' title='bbox 788 875 899 923; x_wconf 90' lang='lat' dir='ltr'>coram</span> <span class='ocrx_word' id='word_1_41' title='bbox 923 857 1081 946; x_wconf 80' lang='lat' dir='ltr'>parocho,</span> 
     </span>
     <span class='ocr_line' id='line_1_7' title="bbox 143 945 1080 1035; baseline 0.007 -22"><span class='ocrx_word' id='word_1_42' title='bbox 143 945 240 1016; x_wconf 88' lang='lat' dir='ltr'>cuius</span> <span class='ocrx_word' id='word_1_43' title='bbox 259 946 432 1035; x_wconf 77' lang='lat' dir='ltr'>paroeciae</span> <span class='ocrx_word' id='word_1_44' title='bbox 456 945 637 1035; x_wconf 86' lang='lat' dir='ltr'>hospitium</span> <span class='ocrx_word' id='word_1_45' title='bbox 656 948 787 1027; x_wconf 90' lang='lat' dir='ltr'>subest,</span> <span class='ocrx_word' id='word_1_46' title='bbox 807 968 874 1017; x_wconf 89' lang='lat' dir='ltr'>non</span> <span class='ocrx_word' id='word_1_47' title='bbox 894 962 1004 1019; x_wconf 90' lang='lat' dir='ltr'>autem</span> <span class='ocrx_word' id='word_1_48' title='bbox 1025 971 1080 1020; x_wconf 93' lang='lat' dir='ltr'>co·</span> 
     </span>
     <span class='ocr_line' id='line_1_8' title="bbox 144 1038 1079 1132; baseline 0.003 -24"><span class='ocrx_word' id='word_1_49' title='bbox 144 1058 214 1108; x_wconf 91' lang='lat' dir='ltr'>ram</span> <span class='ocrx_word' id='word_1_50' title='bbox 234 1038 300 1107; x_wconf 88' lang='lat' dir='ltr'>loci</span> <span class='ocrx_word' id='word_1_51' title='bbox 326 1039 509 1128; x_wconf 92' lang='lat' dir='ltr'>capellano,</span> <span class='ocrx_word' id='word_1_52' title='bbox 537 1039 615 1109; x_wconf 91' lang='lat' dir='ltr'>licet</span> <span class='ocrx_word' id='word_1_53' title='bbox 645 1041 673 1110; x_wconf 87' lang='lat' dir='ltr'>is</span> <span class='ocrx_word' id='word_1_54' title='bbox 703 1040 966 1110; x_wconf 90' lang='lat' dir='ltr'>iurisdictionem</span> <span class='ocrx_word' id='word_1_55' title='bbox 985 1045 1079 1132; x_wconf 82' lang='lat' dir='ltr'>quasi</span> 
     </span>
     <span class='ocr_line' id='line_1_9' title="bbox 143 1131 1079 1224; baseline 0.005 -24"><span class='ocrx_word' id='word_1_56' title='bbox 143 1131 370 1221; x_wconf 84' lang='lat' dir='ltr'>parochialem</span> <span class='ocrx_word' id='word_1_57' title='bbox 393 1144 555 1203; x_wconf 86' lang='lat' dir='ltr'>exerceat.</span> <span class='ocrx_word' id='word_1_58' title='bbox 572 1132 651 1202; x_wconf 86' lang='lat' dir='ltr'>Vide</span> <span class='ocrx_word' id='word_1_59' title='bbox 670 1132 705 1202; x_wconf 88' lang='lat' dir='ltr'>S.</span> <span class='ocrx_word' id='word_1_60' title='bbox 725 1135 761 1216; x_wconf 67' lang='lat' dir='ltr'>C,</span> <span class='ocrx_word' id='word_1_61' title='bbox 778 1134 815 1203; x_wconf 86' lang='lat' dir='ltr'>C.</span> <span class='ocrx_word' id='word_1_62' title='bbox 831 1131 875 1200; x_wconf 86' lang='grc'>17</span> <span class='ocrx_word' id='word_1_63' title='bbox 894 1133 1079 1224; x_wconf 88' lang='lat' dir='ltr'>Septembr.</span> 
     </span>
     <span class='ocr_line' id='line_1_10' title="bbox 144 1223 1080 1317; baseline 0.007 -25"><span class='ocrx_word' id='word_1_64' title='bbox 144 1223 235 1294; x_wconf 75' lang='lat' dir='ltr'>tata</span> <span class='ocrx_word' id='word_1_65' title='bbox 258 1236 291 1295; x_wconf 91' lang='lat' dir='ltr'>et</span> <span class='ocrx_word' id='word_1_66' title='bbox 308 1223 353 1291; x_wconf 70' lang='lat' dir='ltr'>aa</span> <span class='ocrx_word' id='word_1_67' title='bbox 370 1223 546 1295; x_wconf 87' lang='lat' dir='ltr'>Novembr.</span> <span class='ocrx_word' id='word_1_68' title='bbox 562 1223 667 1295; x_wconf 83' lang='grc'><strong>1856.</strong></span> <span class='ocrx_word' id='word_1_69' title='bbox 685 1227 841 1307; x_wconf 84' lang='lat' dir='ltr'>Quisnam</span> <span class='ocrx_word' id='word_1_70' title='bbox 858 1227 935 1317; x_wconf 81' lang='lat' dir='ltr'>eligi</span> <span class='ocrx_word' id='word_1_71' title='bbox 950 1228 1080 1312; x_wconf 92' lang='lat' dir='ltr'>debeat,</span> 
     </span>
     <span class='ocr_line' id='line_1_11' title="bbox 146 1318 1082 1409; baseline 0.006 -22"><span class='ocrx_word' id='word_1_72' title='bbox 146 1340 211 1409; x_wconf 90' lang='lat' dir='ltr'>quo</span> <span class='ocrx_word' id='word_1_73' title='bbox 231 1331 424 1409; x_wconf 83' lang='lat' dir='ltr'>praesente,</span> <span class='ocrx_word' id='word_1_74' title='bbox 458 1318 669 1390; x_wconf 89' lang='lat' dir='ltr'>matrimonia</span> <span class='ocrx_word' id='word_1_75' title='bbox 690 1321 723 1389; x_wconf 93' lang='lat' dir='ltr'>in</span> <span class='ocrx_word' id='word_1_76' title='bbox 744 1322 943 1391; x_wconf 89' lang='lat' dir='ltr'>nosocomiis</span> <span class='ocrx_word' id='word_1_77' title='bbox 972 1343 1010 1392; x_wconf 90' lang='lat' dir='ltr'>ac</span> <span class='ocrx_word' id='word_1_78' title='bbox 1028 1345 1082 1393; x_wconf 83' lang='lat' dir='ltr'>xe·</span> 
     </span>
     <span class='ocr_line' id='line_1_12' title="bbox 144 1411 1082 1503; baseline 0.006 -22"><span class='ocrx_word' id='word_1_79' title='bbox 144 1411 331 1494; x_wconf 91' lang='lat' dir='ltr'>nodochiis,</span> <span class='ocrx_word' id='word_1_80' title='bbox 355 1426 496 1501; x_wconf 78' lang='lat' dir='ltr'>urgente</span> <span class='ocrx_word' id='word_1_81' title='bbox 523 1413 741 1498; x_wconf 85' lang='lat' dir='ltr'>necessitate,</span> <span class='ocrx_word' id='word_1_82' title='bbox 764 1415 850 1484; x_wconf 92' lang='lat' dir='ltr'>etin</span> <span class='ocrx_word' id='word_1_83' title='bbox 874 1415 965 1503; x_wconf 81' lang='lat' dir='ltr'>gravi</span> <span class='ocrx_word' id='word_1_84' title='bbox 999 1416 1082 1487; x_wconf 83' lang='lat' dir='ltr'>ritae</span> 
     </span>
     <span class='ocr_line' id='line_1_13' title="bbox 148 1505 1081 1596; baseline 0.006 -23"><span class='ocrx_word' id='word_1_85' title='bbox 148 1505 342 1575; x_wconf 84' lang='lat' dir='ltr'>discrimine</span> <span class='ocrx_word' id='word_1_86' title='bbox 367 1517 593 1596; x_wconf 82' lang='lat' dir='ltr'>peragantur,</span> <span class='ocrx_word' id='word_1_87' title='bbox 618 1508 652 1575; x_wconf 90' lang='lat' dir='ltr'>in</span> <span class='ocrx_word' id='word_1_88' title='bbox 673 1506 900 1596; x_wconf 86' lang='lat' dir='ltr'>quaestionem</span> <span class='ocrx_word' id='word_1_89' title='bbox 932 1521 1081 1579; x_wconf 87' lang='lat' dir='ltr'>vocatum</span> 
     </span>
     <span class='ocr_line' id='line_1_14' title="bbox 147 1598 1081 1691; baseline 0.006 -24"><span class='ocrx_word' id='word_1_90' title='bbox 147 1611 204 1680; x_wconf 92' lang='lat' dir='ltr'>est,</span> <span class='ocrx_word' id='word_1_91' title='bbox 224 1599 270 1668; x_wconf 92' lang='lat' dir='ltr'>ita</span> <span class='ocrx_word' id='word_1_92' title='bbox 292 1599 426 1688; x_wconf 89' lang='lat' dir='ltr'>quidem</span> <span class='ocrx_word' id='word_1_93' title='bbox 449 1612 486 1668; x_wconf 94' lang='lat' dir='ltr'>ut</span> <span class='ocrx_word' id='word_1_94' title='bbox 516 1598 713 1671; x_wconf 83' lang='lat' dir='ltr'>Benedictus</span> <span class='ocrx_word' id='word_1_95' title='bbox 745 1601 812 1669; x_wconf 88' lang='lat' dir='ltr'>Xlll</span> <span class='ocrx_word' id='word_1_96' title='bbox 847 1603 979 1691; x_wconf 90' lang='lat' dir='ltr'>quando</span> <span class='ocrx_word' id='word_1_97' title='bbox 1011 1618 1081 1673; x_wconf 87' lang='lat' dir='ltr'>erat</span> 
     </span>
     <span class='ocr_line' id='line_1_15' title="bbox 144 1688 1080 1785; baseline 0.007 -26"><span class='ocrx_word' id='word_1_98' title='bbox 144 1692 422 1782; x_wconf 79' lang='lat' dir='ltr'>Archiepiscopus</span> <span class='ocrx_word' id='word_1_99' title='bbox 441 1693 483 1761; x_wconf 90' lang='lat' dir='ltr'>de</span> <span class='ocrx_word' id='word_1_100' title='bbox 503 1713 580 1761; x_wconf 91' lang='lat' dir='ltr'>casu</span> <span class='ocrx_word' id='word_1_101' title='bbox 597 1692 788 1763; x_wconf 91' lang='lat' dir='ltr'>huiusmodi</span> <span class='ocrx_word' id='word_1_102' title='bbox 804 1696 935 1785; x_wconf 89' lang='lat' dir='ltr'>quoties</span> <span class='ocrx_word' id='word_1_103' title='bbox 955 1688 1080 1767; x_wconf 83' lang='lat' dir='ltr'>coritiu-</span> 
     </span>
     <span class='ocr_line' id='line_1_16' title="bbox 143 1785 1077 1874; baseline 0.004 -20"><span class='ocrx_word' id='word_1_104' title='bbox 143 1798 250 1874; x_wconf 82' lang='lat' dir='ltr'>geret,</span> <span class='ocrx_word' id='word_1_105' title='bbox 273 1785 363 1855; x_wconf 87' lang='lat' dir='ltr'>illico</span> <span class='ocrx_word' id='word_1_106' title='bbox 384 1785 507 1854; x_wconf 85' lang='lat' dir='ltr'>certior</span> <span class='ocrx_word' id='word_1_107' title='bbox 536 1786 629 1855; x_wconf 88' lang='lat' dir='ltr'>reddi</span> <span class='ocrx_word' id='word_1_108' title='bbox 660 1787 814 1871; x_wconf 81' lang='lat' dir='ltr'>voluerit,</span> <span class='ocrx_word' id='word_1_109' title='bbox 838 1801 875 1857; x_wconf 90' lang='lat' dir='ltr'>ut</span> <span class='ocrx_word' id='word_1_110' title='bbox 905 1799 1077 1873; x_wconf 87' lang='lat' dir='ltr'>statueret,</span> 
     </span>
     <span class='ocr_line' id='line_1_17' title="bbox 144 1879 1082 1968; baseline 0.003 -20"><span class='ocrx_word' id='word_1_111' title='bbox 144 1899 255 1948; x_wconf 88' lang='lat' dir='ltr'>coram</span> <span class='ocrx_word' id='word_1_112' title='bbox 274 1899 340 1968; x_wconf 91' lang='lat' dir='ltr'>quo</span> <span class='ocrx_word' id='word_1_113' title='bbox 357 1880 491 1947; x_wconf 91' lang='lat' dir='ltr'>demum</span> <span class='ocrx_word' id='word_1_114' title='bbox 508 1879 743 1950; x_wconf 91' lang='lat' dir='ltr'>celebrandum</span> <span class='ocrx_word' id='word_1_115' title='bbox 766 1881 1015 1952; x_wconf 87' lang='lat' dir='ltr'>matrimonium</span> <span class='ocrx_word' id='word_1_116' title='bbox 1034 1884 1050 1951; x_wconf 88' lang='grc'>1</span> <span class='ocrx_word' id='word_1_117' title='bbox 1070 1923 1082 1935; x_wconf 91' lang='lat'><strong>·</strong></span> 
     </span>
     <span class='ocr_line' id='line_1_18' title="bbox 146 1972 1083 2063; baseline 0.004 -23"><span class='ocrx_word' id='word_1_118' title='bbox 146 1984 209 2042; x_wconf 89' lang='lat' dir='ltr'>ret.</span> <span class='ocrx_word' id='word_1_119' title='bbox 233 1972 327 2052; x_wconf 83' lang='lat' dir='ltr'>Quod</span> <span class='ocrx_word' id='word_1_120' title='bbox 343 1972 407 2040; x_wconf 91' lang='lat' dir='ltr'>iam</span> <span class='ocrx_word' id='word_1_121' title='bbox 421 1973 460 2041; x_wconf 93' lang='lat' dir='ltr'>ad</span> <span class='ocrx_word' id='word_1_122' title='bbox 482 1972 624 2042; x_wconf 91' lang='lat' dir='ltr'>militum</span> <span class='ocrx_word' id='word_1_123' title='bbox 646 1972 828 2063; x_wconf 90' lang='lat' dir='ltr'>parochum</span> <span class='ocrx_word' id='word_1_124' title='bbox 844 1986 980 2063; x_wconf 88' lang='lat' dir='ltr'>spectat,</span> <span class='ocrx_word' id='word_1_125' title='bbox 997 1978 1083 2044; x_wconf 89' lang='lat' dir='ltr'>mul·</span> 
     </span>
     <span class='ocr_line' id='line_1_19' title="bbox 147 2066 1083 2156; baseline 0.002 -20"><span class='ocrx_word' id='word_1_126' title='bbox 147 2077 177 2136; x_wconf 87' lang='lat' dir='ltr'>ta</span> <span class='ocrx_word' id='word_1_127' title='bbox 197 2066 283 2136; x_wconf 89' lang='lat' dir='ltr'>olim</span> <span class='ocrx_word' id='word_1_128' title='bbox 305 2066 496 2150; x_wconf 90' lang='lat' dir='ltr'>dictasunt,</span> <span class='ocrx_word' id='word_1_129' title='bbox 525 2069 683 2155; x_wconf 87' lang='lat' dir='ltr'>varieque</span> <span class='ocrx_word' id='word_1_130' title='bbox 703 2066 881 2156; x_wconf 89' lang='lat' dir='ltr'>disputata.</span> <span class='ocrx_word' id='word_1_131' title='bbox 913 2068 953 2136; x_wconf 83' lang='lat' dir='ltr'>dt</span> <span class='ocrx_word' id='word_1_132' title='bbox 972 2069 1083 2138; x_wconf 87' lang='lat' dir='ltr'>nullus</span> 
     </span>
     <span class='ocr_line' id='line_1_20' title="bbox 146 2158 1083 2249; baseline 0.001 -21"><span class='ocrx_word' id='word_1_133' title='bbox 146 2158 212 2229; x_wconf 90' lang='lat' dir='ltr'>iam</span> <span class='ocrx_word' id='word_1_134' title='bbox 235 2160 408 2229; x_wconf 91' lang='lat' dir='ltr'>dubitandi</span> <span class='ocrx_word' id='word_1_135' title='bbox 435 2161 528 2229; x_wconf 89' lang='lat' dir='ltr'>locus</span> <span class='ocrx_word' id='word_1_136' title='bbox 547 2158 762 2248; x_wconf 85' lang='lat' dir='ltr'>relinquitur,</span> <span class='ocrx_word' id='word_1_137' title='bbox 782 2160 863 2249; x_wconf 90' lang='lat' dir='ltr'>quin</span> <span class='ocrx_word' id='word_1_138' title='bbox 884 2160 1005 2229; x_wconf 89' lang='lat' dir='ltr'>milites</span> <span class='ocrx_word' id='word_1_139' title='bbox 1024 2160 1083 2230; x_wconf 92' lang='lat' dir='ltr'>ha·</span> 
     </span>
     <span class='ocr_line' id='line_1_21' title="bbox 145 2252 1082 2344; baseline 0.003 -23"><span class='ocrx_word' id='word_1_140' title='bbox 145 2252 246 2323; x_wconf 91' lang='lat' dir='ltr'>beant</span> <span class='ocrx_word' id='word_1_141' title='bbox 264 2253 358 2344; x_wconf 90' lang='lat' dir='ltr'>quasi</span> <span class='ocrx_word' id='word_1_142' title='bbox 380 2253 585 2322; x_wconf 88' lang='lat' dir='ltr'>domicilium</span> <span class='ocrx_word' id='word_1_143' title='bbox 607 2253 642 2321; x_wconf 88' lang='lat' dir='ltr'>in</span> <span class='ocrx_word' id='word_1_144' title='bbox 662 2252 831 2344; x_wconf 91' lang='lat' dir='ltr'>parochia,</span> <span class='ocrx_word' id='word_1_145' title='bbox 854 2254 916 2323; x_wconf 91' lang='lat' dir='ltr'>sub</span> <span class='ocrx_word' id='word_1_146' title='bbox 936 2274 1001 2342; x_wconf 92' lang='lat' dir='ltr'>qua</span> <span class='ocrx_word' id='word_1_147' title='bbox 1026 2255 1082 2324; x_wconf 89' lang='lat' dir='ltr'>de·</span> 
     </span>
     <span class='ocr_line' id='line_1_22' title="bbox 146 2346 1079 2437; baseline 0.004 -24"><span class='ocrx_word' id='word_1_148' title='bbox 146 2359 241 2435; x_wconf 84' lang='lat' dir='ltr'>gunt,</span> <span class='ocrx_word' id='word_1_149' title='bbox 264 2349 343 2416; x_wconf 94' lang='lat' dir='ltr'>dum</span> <span class='ocrx_word' id='word_1_150' title='bbox 365 2359 442 2415; x_wconf 90' lang='lat' dir='ltr'>sunt</span> <span class='ocrx_word' id='word_1_151' title='bbox 466 2347 499 2415; x_wconf 95' lang='lat' dir='ltr'>in</span> <span class='ocrx_word' id='word_1_152' title='bbox 528 2347 714 2437; x_wconf 88' lang='lat' dir='ltr'>praesidiis,</span> <span class='ocrx_word' id='word_1_153' title='bbox 743 2349 793 2418; x_wconf 87' lang='lat' dir='ltr'>vel</span> <span class='ocrx_word' id='word_1_154' title='bbox 813 2348 846 2416; x_wconf 94' lang='lat' dir='ltr'>in</span> <span class='ocrx_word' id='word_1_155' title='bbox 869 2346 1079 2431; x_wconf 86' lang='lat' dir='ltr'>stationibus,</span> 
     </span>
     <span class='ocr_line' id='line_1_23' title="bbox 144 2440 1076 2532; baseline 0.004 -26"><span class='ocrx_word' id='word_1_156' title='bbox 144 2441 191 2509; x_wconf 85' lang='lat' dir='ltr'>vel</span> <span class='ocrx_word' id='word_1_157' title='bbox 209 2441 244 2509; x_wconf 93' lang='lat' dir='ltr'>in</span> <span class='ocrx_word' id='word_1_158' title='bbox 266 2440 395 2521; x_wconf 89' lang='lat' dir='ltr'>castris,</span> <span class='ocrx_word' id='word_1_159' title='bbox 418 2460 484 2509; x_wconf 92' lang='lat' dir='ltr'>non</span> <span class='ocrx_word' id='word_1_160' title='bbox 504 2461 583 2510; x_wconf 90' lang='lat' dir='ltr'>vero</span> <span class='ocrx_word' id='word_1_161' title='bbox 604 2441 682 2509; x_wconf 91' lang='lat' dir='ltr'>dum</span> <span class='ocrx_word' id='word_1_162' title='bbox 709 2440 837 2510; x_wconf 90' lang='lat' dir='ltr'>suntin</span> <span class='ocrx_word' id='word_1_163' title='bbox 858 2440 1076 2532; x_wconf 84' lang='lat' dir='ltr'>expeditione.</span> 
     </span>
     <span class='ocr_line' id='line_1_24' title="bbox 144 2531 1080 2623; baseline 0.005 -23"><span class='ocrx_word' id='word_1_164' title='bbox 144 2531 220 2604; x_wconf 86' lang='lat' dir='ltr'>lide</span> <span class='ocrx_word' id='word_1_165' title='bbox 236 2533 362 2603; x_wconf 89' lang='lat' dir='ltr'>Bened.</span> <span class='ocrx_word' id='word_1_166' title='bbox 381 2533 447 2602; x_wconf 87' lang='lat' dir='ltr'>Xlll</span> <span class='ocrx_word' id='word_1_167' title='bbox 470 2533 552 2602; x_wconf 91' lang='lat' dir='ltr'>lnst.</span> <span class='ocrx_word' id='word_1_168' title='bbox 572 2531 629 2617; x_wconf 81' lang='lat'>88,</span> <span class='ocrx_word' id='word_1_169' title='bbox 647 2556 681 2603; x_wconf 92' lang='lat' dir='ltr'>n.</span> <span class='ocrx_word' id='word_1_170' title='bbox 699 2533 733 2603; x_wconf 90' lang='grc'>9.</span> <span class='ocrx_word' id='word_1_171' title='bbox 756 2534 828 2603; x_wconf 93' lang='lat' dir='ltr'>lluc</span> <span class='ocrx_word' id='word_1_172' title='bbox 848 2545 973 2623; x_wconf 90' lang='lat' dir='ltr'>spectat</span> <span class='ocrx_word' id='word_1_173' title='bbox 990 2555 1080 2605; x_wconf 89' lang='lat' dir='ltr'>reso·</span> 
     </span>
     <span class='ocr_line' id='line_1_25' title="bbox 143 2625 1077 2698; baseline 0.004 -4"><span class='ocrx_word' id='word_1_174' title='bbox 143 2626 225 2697; x_wconf 94' lang='lat' dir='ltr'>lutio</span> <span class='ocrx_word' id='word_1_175' title='bbox 246 2626 279 2696; x_wconf 86' lang='lat' dir='ltr'>S.</span> <span class='ocrx_word' id='word_1_176' title='bbox 300 2627 336 2696; x_wconf 86' lang='lat' dir='ltr'>C.</span> <span class='ocrx_word' id='word_1_177' title='bbox 358 2627 394 2696; x_wconf 83' lang='lat' dir='ltr'>C.</span> <span class='ocrx_word' id='word_1_178' title='bbox 417 2625 795 2698; x_wconf 80' lang='grc'><strong>(11661161111169161</strong></span> <span class='ocrx_word' id='word_1_179' title='bbox 817 2627 861 2697; x_wconf 74' lang='lat'>29</span> <span class='ocrx_word' id='word_1_180' title='bbox 882 2629 951 2698; x_wconf 92' lang='lat' dir='ltr'>lan.</span> <span class='ocrx_word' id='word_1_181' title='bbox 969 2626 1077 2698; x_wconf 84' lang='grc'><strong>1767.</strong></span> 
     </span>
     <span class='ocr_line' id='line_1_26' title="bbox 146 2718 1080 2812; baseline 0.006 -26"><span class='ocrx_word' id='word_1_182' title='bbox 146 2718 329 2810; x_wconf 90' lang='lat' dir='ltr'>Propositis</span> <span class='ocrx_word' id='word_1_183' title='bbox 349 2740 494 2810; x_wconf 89' lang='lat' dir='ltr'>namque</span> <span class='ocrx_word' id='word_1_184' title='bbox 514 2721 641 2790; x_wconf 90' lang='lat' dir='ltr'>dubiis:</span> <span class='ocrx_word' id='word_1_185' title='bbox 667 2724 750 2790; x_wconf 87' lang='lat' dir='ltr'>‹lln</span> <span class='ocrx_word' id='word_1_186' title='bbox 775 2723 943 2812; x_wconf 88' lang='lat' dir='ltr'>Capellani</span> <span class='ocrx_word' id='word_1_187' title='bbox 970 2724 1080 2792; x_wconf 87' lang='lat' dir='ltr'>cuius·</span> 
     </span>
     <span class='ocr_line' id='line_1_27' title="bbox 145 2815 1081 2904; baseline 0.004 -23"><span class='ocrx_word' id='word_1_188' title='bbox 145 2830 288 2904; x_wconf 85' lang='lat' dir='ltr'>cumque</span> <span class='ocrx_word' id='word_1_189' title='bbox 308 2815 494 2896; x_wconf 85' lang='lat' dir='ltr'>exereitus,</span> <span class='ocrx_word' id='word_1_190' title='bbox 521 2815 588 2884; x_wconf 86' lang='lat' dir='ltr'>sive</span> <span class='ocrx_word' id='word_1_191' title='bbox 619 2816 790 2903; x_wconf 77' lang='lat' dir='ltr'>regulares</span> <span class='ocrx_word' id='word_1_192' title='bbox 822 2815 889 2884; x_wconf 83' lang='lat' dir='ltr'>sire</span> <span class='ocrx_word' id='word_1_193' title='bbox 915 2817 1081 2886; x_wconf 87' lang='lat' dir='ltr'>seculares</span> 
     </span>
     <span class='ocr_line' id='line_1_28' title="bbox 145 2905 1080 2996; baseline 0.001 -21"><span class='ocrx_word' id='word_1_194' title='bbox 145 2905 324 2990; x_wconf 86' lang='lat' dir='ltr'>Catholici,</span> <span class='ocrx_word' id='word_1_195' title='bbox 355 2908 482 2996; x_wconf 90' lang='lat' dir='ltr'>possint</span> <span class='ocrx_word' id='word_1_196' title='bbox 513 2906 550 2974; x_wconf 71' lang='lat'>2⁰</span> <span class='ocrx_word' id='word_1_197' title='bbox 571 2961 578 2976; x_wconf 91' lang='lat'><strong>.</strong></span> <span class='ocrx_word' id='word_1_198' title='bbox 602 2958 639 2976; x_wconf 88' lang='lat'>..</span> <span class='ocrx_word' id='word_1_199' title='bbox 673 2908 826 2977; x_wconf 84' lang='lat' dir='ltr'>assistere</span> <span class='ocrx_word' id='word_1_200' title='bbox 861 2908 1080 2978; x_wconf 87' lang='lat' dir='ltr'>matrimoniis</span> 
     </span>
     <span class='ocr_line' id='line_1_29' title="bbox 145 3000 1080 3090; baseline 0.002 -22"><span class='ocrx_word' id='word_1_201' title='bbox 145 3000 288 3072; x_wconf 88' lang='lat' dir='ltr'>militum</span> <span class='ocrx_word' id='word_1_202' title='bbox 303 3001 543 3090; x_wconf 87' lang='lat' dir='ltr'>cuiuscumque</span> <span class='ocrx_word' id='word_1_203' title='bbox 557 3000 703 3088; x_wconf 86' lang='lat' dir='ltr'>nationis</span> <span class='ocrx_word' id='word_1_204' title='bbox 720 3000 912 3087; x_wconf 78' lang='lat' dir='ltr'>degentium</span> <span class='ocrx_word' id='word_1_205' title='bbox 935 3001 968 3069; x_wconf 93' lang='lat' dir='ltr'>in</span> <span class='ocrx_word' id='word_1_206' title='bbox 987 3022 1080 3090; x_wconf 88' lang='lat' dir='ltr'>prae-</span> 
     </span>
     <span class='ocr_line' id='line_1_30' title="bbox 144 3092 1080 3178; baseline 0.001 -16"><span class='ocrx_word' id='word_1_207' title='bbox 144 3092 247 3178; x_wconf 91' lang='lat' dir='ltr'>sidiis,</span> <span class='ocrx_word' id='word_1_208' title='bbox 266 3115 342 3163; x_wconf 90' lang='lat' dir='ltr'>cum</span> <span class='ocrx_word' id='word_1_209' title='bbox 364 3094 563 3163; x_wconf 89' lang='lat' dir='ltr'>militaribus</span> <span class='ocrx_word' id='word_1_210' title='bbox 584 3094 728 3177; x_wconf 85' lang='lat' dir='ltr'>seminis,</span> <span class='ocrx_word' id='word_1_211' title='bbox 751 3092 822 3162; x_wconf 89' lang='lat' dir='ltr'>sine</span> <span class='ocrx_word' id='word_1_212' title='bbox 841 3092 927 3161; x_wconf 89' lang='lat' dir='ltr'>dicta</span> <span class='ocrx_word' id='word_1_213' title='bbox 941 3093 1080 3163; x_wconf 81' lang='lat' dir='ltr'>faculta-</span> 
     </span>
     <span class='ocr_line' id='line_1_31' title="bbox 145 3184 1080 3278; baseline -0.001 -23"><span class='ocrx_word' id='word_1_214' title='bbox 145 3198 176 3256; x_wconf 88' lang='lat' dir='ltr'>te</span> <span class='ocrx_word' id='word_1_215' title='bbox 196 3188 390 3278; x_wconf 88' lang='lat' dir='ltr'>apostolica,</span> <span class='ocrx_word' id='word_1_216' title='bbox 410 3199 442 3258; x_wconf 92' lang='grc'>61</span> <span class='ocrx_word' id='word_1_217' title='bbox 458 3188 677 3278; x_wconf 89' lang='lat' dir='ltr'>praecedente</span> <span class='ocrx_word' id='word_1_218' title='bbox 691 3185 887 3276; x_wconf 82' lang='lat' dir='ltr'>probatione</span> <span class='ocrx_word' id='word_1_219' title='bbox 905 3184 1000 3254; x_wconf 89' lang='lat' dir='ltr'>liberi</span> <span class='ocrx_word' id='word_1_220' title='bbox 1014 3197 1080 3254; x_wconf 90' lang='lat' dir='ltr'>sta-</span> 
     </span>
     <span class='ocr_line' id='line_1_32' title="bbox 145 3277 1080 3370; baseline 0.001 -22"><span class='ocrx_word' id='word_1_221' title='bbox 145 3291 208 3364; x_wconf 88' lang='lat' dir='ltr'>tus,</span> <span class='ocrx_word' id='word_1_222' title='bbox 231 3281 373 3370; x_wconf 85' lang='lat' dir='ltr'>eiusque</span> <span class='ocrx_word' id='word_1_223' title='bbox 393 3281 622 3370; x_wconf 80' lang='lat' dir='ltr'>recognitione</span> <span class='ocrx_word' id='word_1_224' title='bbox 642 3301 752 3350; x_wconf 90' lang='lat' dir='ltr'>coram</span> <span class='ocrx_word' id='word_1_225' title='bbox 770 3277 944 3349; x_wconf 88' lang='lat' dir='ltr'>Ordinario</span> <span class='ocrx_word' id='word_1_226' title='bbox 964 3277 1027 3348; x_wconf 90' lang='lat' dir='ltr'>loci</span> <span class='ocrx_word' id='word_1_227' title='bbox 1048 3290 1080 3349; x_wconf 86' lang='lat' dir='ltr'>et</span> 
     </span>
     <span class='ocr_line' id='line_1_33' title="bbox 146 3369 1081 3465; baseline 0 -25"><span class='ocrx_word' id='word_1_228' title='bbox 146 3371 278 3443; x_wconf 86' lang='lat' dir='ltr'>licentia</span> <span class='ocrx_word' id='word_1_229' title='bbox 301 3374 450 3463; x_wconf 91' lang='lat' dir='ltr'>parochi,</span> <span class='ocrx_word' id='word_1_230' title='bbox 473 3375 535 3444; x_wconf 92' lang='lat' dir='ltr'>sub</span> <span class='ocrx_word' id='word_1_231' title='bbox 554 3373 648 3443; x_wconf 87' lang='lat' dir='ltr'>cuius</span> <span class='ocrx_word' id='word_1_232' title='bbox 667 3373 823 3465; x_wconf 89' lang='lat' dir='ltr'>parocbia</span> <span class='ocrx_word' id='word_1_233' title='bbox 844 3372 1027 3442; x_wconf 75' lang='lat' dir='ltr'>maneant?</span> <span class='ocrx_word' id='word_1_234' title='bbox 1043 3369 1081 3440; x_wconf 80' lang='lat'>3⁰</span> 
     </span>
     <span class='ocr_line' id='line_1_34' title="bbox 143 3464 1081 3556; baseline -0.001 -22"><span class='ocrx_word' id='word_1_235' title='bbox 143 3468 190 3536; x_wconf 80' lang='lat' dir='ltr'>dn</span> <span class='ocrx_word' id='word_1_236' title='bbox 211 3467 396 3537; x_wconf 89' lang='lat' dir='ltr'>idemcum</span> <span class='ocrx_word' id='word_1_237' title='bbox 426 3468 587 3537; x_wconf 88' lang='lat' dir='ltr'>militibus</span> <span class='ocrx_word' id='word_1_238' title='bbox 618 3468 815 3556; x_wconf 84' lang='lat' dir='ltr'>degentibus</span> <span class='ocrx_word' id='word_1_239' title='bbox 850 3466 882 3536; x_wconf 91' lang='lat' dir='ltr'>in</span> <span class='ocrx_word' id='word_1_240' title='bbox 912 3464 1029 3537; x_wconf 90' lang='lat' dir='ltr'>castris</span> <span class='ocrx_word' id='word_1_241' title='bbox 1048 3478 1081 3533; x_wconf 91' lang='lat' dir='ltr'>et</span> 
     </span>
    </p>
   </div>
   <div class='ocr_carea' id='block_1_4' title="bbox 34 3556 1080 3652">
    <p class='ocr_par' dir='ltr' id='par_1_4' title="bbox 34 3556 1080 3652">
     <span class='ocr_line' id='line_1_35' title="bbox 34 3556 1080 3652; baseline -0.006 -24"><span class='ocrx_word' id='word_1_242' title='bbox 34 3566 35 3621; x_wconf 79' lang='grc' dir='ltr'>ξ</span> <span class='ocrx_word' id='word_1_243' title='bbox 143 3556 343 3631; x_wconf 90' lang='lat' dir='ltr'>stationibus</span> <span class='ocrx_word' id='word_1_244' title='bbox 361 3561 518 3652; x_wconf 76' lang='lat' dir='ltr'>hybernis</span> <span class='ocrx_word' id='word_1_245' title='bbox 536 3563 584 3631; x_wconf 92' lang='grc'>161</span> <span class='ocrx_word' id='word_1_246' title='bbox 599 3561 751 3631; x_wconf 73' lang='lat' dir='ltr'>aestivis?</span> <span class='ocrx_word' id='word_1_247' title='bbox 769 3560 807 3630; x_wconf 80' lang='lat' dir='ltr'>ll⁰</span> <span class='ocrx_word' id='word_1_248' title='bbox 825 3562 873 3630; x_wconf 78' lang='lat' dir='ltr'>An</span> <span class='ocrx_word' id='word_1_249' title='bbox 895 3560 982 3631; x_wconf 89' lang='lat' dir='ltr'>idem</span> <span class='ocrx_word' id='word_1_250' title='bbox 1003 3577 1080 3625; x_wconf 89' lang='lat' dir='ltr'>cnm</span> 
     </span>
    </p>
   </div>
   <div class='ocr_carea' id='block_1_5' title="bbox 0 0 1329 4175">
    <p class='ocr_par' dir='ltr' id='par_1_5' title="bbox 0 0 1329 4175">
     <span class='ocr_line' id='line_1_36' title="bbox 0 0 1329 4175; baseline 0 0"><span class='ocrx_word' id='word_1_251' title='bbox 0 0 1329 4175; x_wconf 95' lang='lat' dir='ltr'> </span> 
     </span>
    </p>
   </div>
  </div>
 </body>
</html>
