2642 4175
349 388 394 439 nn
412 386 691 437 annumeramus
706 392 906 439 utramonu
979 381 1046 439 421

157 489 292 558 animae
310 500 343 558 et
357 489 563 596 epirituaiem
580 491 711 559 ruinam
733 493 907 576 evitemus,
928 493 1096 582 integrum

160 583 309 672 profecto
328 583 393 651 erit
412 584 454 652 ob
473 604 545 652 eam
560 604 693 655 oausam
708 607 724 654 a
741 598 813 655 toro
831 599 864 656 et
877 587 1096 657 cohabitatio·

165 697 207 745 ne
220 677 400 760 recedere
423 690 467 759 et,
495 678 594 749 invita
614 692 719 767 parte,
737 681 933 768 religionem
949 680 1093 769 ingredi

161 770 202 837 tl.
226 763 286 839 Est
304 770 488 877 periculum
512 785 589 840 tum
599 774 759 861 corporis,
780 788 851 842 tum
869 775 1000 857 ternae,
1022 784 1094 843 turn

162 862 313 947 honoris;
334 885 400 933 non
421 864 509 933 enirn
530 866 650 934 coniux
670 868 802 955 coniugi
824 868 968 937 maritali
990 868 1096 937 socie·

160 968 229 1026 tate
249 957 332 1026 adeo
351 958 521 1028 devinctus
549 971 621 1043 est,
645 972 683 1028 ut
701 971 847 1050 nequeat
863 981 993 1047 gravem
1015 982 1095 1030 suae

160 1051 246 1120 vitat
267 1063 301 1121 et
320 1053 484 1120 honoris
475 1064 636 1121 iacturum
657 1054 838 1123 declinare.
874 1056 958 1123 Hine
977 1055 1096 1122 coniux

157 1160 261 1213 sanus
280 1146 402 1233 poterit
426 1147 467 1214 ab
487 1166 526 1215 eo
550 1148 710 1236 seperari,
734 1149 804 1237 qui·
819 1149 910 1238 lepra
947 1161 1006 1216 aut
1029 1148 1094 1217 elio

161 1238 352 1327 contagioso
368 1240 484 1309 morbo
502 1241 643 1310 laboret.
664 1240 717 1308 Sic
735 1242 835 1310 etiam
856 1263 940 1310 uxor
957 1242 1095 1315 divorte·

161 1348 196 1399 ro
216 1334 339 1421 poterit
360 1352 376 1400 a
396 1335 528 1418 marito,
552 1334 578 1402 si
598 1334 844 1403 hieietrooinia
865 1349 1034 1417 exerceat,
1051 1354 1093 1404 ne

156 1438 330 1533 tamquam
351 1427 528 1496 eriminum
549 1429 714 1535 particeps
741 1429 915 1499 habeatur.
948 1428 1007 1497 ΙΙΙ.
1038 1427 1095 1498 Est

155 1520 292 1587 saevitia
307 1532 364 1588 aut
381 1521 475 1589 furor
493 1521 656 1628 coniugis,
672 1524 699 1591 ei
717 1544 770 1592 ex
784 1544 835 1610 gr
858 1524 999 1593 maritus
1014 1543 1093 1591 uxo·

157 1630 229 1681 rem
250 1635 344 1682 suam
358 1615 502 1703 capitali,
524 1630 561 1685 ut
575 1617 680 1701 aiunt,
702 1617 778 1685 odio
801 1629 1093 1707 prosequetnr‚e·

159 1706 280 1796 iusque
295 1708 381 1777 vitae
409 1709 511 1792 ferro,
536 1730 676 1793 veneno,
698 1723 755 1778 aut
775 1712 849 1780 aliis
873 1712 980 1780 modis
1000 1722 1095 1799 paret

156 1801 307 1884 insidias,
325 1804 376 1870 vel
397 1818 469 1870 eam
490 1804 625 1891 indigne
646 1816 680 1873 et
700 1804 929 1875 inhumaniter
958 1805 1090 1874 hebent.

155 1894 239 1962 tun
261 1895 351 1963 enim
372 1897 492 1964 mulier
514 1916 580 1965 non
601 1898 664 1966 vile
682 1898 793 1965 mariti
815 1899 1018 1987 mancipium
1035 1899 1091 1980 sit,

154 1989 463 2073 santonensem,
484 2004 666 2078 rarumque
693 1992 915 2059 humanarum
948 2003 981 2060 et
1012 1992 1094 2058 divi·

157 2101 277 2152 narum
296 2083 398 2166 socia,
420 2104 565 2173 eumque
584 2085 635 2153 ius
654 2084 859 2153 defensionis
879 2093 993 2153 contra
1028 2084 1093 2153 vim

157 2176 296 2248 alterins
312 2177 673 2266 iniustamnniouique
692 2197 886 2247 concessum
906 2178 961 2260 sit,
985 2178 1094 2246 divor-

155 2270 242 2338 tium
269 2271 428 2358 effugium
462 2291 534 2350 eoae
565 2289 784 2341 aerumnosae
814 2272 977 2341 eiusmodi
1008 2272 1094 2341 vitae
1159 2271 1164 2280 ’

156 2364 311 2433 dubitare
331 2383 429 2433 nemo
455 2372 575 2454 potest.
612 2364 663 2434 tv.
688 2366 839 2456 Denique
875 2379 924 2434 est
954 2367 1093 2435 molesta

155 2457 358 2526 cohabitatio
380 2472 517 2548 propter
534 2459 668 2547 iurgia,
703 2460 857 2550 rixasque
887 2463 1090 2549 trequentes,

156 2567 244 2642 quae
262 2550 421 2619 indomita
439 2552 539 2621 unius
558 2554 711 2642 coniugis
734 2554 946 2645 improbitate
965 2555 1096 2624 soleant

156 2644 312 2714 excitari:
334 2645 500 2752 siquidem
521 2668 559 2714 ex
579 2648 717 2718 molesta
748 2647 938 2718 huiusmodi
958 2648 1094 2717 cottabi·

154 2739 282 2809 tatione
302 2739 386 2808 alter
404 2741 526 2808 ooniux
540 2741 582 2809 de
596 2741 703 2810 sainte
722 2744 858 2833 animae
872 2756 905 2812 et
924 2742 1101 2811 incolumi--

155 2833 224 2901 tate
242 2834 395 2922 eorporis
409 2833 628 2939 perimitatur

207 2924 381 3015 Separatio
403 2938 513 2995 autem
533 2926 712 3013 onningun
745 2909 941 2997 auctoritate
972 2869 1093 2997 iudicis

153 3021 378 3112 rompeteutia
398 3021 604 3090 decernenda
626 3032 688 3088 est
720 3020 805 3090 Hine
830 3023 956 3111 priuata
971 3035 1094 3090 auoto-

154 3113 254 3181 ritate
289 3115 453 3183 divertere
482 3114 665 3194 eontinet,
696 3113 761 3182 nisi
789 3116 974 3204 perieulum
995 3114 1092 3184 sitin

157 3217 262 3288 mara,
284 3218 317 3278 et
334 3210 454 3277 ooniux
475 3227 535 3275 sun
553 3208 720 3276 arbitratu
737 3209 903 3278 divertens
926 3208 966 3275 ad
995 3208 1093 3277 enha-

148 3299 329 3370 otiandum
351 3301 504 3390 compelli
524 3301 656 3390 poterit.
690 3299 744 3369 oh
761 3302 962 3370 adulterium
978 3313 1091 3371 tamen

157 3393 204 3462 ies
220 3407 270 3464 est
289 3396 423 3483 o'oniugi
441 3395 622 3478 innocenti,
645 3394 717 3464 sine
737 3395 858 3466 indicis
878 3395 1087 3481 auctoritate,

149 3501 228 3574 >sene
248 3490 293 3558 ab
309 3488 448 3558 alterius
466 3499 540 3558 toro
561 3505 728 3579 separare.
805 3499 807 3510 “
