2642 4175
259 380 326 437 tta
577 388 738 436 nrrrnnm
753 388 774 431 1.

212 504 301 560 sunt.
323 488 424 559 Cuius
446 486 534 557 enim
555 500 606 557 cst
634 486 743 573 legem
763 484 930 576 condere,
951 485 1023 554 eius
1043 485 1145 553 etiam

213 595 274 666 est,
298 603 370 655 cam
392 583 538 651 solvere·
552 580 616 650 Lex
633 590 697 647 art.
720 574 764 647 68
778 578 861 647 haec
877 579 993 649 habet:
1008 577 1079 655 vcit
1095 599 1142 660 re,

210 678 342 766 qmndo
367 696 562 749 concurram
584 673 680 763 proni
712 672 838 754 modici,
856 676 924 761 pao
958 674 1148 762 ἀὼρεπςανε

212 771 307 858 dopli
325 769 549 860 impedimenti
571 762 710 836 indicdti
732 767 787 833 nei
812 767 947 834 nnmeri
964 765 986 833 d
1005 789 1022 835 e
1040 762 1063 833 3
1080 765 1147 832 dei·

214 864 303 932 t'crt.
320 862 365 932 59
387 864 465 953 (hoc
478 874 527 932 est
547 861 580 929 in
598 858 835 948 impedimento
851 857 1145 949 consanguinitatis

216 957 304 1026 inter
322 958 461 1026 fratrem
474 967 507 1024 et
518 955 629 1023 fratris
641 952 743 1021 filiam
758 953 808 1021 rel
819 973 978 1035 sororem,
991 965 1025 1023 et
1036 950 1148 1020 fratris

140 1122 145 1131 ,
215 1051 334 1132 fitium,
357 1062 391 1120 et
407 1048 578 1118 affinitatis
596 1048 629 1116 in
647 1046 757 1136 primo
770 1045 892 1134 gradu,
912 1048 1019 1119 lineae
1039 1057 1147 1121 nans·

215 1143 379 1233 versatis).
406 1142 479 1212 Pet
494 1141 596 1210 enode
613 1142 801 1229 dispensare
825 1140 906 1208 octt'
919 1141 1149 1229 impedimento

213 1237 354 1317 dett'etd,
371 1238 411 1305 ed
422 1230 608 1305 ommettere
625 1233 661 1302 cl
672 1233 881 1307 matrimonio
902 1234 1019 1302 l’oomo
1032 1234 1089 1301 cite
1104 1234 1149 1301 ito

213 1332 375 1421 compicto
393 1331 443 1419 pli
457 1330 541 1398 onai
556 1327 614 1410 tt,
636 1349 652 1396 c
672 1327 706 1394 lo
724 1329 834 1395 mnne
854 1327 910 1395 ohe
926 1329 970 1395 ito
987 1328 1149 1417 necopino

214 1424 264 1510 pli
277 1426 360 1494 enni
377 1423 457 1491 tt.»
474 1423 547 1490 Art.
563 1419 607 1489 78
622 1420 757 1489 dieitur:
775 1419 899 1488 «Rrec
915 1420 944 1489 ie
962 1423 1110 1490 antoritd
1128 1444 1151 1489 o

214 1518 263 1585 eid
278 1517 420 1605 delepote
428 1537 565 1605 possonc
576 1536 637 1604 per
654 1515 751 1602 proci
767 1516 882 1582 motivo'
900 1515 1089 1604 disponere
1106 1515 1151 1582 dn

215 1631 284 1678 nno
297 1610 381 1678 delle
391 1609 645 1698 pnbblieazionc'.
654 1660 661 1673 .
670 1657 693 1674 ..
714 1607 786 1675 Pet
801 1608 903 1676 anche
914 1610 1007 1677 oenir
1024 1629 1151 1676 conces-

215 1724 253 1770 so
261 1724 322 1791 per
337 1724 430 1771 conse
448 1702 644 1790 pronissime
664 1700 698 1769 lo
714 1700 874 1789 dispensa
891 1702 928 1769 di
952 1702 1108 1769 ombedne
1122 1702 1153 1769 le

211 1796 511 1884 ptcbblicnoioni....
533 1818 547 1859 ›
570 1793 723 1875 Quamvis
743 1815 819 1862 vero
834 1795 885 1862 tex
912 1795 953 1863 de
973 1795 1066 1863 omni
1086 1795 1150 1862 alia

216 1889 358 1958 cuiusvis
372 1889 504 1979 generis
524 1887 770 1977 dispensatione
786 1887 874 1956 haud
894 1889 1064 1976 loquatur,
1082 1909 1149 1955 non

218 1983 295 2053 iuda
323 1994 432 2052 tamen
462 1982 577 2050 inferri
597 1981 718 2060 debet,
734 1980 857 2068 Regem
877 1982 1032 2050 facultate
1052 1981 1146 2049 desti·

217 2077 266 2146 tui
289 2076 551 2167 dispensationes
578 2073 769 2144 huiusmodi
795 2075 1028 2159 concedendi,
1051 2075 1150 2143 adeo·

217 2192 284 2260 que
303 2171 453 2244 subditos
479 2169 619 2258 nequire
652 2169 693 2236 ad
722 2189 797 2237 eum
819 2189 994 2238 recurrere
1019 2190 1080 2257 pro
1101 2169 1151 2236 di-

218 2264 483 2354 spensationibus
503 2262 692 2333 obtinendis
709 2262 818 2350 quoad
838 2263 891 2330 illa
914 2262 1150 2352 impedimenta

217 2358 291 2445 lege
311 2359 397 2427 civili
417 2351 551 2439 statuta,
572 2376 658 2445 quae
674 2377 691 2423 a
707 2355 781 2423 iure
799 2356 954 2439 naturali,
969 2368 1027 2424 aut
1039 2356 1152 2424 divino

219 2472 324 2541 aeque
345 2451 530 2520 simulnan
550 2446 822 2539 proficiscantur,
844 2470 882 2517 ac
897 2450 1073 2535 prodeant.
1095 2450 1153 2519 Et·

218 2546 307 2613 enim
328 2546 439 2634 plures
459 2541 641 2632 iurisperiti
663 2542 867 2612 arbitrantur
884 2542 1030 2631 Principi
1049 2544 1086 2611 in
1098 2565 1152 2612 re·

219 2636 293 2724 gnis
313 2638 425 2718 etiam,
449 2636 505 2705 ubi
524 2656 562 2703 ex
581 2636 686 2704 forma
705 2648 848 2724 recepta,
869 2636 940 2705 eius
953 2638 1018 2705 non
1039 2638 1152 2728 estle-

219 2750 277 2817 ges
296 2730 395 2812 ferre,
417 2739 611 2817 potestatem
631 2728 740 2799 inesse
763 2729 972 2819 dispensandi
994 2730 1083 2799 ultra
1100 2751 1152 2798 ca·

219 2844 346 2913 suspen
358 2823 466 2911 legem
486 2819 668 2911 expressas,
688 2835 756 2891 tum
777 2823 855 2912 quia
875 2824 963 2892 aliud
979 2834 1040 2907 est,
1061 2824 1152 2913 quod

202 2918 273 2993 ,lex
303 2937 370 2985 non
391 2916 511 2994 dixerit
529 2916 715 3005 Principem
742 2916 1035 3005 dispensaturum,
1058 2918 1152 2985 aliud

221 3011 310 3100 quod
328 3010 445 3079 dixerit
464 3030 529 3078 non
549 3010 839 3097 dispensaturum,
858 3020 930 3079 tum
950 3009 1054 3099 quia,
1074 3010 1153 3096 licet

219 3104 272 3172 tex
287 3103 443 3185 dixisset,
462 3103 648 3192 Principem
670 3122 735 3171 non
765 3103 1030 3191 dispensaturum
1050 3157 1059 3187 ,
1083 3124 1151 3173 non

221 3197 298 3266 inde
318 3197 493 3287 sequitur,
515 3217 590 3264 eum
610 3195 820 3284 dispensandi
841 3208 1036 3285 potestatem
1070 3196 1153 3265 ami·

221 3290 315 3360 sisse.
339 3290 418 3359 Vide
437 3291 478 3358 de
497 3288 636 3358 Hatteau
654 3288 809 3380 d’Origuy
834 3292 874 3359 de
893 3286 982 3381 l’dtat
1003 3290 1078 3360 civil
1098 3290 1147 3359 tit.

223 3380 256 3466 7,
277 3384 293 3471 5
312 3384 343 3461 i,
364 3405 398 3451 n.
422 3380 455 3467 7,
478 3404 510 3472 p.
533 3380 601 3451 tta
619 3382 683 3474 (t).

258 3513 296 3578 (t)
316 3536 327 3558 «
341 3513 368 3565 Si
387 3513 411 3563 ia
435 3513 469 3564 toi
487 3528 501 3563 a
519 3512 623 3580 spteide
641 3513 688 3576 (ait
705 3521 797 3564 auctor
818 3514 877 3583 hic)
896 3489 1002 3577 redeas,
1022 3532 1087 3583 pour
1103 3514 1154 3565 tes·

222 3587 296 3654 quoin
315 3588 352 3639 ies
368 3586 499 3654 dispenses
522 3589 673 3656 pourraient
693 3590 748 3641 dtre
766 3589 918 3643 domandees
940 3608 974 3643 nu
993 3591 1101 3654 Prinne,
1118 3604 1152 3640 on
