2642 4175
334 383 377 428 nn
395 381 633 428 mouumnnmo
649 382 847 431 mnumonn
942 373 1007 432 233

133 481 200 552 nius
222 479 332 550 affinio
358 479 400 550 ab
431 479 537 552 altero
556 479 660 550 affini.
682 481 820 552 Nomina
848 482 1054 556 diversorum

133 574 281 659 affinium,
297 586 332 645 et
343 575 508 665 quomodo
521 575 621 646 arbor
634 574 825 652 affinitatem
844 577 1051 666 conficiatur,

133 681 274 740 rumores
292 668 413 759 poesim
433 667 591 738 indicant.

172 761 232 833 Pro
250 760 484 852 dignoscendis
502 760 661 850 graditur
686 761 857 836 affinitatis
885 762 968 836 haec
999 786 1053 837 re·

133 857 199 943 gula
218 857 372 928 traditur:
394 869 497 945 quoto
517 856 623 944 gradu
641 876 784 946 perrona
806 857 976 947 quaelibet
1000 871 1052 930 oet

133 949 367 1039 consanguinea
387 949 458 1021 viro
478 949 714 1037 cognoscenti,
735 950 854 1022 eodem
877 952 983 1038 gradu
1015 954 1052 1024 tit

134 1042 229 1112 affinis
248 1043 383 1113 mulieri
398 1043 566 1132 cognitae,
589 1042 691 1133 idque
708 1043 742 1111 in
763 1041 851 1112 linea
883 1056 972 1118 reeta
1002 1047 1052 1116 rel

133 1134 266 1225 obliqua.
288 1136 374 1208 Hinc
392 1148 498 1206 mater
518 1148 551 1206 et
567 1136 634 1208 filia
656 1135 790 1208 mulieri
820 1135 946 1208 eisdem
973 1158 1053 1208 con·

133 1229 321 1317 sanguineae
343 1230 376 1298 in
395 1228 503 1319 primo
521 1230 628 1318 gradu
645 1229 754 1302 lineae
778 1241 900 1308 rectae,
933 1227 1051 1300 eodem

133 1323 223 1408 gradu
240 1322 274 1393 in
293 1322 382 1393 linea
398 1324 488 1392 recta
505 1322 590 1393 liunt
608 1322 725 1394 affines
738 1323 821 1396 riro:
838 1343 946 1407 soror,
964 1345 1050 1414 quae

134 1414 251 1485 mulieri
277 1429 327 1487 cst
346 1415 594 1505 consanguinea
623 1416 788 1505 inprime
817 1417 923 1505 gradu
943 1417 1052 1490 lineae

134 1506 284 1599 obliquae,
304 1511 423 1584 eodem
443 1510 548 1599 gradu
568 1509 602 1578 iu
623 1509 711 1582 linea
731 1509 867 1599 oblique
886 1509 924 1580 fit
943 1510 1052 1586 affluis

134 1599 203 1685 viro,
224 1615 255 1674 et
273 1603 322 1674 eic
342 1604 383 1672 de
401 1602 552 1674 caeteris.
573 1600 807 1692 Opportunum
822 1605 921 1674 modo
937 1615 998 1687 ert,
1016 1619 1054 1677 ut

137 1690 330 1783 inquiramus
360 1696 402 1767 ad
421 1717 520 1786 quom
540 1717 646 1785 arque
661 1696 802 1784 gradum
834 1697 1053 1787 impedimen·
1100 1763 1108 1770 .

39 1819 40 1824 =
137 1794 197 1855 tum
213 1790 373 1862 dirimens
393 1789 563 1858 allinitatis
583 1790 792 1860 extendetur.
818 1789 895 1864 lure
914 1791 1053 1882 antiquo

139 1882 375 1953 matrimonium
392 1882 481 1952 inter
504 1881 620 1952 affines
650 1881 892 1971 prohibebatur
923 1896 956 1956 et
974 1885 1051 1955 irri-

39 2001 40 2004 ¹
139 1971 252 2044 tabatur
264 1997 371 2067 usque
388 1977 434 2046 ad
444 1976 621 2065 septimum
640 1976 793 2064 gradum,
812 1987 845 2046 et
860 1976 924 2050 boc
952 1976 1051 2049 habe

115 2071 118 2078 '
138 2061 184 2135 bat
199 2069 315 2155 locum,
337 2069 405 2140 sive
423 2069 567 2141 affinitas
585 2068 732 2139 oriretur
751 2089 790 2137 ex
809 2069 928 2158 copula
946 2069 1048 2153 licite,

75 2211 78 2216 .
139 2156 194 2229 rire
212 2162 336 2234 illicita.
368 2165 409 2233 tt
427 2165 467 2233 de
487 2162 560 2234 iure
578 2161 770 2245 recentiori,
790 2182 862 2245 reu,
882 2173 918 2231 ut
934 2162 1053 2233 melius

134 2248 276 2341 dicamus,
298 2260 342 2328 de
363 2257 436 2325 iure
457 2256 579 2338 medio,
600 2254 745 2327 affinitas
771 2275 809 2323 en
825 2255 941 2344 copula
962 2254 1052 2327 licite

133 2340 189 2416 sire
213 2348 323 2420 illicite
356 2369 556 2441 promanans
582 2348 832 2420 matrimonium
859 2347 987 2419 dirimit
1010 2351 1050 2418 ad

133 2453 270 2523 quartum
302 2465 413 2533 usque
441 2444 582 2530 gradum
614 2440 792 2517 inclusive:
829 2440 1050 2515 ‹Probrbtue

133 2533 254 2618 copulae
282 2537 468 2626 coniugalis
489 2537 529 2606 ed
550 2548 706 2626 quartum
737 2536 877 2625 gradum
906 2535 947 2605 de
975 2557 1051 2611 cae·

134 2630 194 2695 leto
208 2649 271 2698 non
289 2632 443 2713 excedat,
466 2633 624 2720 quoniam
645 2629 679 2698 in
699 2630 914 2703 ulterioribus
939 2630 1051 2718 gradi·

134 2710 186 2784 bus
203 2721 264 2791 ium
279 2745 346 2794 non
367 2734 476 2813 potest
494 2723 619 2813 absque
639 2723 731 2811 grati
746 2723 921 2814 dispendio
938 2723 1050 2799 huiua-

133 2810 208 2880 noui
225 2817 403 2902 probibitio
423 2818 625 2905 generaliter
643 2817 847 2889 observari.»
873 2818 922 2891 lto
946 2829 1048 2891 etatu-

133 2907 192 2971 lam
207 2920 280 2979 ceta
302 2910 450 2981 Concilio
469 2910 579 2981 Later.
594 2908 643 2993 lV,
666 2930 742 2981 can.
755 2907 811 2992 30,
825 2932 892 3000 quo
908 2910 1049 3000 impodi-

122 3010 263 3069 neutum
278 3002 377 3088 istud,
390 3004 668 3093 quemadmodum
686 3002 959 3092 impedimentum
974 3024 1050 3079 oon·
1117 3032 1119 3036 ’

133 3091 361 3180 sanguinitatis,
384 3096 481 3169 latins
501 3109 598 3167 antea
625 3106 742 3185 petens
769 3096 951 3187 coercitum
983 3109 1045 3179 eet,

133 3179 210 3255 nullu
228 3186 310 3259 facto
328 3189 520 3261 discrimine
540 3189 627 3261 iuter
645 3189 797 3278 copulem
816 3187 940 3259 licitum
959 3199 993 3261 et
1013 3189 1049 3257 il·
1174 3184 1177 3189 ’

132 3264 264 3362 licitam,
288 3303 374 3372 quae
398 3303 531 3372 semper
558 3280 808 3353 matrimonium
828 3282 869 3355 ad
889 3292 1045 3370 quartum

133 3377 224 3472 utque
241 3376 379 3461 madum
400 3376 558 3447 inclusive
577 3374 720 3447 dirimit.
746 3373 866 3449 Verum
892 3373 965 3445 iure
987 3394 1048 3445 no·

133 3469 247 3561 trumo
264 3466 415 3540 indutum
435 3483 486 3540 eat
503 3468 591 3540 iuter
610 3481 787 3558 utramque
805 3468 959 3559 copulam
981 3466 1048 3539 dis·

133 3563 254 3641 lumem
275 3560 438 3651 siquidem
459 3561 601 3633 affinitas
620 3584 659 3633 ex
678 3563 795 3652 copula
814 3560 903 3633 licito
917 3581 1048 3651 promo·
