2642 4175
196 387 198 394 '
285 369 327 425 60
631 377 734 424 CAPUT
752 378 774 421 1.

237 479 343 551 teneri
362 491 531 567 praestare
545 476 678 557 damna,
699 474 727 542 si
748 495 813 564 qua
834 493 910 563 pars
924 474 1081 544 innocens
1095 497 1170 564 pas

237 594 271 642 sa
296 582 359 641 est.
380 571 420 639 ΙΙ.
443 568 686 640 Matrimonium
720 567 768 636 sic
800 579 1003 638 contractum
1023 568 1168 638 validum

236 685 322 749 esae;
343 664 461 734 lortius
475 662 563 733 enim
584 674 634 731 cst
651 661 818 731 vinculum
832 660 1048 750 matrimonii,
1067 682 1167 752 quam

236 757 452 847 sponsalium.
484 781 500 824 r
521 756 554 825 Si
574 755 696 846 aliquis
715 754 814 823 alicui
846 753 978 824 mulieri
997 755 1095 824 fidem
1118 756 1166 824 le·

235 851 321 920 ecrit
338 850 511 941 pactionis,
533 850 579 920 ait
599 848 631 917 S.
654 852 793 937 August.
811 847 843 915 iu
858 869 930 937 cap.
948 848 964 915 Ι
982 848 1024 917 de
1038 847 1165 939 Sponsa

236 945 347 1025 duor„
370 965 435 1014 non
457 944 556 1013 debet
574 942 671 1011 aliam
689 943 812 1010 ducere
828 963 837 1024 ;
859 942 887 1010 si
905 942 1003 1012 aliam
1022 943 1164 1027 duxerit,

123 1062 126 1069 ·
235 1038 470 1127 poenitentiam
487 1031 697 1123 debatagere
715 1035 755 1104 dc
775 1034 840 1104 fide
861 1036 1010 1104 mentita:
1031 1049 1164 1106 maneat

170 1195 172 1210 ,
236 1144 345 1219 tamen
378 1151 452 1200 cum
473 1130 528 1198 illa
554 1150 653 1218 quarn
674 1129 789 1213 duxit,
811 1149 877 1197 nou
913 1130 1001 1198 enim
1023 1129 1166 1198 rescindi

235 1225 333 1295 debet
353 1238 478 1294 tantum
499 1222 761 1291 Sacramentum.
789 1245 804 1287 a
829 1222 884 1290 ΙΙΙ,
902 1221 1015 1293 Priora
1035 1243 1168 1312 sponsa·

235 1317 279 1385 lia
301 1317 372 1407 ipso
386 1318 460 1386 iure
479 1315 624 1399 dissolri,
646 1336 709 1384 nce
728 1314 870 1405 amplius
889 1316 1038 1405 obligare
1050 1318 1166 1387 saltem

234 1423 389 1498 respectu
402 1409 507 1500 partis
527 1408 723 1491 innocentis,
745 1409 798 1477 oui
816 1410 865 1478 las
884 1411 992 1480 estad
1013 1410 1075 1480 alia
1092 1423 1164 1480 rota

235 1502 397 1587 transire,
420 1516 491 1573 tum
513 1503 590 1593 quia
616 1503 782 1591 frangenti
803 1502 902 1571 fidem
940 1504 1022 1574 tides
1055 1504 1164 1593 frangi

236 1607 355 1685 potest,
377 1597 412 1664 L.
434 1596 646 1667 Convnnnnrr
667 1597 701 1664 ll.
723 1616 783 1685 pro
803 1596 914 1678 socio,
933 1598 968 1665 L.
989 1596 1162 1667 Pnoaonns

234 1692 309 1759 cod.
329 1691 370 1759 de
388 1691 516 1780 pactis,
539 1703 609 1760 tum
629 1691 707 1781 quia
736 1689 984 1759 matrimonium
1004 1712 1080 1760 cum
1098 1692 1164 1761 alia

233 1783 434 1854 contrahens
453 1784 597 1853 ostendit
612 1801 648 1853 se
669 1782 772 1873 priori
792 1785 975 1853 contractui
994 1784 1164 1854 renuntia-

232 1897 284 1945 re.
296 1877 416 1947 Varum
435 1878 468 1946 iu
486 1878 726 1947 dubitationem
742 1876 842 1956 uenit,
860 1898 902 1947 an
915 1879 1079 1968 sponsalia
1097 1878 1166 1948 dis·

232 1972 412 2050 solvantur,
431 1973 509 2041 dum
524 1972 609 2041 alter
621 1970 870 2040 matrimonium
889 1973 1066 2054 contrabit,
1081 1973 1167 2041 alter

232 2084 310 2134 vero
330 2065 489 2156 innuptus
505 2076 627 2148 manet,
643 2085 706 2136 nce
721 2064 787 2134 iuri
808 2086 868 2136 suo
886 2065 1072 2137 renuntiati
1085 2064 1166 2137 Pro-

233 2157 377 2229 babilius
389 2161 519 2230 videtur
533 2158 768 2249 obligationem
781 2161 998 2249 sponsalium,
1019 2172 1165 2251 exparte

205 2252 316 2336 'eius,
338 2253 395 2343 qui
410 2265 523 2324 eontra
545 2253 693 2342 ipsorum
708 2253 807 2321 tidem
823 2254 955 2343 nuptias
976 2254 1081 2335 inivit,
1096 2274 1164 2323 non

232 2347 364 2434 penitus
385 2346 562 2434 exstingui,
585 2347 641 2414 sed
661 2366 797 2415 manere
817 2368 1022 2437 suspensam,
1045 2369 1166 2437 quous-

232 2459 298 2526 que
320 2441 418 2507 durat
435 2438 697 2521 matrimonium,
722 2440 766 2509 ita
787 2451 822 2508 ut
841 2441 868 2510 si
888 2442 1039 2528 coniugis
1059 2452 1164 2509 morto

232 2531 452 2614 dissolvatur,
475 2530 567 2620 prior
588 2531 747 2621 obligatio
767 2532 947 2603 reviviscat.
978 2534 1058 2602 Nam
1080 2533 1163 2603 obli·

233 2624 324 2711 gatio
341 2624 426 2713 parti
460 2623 626 2694 innocenti
652 2647 690 2693 ex
709 2627 919 2716 sponsalibus
936 2627 1084 2717 quaesita
1104 2647 1164 2715 per

233 2717 372 2786 alterin‘s
392 2717 641 2788 matrimonium
658 2719 789 2788 'iniuste
807 2732 1010 2789 contractum
1032 2719 1163 2810 penitus

234 2809 357 2878 aulerri
379 2830 444 2879 non
467 2811 595 2900 potuit,
615 2834 691 2880 cnm
715 2837 729 2879 ‹
753 2832 819 2881 non
838 2814 957 2883 debeat
989 2813 1085 2882 alteri
1105 2833 1165 2902 per

233 2903 374 2972 alterum
390 2903 504 2994 iniqua
521 2905 666 2975 conditio
684 2906 813 2990 inlerri3
837 2931 851 2971 n
870 2920 902 2976 et
923 2932 938 2973 a
959 2907 1080 2976 lactum
1096 2906 1163 2974 cui-

225 3016 299 3084 ,que
318 3018 414 3065 suum
435 3018 501 3068 non
519 2994 707 3069 adversario
732 3019 853 3069 nocere
874 3000 1014 3084 debeat,
1041 3022 1056 3064 n
1079 2999 1162 3088 Reg.

234 3086 290 3172 75,
305 3101 338 3160 et
350 3089 418 3160 198
433 3091 469 3160 ff.
487 3093 528 3161 de
544 3092 582 3160 ll.
605 3093 631 3161 Ι.
653 3092 828 3163 Praeterea
849 3092 941 3183 prior
954 3092 1156 3183 sponsalium

231 3182 390 3273 obligatio
422 3197 480 3254 ant
514 3205 552 3255 ex
573 3186 655 3255 iuris
679 3186 922 3274 dispositione,
943 3198 1001 3256 aut
1035 3207 1073 3256 ex
1092 3186 1162 3277 ipsa

229 3288 347 3346 natura
370 3279 418 3347 rei
439 3279 645 3349 obsecutam
675 3280 837 3370 potiorem
867 3280 1107 3370 fortioremque
1127 3301 1165 3347 o-

231 3369 444 3458 bligationem
466 3373 745 3462 exstingueretur.
763 3376 803 3442 llt
819 3393 897 3443 vero
913 3395 980 3444 non
995 3374 1164 3462 extingui·

229 3474 287 3531 tur
306 3483 344 3531 ex
365 3465 446 3534 iuris
465 3466 691 3557 dispositione,
715 3467 792 3557 quia
813 3467 987 3547 Canacen,
1008 3468 1065 3557 qui
1085 3487 1167 3536 con-

231 3566 282 3625 tra
302 3557 419 3626 adduci
439 3560 570 3646 solent,
592 3581 658 3631 nun
680 3561 711 3630 id
732 3563 831 3652 plane
849 3561 1035 3645 definiunt3
1055 3581 1168 3651 neque
