<?xml version="1.0" encoding="UTF-8"?>
<!DOCTYPE html PUBLIC "-//W3C//DTD XHTML 1.0 Transitional//EN"
    "http://www.w3.org/TR/xhtml1/DTD/xhtml1-transitional.dtd">
<html xmlns="http://www.w3.org/1999/xhtml" xml:lang="en" lang="en">
 <head>
  <title>
</title>
<meta http-equiv="Content-Type" content="text/html;charset=utf-8" />
  <meta name='ocr-system' content='tesseract 3.04.00' />
  <meta name='ocr-capabilities' content='ocr_page ocr_carea ocr_par ocr_line ocrx_word'/>
</head>
<body>
  <div class='ocr_page' id='page_1' title='image "./septimiimariaev00veccgoog_0072.png"; bbox 0 0 2642 4175; ppageno 0'>
   <div class='ocr_carea' id='block_1_1' title="bbox 289 351 778 408">
    <p class='ocr_par' dir='ltr' id='par_1_1' title="bbox 289 351 778 408">
     <span class='ocr_line' id='line_1_1' title="bbox 289 351 778 408; baseline 0 -1"><span class='ocrx_word' id='word_1_1' title='bbox 289 351 331 407; x_wconf 83' lang='lat'>64</span> <span class='ocrx_word' id='word_1_2' title='bbox 640 362 740 408; x_wconf 73' lang='lat' dir='ltr'>carun</span> <span class='ocrx_word' id='word_1_3' title='bbox 756 362 778 407; x_wconf 91' lang='lat'>1.</span> 
     </span>
    </p>
   </div>
   <div class='ocr_carea' id='block_1_2' title="bbox 237 460 1177 2044">
    <p class='ocr_par' dir='ltr' id='par_1_2' title="bbox 237 460 1177 2044">
     <span class='ocr_line' id='line_1_2' title="bbox 241 460 1177 551; baseline -0.002 -22"><span class='ocrx_word' id='word_1_4' title='bbox 241 462 405 550; x_wconf 75' lang='lat' dir='ltr'>sponsalia</span> <span class='ocrx_word' id='word_1_5' title='bbox 426 473 460 531; x_wconf 92' lang='lat' dir='ltr'>et</span> <span class='ocrx_word' id='word_1_6' title='bbox 478 462 629 551; x_wconf 90' lang='lat' dir='ltr'>copulam</span> <span class='ocrx_word' id='word_1_7' title='bbox 651 460 728 529; x_wconf 91' lang='lat' dir='ltr'>dein</span> <span class='ocrx_word' id='word_1_8' title='bbox 748 460 895 530; x_wconf 75' lang='lat' dir='ltr'><strong>habitam</strong></span> <span class='ocrx_word' id='word_1_9' title='bbox 916 481 991 528; x_wconf 91' lang='lat' dir='ltr'>eam</span> <span class='ocrx_word' id='word_1_10' title='bbox 1016 478 1081 528; x_wconf 90' lang='lat' dir='ltr'>una</span> <span class='ocrx_word' id='word_1_11' title='bbox 1102 481 1177 528; x_wconf 90' lang='lat' dir='ltr'>mn-</span> 
     </span>
     <span class='ocr_line' id='line_1_3' title="bbox 242 551 1177 642; baseline 0.001 -21"><span class='ocrx_word' id='word_1_12' title='bbox 242 556 334 638; x_wconf 90' lang='lat' dir='ltr'>liere,</span> <span class='ocrx_word' id='word_1_13' title='bbox 346 557 532 625; x_wconf 90' lang='lat' dir='ltr'>camaltera</span> <span class='ocrx_word' id='word_1_14' title='bbox 549 551 1177 642; x_wconf 86' lang='lat' dir='ltr'>mulierepublicematrimaniumcon·</span> 
     </span>
     <span class='ocr_line' id='line_1_4' title="bbox 242 646 1174 738; baseline -0.002 -23"><span class='ocrx_word' id='word_1_15' title='bbox 242 648 361 732; x_wconf 88' lang='lat' dir='ltr'>trahat,</span> <span class='ocrx_word' id='word_1_16' title='bbox 379 660 478 738; x_wconf 85' lang='lat' dir='ltr'>atque</span> <span class='ocrx_word' id='word_1_17' title='bbox 493 648 525 716; x_wconf 92' lang='lat' dir='ltr'>in</span> <span class='ocrx_word' id='word_1_18' title='bbox 539 648 603 717; x_wconf 92' lang='lat' dir='ltr'>boc</span> <span class='ocrx_word' id='word_1_19' title='bbox 613 658 702 719; x_wconf 83' lang='lat' dir='ltr'>statu</span> <span class='ocrx_word' id='word_1_20' title='bbox 716 649 755 717; x_wconf 91' lang='lat' dir='ltr'>ad</span> <span class='ocrx_word' id='word_1_21' title='bbox 770 647 1014 716; x_wconf 88' lang='lat' dir='ltr'>Missionarium</span> <span class='ocrx_word' id='word_1_22' title='bbox 1028 646 1174 734; x_wconf 78' lang='lat' dir='ltr'><strong>aliquem</strong></span> 
     </span>
     <span class='ocr_line' id='line_1_5' title="bbox 242 739 1174 831; baseline -0.001 -24"><span class='ocrx_word' id='word_1_23' title='bbox 242 740 275 810; x_wconf 92' lang='lat' dir='ltr'>in</span> <span class='ocrx_word' id='word_1_24' title='bbox 289 743 447 811; x_wconf 89' lang='lat' dir='ltr'>tribunali</span> <span class='ocrx_word' id='word_1_25' title='bbox 468 742 691 831; x_wconf 86' lang='lat' dir='ltr'>poenitentiae</span> <span class='ocrx_word' id='word_1_26' title='bbox 712 742 857 823; x_wconf 77' lang='lat' dir='ltr'>accedat,</span> <span class='ocrx_word' id='word_1_27' title='bbox 878 739 1012 809; x_wconf 76' lang='lat' dir='ltr'>debebit</span> <span class='ocrx_word' id='word_1_28' title='bbox 1028 759 1105 808; x_wconf 90' lang='lat' dir='ltr'>eam</span> <span class='ocrx_word' id='word_1_29' title='bbox 1123 739 1174 806; x_wconf 90' lang='lat' dir='ltr'>iu·</span> 
     </span>
     <span class='ocr_line' id='line_1_6' title="bbox 243 828 1175 925; baseline -0.002 -22"><span class='ocrx_word' id='word_1_30' title='bbox 243 848 425 925; x_wconf 83' lang='lat' dir='ltr'>terrogare,</span> <span class='ocrx_word' id='word_1_31' title='bbox 441 856 482 905; x_wconf 91' lang='lat' dir='ltr'>an</span> <span class='ocrx_word' id='word_1_32' title='bbox 499 833 676 924; x_wconf 88' lang='lat' dir='ltr'>copulam</span> <span class='ocrx_word' id='word_1_33' title='bbox 666 846 763 902; x_wconf 78' lang='lat' dir='ltr'>istam</span> <span class='ocrx_word' id='word_1_34' title='bbox 776 855 852 903; x_wconf 89' lang='lat' dir='ltr'>eum</span> <span class='ocrx_word' id='word_1_35' title='bbox 868 835 922 902; x_wconf 90' lang='lat' dir='ltr'>illa</span> <span class='ocrx_word' id='word_1_36' title='bbox 936 833 1042 922; x_wconf 85' lang='lat' dir='ltr'>primo</span> <span class='ocrx_word' id='word_1_37' title='bbox 1059 828 1175 901; x_wconf 91' lang='lat' dir='ltr'>mulie·</span> 
     </span>
     <span class='ocr_line' id='line_1_7' title="bbox 241 925 1173 1009; baseline -0.003 -14"><span class='ocrx_word' id='word_1_38' title='bbox 241 949 278 997; x_wconf 90' lang='lat' dir='ltr'>re</span> <span class='ocrx_word' id='word_1_39' title='bbox 299 929 454 999; x_wconf 89' lang='lat' dir='ltr'>babuerit</span> <span class='ocrx_word' id='word_1_40' title='bbox 472 950 511 999; x_wconf 80' lang='lat' dir='ltr'>er</span> <span class='ocrx_word' id='word_1_41' title='bbox 530 929 648 998; x_wconf 84' lang='lat' dir='ltr'>aflectu</span> <span class='ocrx_word' id='word_1_42' title='bbox 671 927 825 1009; x_wconf 75' lang='lat' dir='ltr'><strong>maritali,</strong></span> <span class='ocrx_word' id='word_1_43' title='bbox 845 948 885 998; x_wconf 91' lang='lat' dir='ltr'>an</span> <span class='ocrx_word' id='word_1_44' title='bbox 903 947 980 997; x_wconf 87' lang='lat' dir='ltr'>vero</span> <span class='ocrx_word' id='word_1_45' title='bbox 998 948 1035 995; x_wconf 86' lang='lat' dir='ltr'>ex</span> <span class='ocrx_word' id='word_1_46' title='bbox 1054 925 1173 994; x_wconf 81' lang='lat' dir='ltr'>affeetu</span> 
     </span>
     <span class='ocr_line' id='line_1_8' title="bbox 242 1018 1171 1109; baseline -0.002 -21"><span class='ocrx_word' id='word_1_47' title='bbox 242 1021 357 1095; x_wconf 87' lang='lat' dir='ltr'>illicito</span> <span class='ocrx_word' id='word_1_48' title='bbox 379 1023 446 1093; x_wconf 85' lang='lat' dir='ltr'>cti</span> <span class='ocrx_word' id='word_1_49' title='bbox 443 1021 621 1091; x_wconf 89' lang='lat' dir='ltr'>ornicario.</span> <span class='ocrx_word' id='word_1_50' title='bbox 644 1020 677 1091; x_wconf 88' lang='lat' dir='ltr'>Si</span> <span class='ocrx_word' id='word_1_51' title='bbox 705 1022 846 1091; x_wconf 88' lang='lat' dir='ltr'>alterurn</span> <span class='ocrx_word' id='word_1_52' title='bbox 866 1021 929 1089; x_wconf 87' lang='lat' dir='ltr'>boe</span> <span class='ocrx_word' id='word_1_53' title='bbox 948 1018 1171 1109; x_wconf 75' lang='lat' dir='ltr'>respondebit,</span> 
     </span>
     <span class='ocr_line' id='line_1_9' title="bbox 239 1112 1171 1204; baseline -0.004 -21"><span class='ocrx_word' id='word_1_54' title='bbox 239 1115 368 1184; x_wconf 89' lang='lat' dir='ltr'>nullum</span> <span class='ocrx_word' id='word_1_55' title='bbox 402 1116 444 1184; x_wconf 93' lang='lat' dir='ltr'>de</span> <span class='ocrx_word' id='word_1_56' title='bbox 472 1116 638 1185; x_wconf 85' lang='lat' dir='ltr'>validitate</span> <span class='ocrx_word' id='word_1_57' title='bbox 670 1115 855 1204; x_wconf 86' lang='lat' dir='ltr'>praesentis</span> <span class='ocrx_word' id='word_1_58' title='bbox 883 1113 936 1183; x_wconf 91' lang='lat' dir='ltr'>sui</span> <span class='ocrx_word' id='word_1_59' title='bbox 968 1112 1171 1182; x_wconf 83' lang='lat' dir='ltr'><strong>matrimonii</strong></span> 
     </span>
     <span class='ocr_line' id='line_1_10' title="bbox 238 1207 1173 1312; baseline -0.003 -36"><span class='ocrx_word' id='word_1_60' title='bbox 238 1209 375 1279; x_wconf 90' lang='lat' dir='ltr'>dubium</span> <span class='ocrx_word' id='word_1_61' title='bbox 409 1209 440 1277; x_wconf 90' lang='lat' dir='ltr'>ei</span> <span class='ocrx_word' id='word_1_62' title='bbox 470 1208 626 1277; x_wconf 86' lang='lat' dir='ltr'>movebit.</span> <span class='ocrx_word' id='word_1_63' title='bbox 649 1207 706 1277; x_wconf 91' lang='lat' dir='ltr'>Sin</span> <span class='ocrx_word' id='word_1_64' title='bbox 726 1220 837 1276; x_wconf 88' lang='lat' dir='ltr'>autem</span> <span class='ocrx_word' id='word_1_65' title='bbox 858 1207 1004 1297; x_wconf 89' lang='lat' dir='ltr'>primum</span> <span class='ocrx_word' id='word_1_66' title='bbox 1034 1225 1173 1312; x_wconf 90' lang='lat' dir='ltr'>respon·</span> 
     </span>
     <span class='ocr_line' id='line_1_11' title="bbox 238 1300 1169 1390; baseline -0.002 -21"><span class='ocrx_word' id='word_1_67' title='bbox 238 1303 340 1386; x_wconf 89' lang='lat' dir='ltr'>debit,</span> <span class='ocrx_word' id='word_1_68' title='bbox 362 1302 506 1390; x_wconf 78' lang='lat' dir='ltr'>graviter</span> <span class='ocrx_word' id='word_1_69' title='bbox 525 1302 632 1390; x_wconf 89' lang='lat' dir='ltr'>ipsum</span> <span class='ocrx_word' id='word_1_70' title='bbox 652 1301 887 1381; x_wconf 87' lang='lat' dir='ltr'>commonebit,</span> <span class='ocrx_word' id='word_1_71' title='bbox 912 1321 988 1369; x_wconf 88' lang='lat' dir='ltr'>eum</span> <span class='ocrx_word' id='word_1_72' title='bbox 1015 1300 1169 1368; x_wconf 88' lang='lat' dir='ltr'>maritum</span> 
     </span>
     <span class='ocr_line' id='line_1_12' title="bbox 239 1393 1172 1490; baseline -0.003 -27"><span class='ocrx_word' id='word_1_73' title='bbox 239 1416 311 1465; x_wconf 90' lang='lat' dir='ltr'>esse</span> <span class='ocrx_word' id='word_1_74' title='bbox 328 1415 393 1464; x_wconf 91' lang='lat' dir='ltr'>non</span> <span class='ocrx_word' id='word_1_75' title='bbox 410 1394 575 1463; x_wconf 85' lang='lat' dir='ltr'>secundae</span> <span class='ocrx_word' id='word_1_76' title='bbox 594 1396 651 1464; x_wconf 88' lang='lat' dir='ltr'>sad</span> <span class='ocrx_word' id='word_1_77' title='bbox 672 1395 799 1484; x_wconf 80' lang='lat' dir='ltr'><strong>primae</strong></span> <span class='ocrx_word' id='word_1_78' title='bbox 821 1393 996 1477; x_wconf 90' lang='lat' dir='ltr'>mulieris,</span> <span class='ocrx_word' id='word_1_79' title='bbox 1019 1393 1060 1490; x_wconf 80' lang='lat' dir='ltr'>ad</span> <span class='ocrx_word' id='word_1_80' title='bbox 1082 1413 1172 1461; x_wconf 88' lang='lat' dir='ltr'>earn·</span> 
     </span>
     <span class='ocr_line' id='line_1_13' title="bbox 238 1486 1170 1577; baseline -0.002 -21"><span class='ocrx_word' id='word_1_81' title='bbox 238 1509 304 1577; x_wconf 87' lang='lat' dir='ltr'>que</span> <span class='ocrx_word' id='word_1_82' title='bbox 340 1487 451 1558; x_wconf 86' lang='lat' dir='ltr'>redire</span> <span class='ocrx_word' id='word_1_83' title='bbox 490 1487 625 1556; x_wconf 87' lang='lat' dir='ltr'>omnino</span> <span class='ocrx_word' id='word_1_84' title='bbox 666 1488 799 1557; x_wconf 86' lang='lat' dir='ltr'>debere.</span> <span class='ocrx_word' id='word_1_85' title='bbox 841 1487 982 1556; x_wconf 81' lang='lat' dir='ltr'>Additur</span> <span class='ocrx_word' id='word_1_86' title='bbox 1014 1507 1092 1554; x_wconf 86' lang='lat' dir='ltr'>vero</span> <span class='ocrx_word' id='word_1_87' title='bbox 1131 1486 1170 1554; x_wconf 84' lang='lat' dir='ltr'>ad</span> 
     </span>
     <span class='ocr_line' id='line_1_14' title="bbox 238 1580 1172 1672; baseline -0.003 -23"><span class='ocrx_word' id='word_1_88' title='bbox 238 1583 432 1649; x_wconf 90' lang='lat' dir='ltr'>eorumdem</span> <span class='ocrx_word' id='word_1_89' title='bbox 464 1580 746 1650; x_wconf 87' lang='lat' dir='ltr'>lllssionariorum</span> <span class='ocrx_word' id='word_1_90' title='bbox 781 1581 1060 1672; x_wconf 67' lang='lat' dir='ltr'>instructionem,</span> <span class='ocrx_word' id='word_1_91' title='bbox 1084 1580 1172 1669; x_wconf 91' lang='lat' dir='ltr'>qaod</span> 
     </span>
     <span class='ocr_line' id='line_1_15' title="bbox 241 1673 1171 1764; baseline -0.002 -23"><span class='ocrx_word' id='word_1_92' title='bbox 241 1675 267 1741; x_wconf 87' lang='lat' dir='ltr'>si</span> <span class='ocrx_word' id='word_1_93' title='bbox 289 1675 374 1744; x_wconf 81' lang='lat' dir='ltr'>forte</span> <span class='ocrx_word' id='word_1_94' title='bbox 395 1675 494 1743; x_wconf 90' lang='lat' dir='ltr'>bomo</span> <span class='ocrx_word' id='word_1_95' title='bbox 527 1674 588 1744; x_wconf 90' lang='lat' dir='ltr'>iste</span> <span class='ocrx_word' id='word_1_96' title='bbox 617 1675 760 1764; x_wconf 89' lang='lat' dir='ltr'>probare</span> <span class='ocrx_word' id='word_1_97' title='bbox 791 1695 858 1742; x_wconf 92' lang='lat' dir='ltr'>non</span> <span class='ocrx_word' id='word_1_98' title='bbox 890 1673 1040 1742; x_wconf 87' lang='lat' dir='ltr'>valens</span> <span class='ocrx_word' id='word_1_99' title='bbox 1032 1694 1065 1741; x_wconf 85' lang='lat' dir='ltr'>rn</span> <span class='ocrx_word' id='word_1_100' title='bbox 1099 1673 1171 1740; x_wconf 84' lang='lat' dir='ltr'>lora</span> 
     </span>
     <span class='ocr_line' id='line_1_16' title="bbox 239 1767 1171 1857; baseline -0.003 -22"><span class='ocrx_word' id='word_1_101' title='bbox 239 1778 374 1837; x_wconf 81' lang='lat' dir='ltr'>externo</span> <span class='ocrx_word' id='word_1_102' title='bbox 406 1768 758 1857; x_wconf 85' lang='lat' dir='ltr'>carnalem-copulam</span> <span class='ocrx_word' id='word_1_103' title='bbox 792 1768 833 1836; x_wconf 85' lang='lat' dir='ltr'>ab</span> <span class='ocrx_word' id='word_1_104' title='bbox 865 1788 900 1836; x_wconf 89' lang='lat' dir='ltr'>sc</span> <span class='ocrx_word' id='word_1_105' title='bbox 919 1767 1064 1835; x_wconf 85' lang='lat' dir='ltr'>habitam</span> <span class='ocrx_word' id='word_1_106' title='bbox 1096 1787 1171 1833; x_wconf 89' lang='lat' dir='ltr'>eum</span> 
     </span>
     <span class='ocr_line' id='line_1_17' title="bbox 239 1859 1169 1950; baseline -0.002 -22"><span class='ocrx_word' id='word_1_107' title='bbox 239 1860 344 1949; x_wconf 92' lang='lat' dir='ltr'>prima</span> <span class='ocrx_word' id='word_1_108' title='bbox 366 1862 421 1930; x_wconf 91' lang='lat' dir='ltr'>illa</span> <span class='ocrx_word' id='word_1_109' title='bbox 450 1860 614 1944; x_wconf 88' lang='lat' dir='ltr'>muliere,</span> <span class='ocrx_word' id='word_1_110' title='bbox 634 1873 810 1950; x_wconf 81' lang='lat' dir='ltr'>cogeretur</span> <span class='ocrx_word' id='word_1_111' title='bbox 830 1860 909 1929; x_wconf 90' lang='lat' dir='ltr'>hinc</span> <span class='ocrx_word' id='word_1_112' title='bbox 929 1881 987 1949; x_wconf 90' lang='lat' dir='ltr'>per</span> <span class='ocrx_word' id='word_1_113' title='bbox 1006 1859 1169 1928; x_wconf 85' lang='lat' dir='ltr'>Ecclesia·</span> 
     </span>
     <span class='ocr_line' id='line_1_18' title="bbox 237 1953 1169 2044; baseline -0.002 -22"><span class='ocrx_word' id='word_1_114' title='bbox 237 1954 353 2023; x_wconf 92' lang='lat' dir='ltr'>sticam</span> <span class='ocrx_word' id='word_1_115' title='bbox 374 1966 567 2044; x_wconf 87' lang='lat' dir='ltr'>potestatem</span> <span class='ocrx_word' id='word_1_116' title='bbox 588 1975 664 2023; x_wconf 90' lang='lat' dir='ltr'>cum</span> <span class='ocrx_word' id='word_1_117' title='bbox 688 1956 790 2025; x_wconf 90' lang='lat' dir='ltr'>altera</span> <span class='ocrx_word' id='word_1_118' title='bbox 812 1953 951 2022; x_wconf 89' lang='lat' dir='ltr'>muliere</span> <span class='ocrx_word' id='word_1_119' title='bbox 983 1972 1169 2033; x_wconf 85' lang='lat' dir='ltr'>remanere,</span> 
     </span>
    </p>
   </div>
   <div class='ocr_carea' id='block_1_3' title="bbox 149 2046 1174 2398">
    <p class='ocr_par' dir='ltr' id='par_1_3' title="bbox 149 2046 1174 2398">
     <span class='ocr_line' id='line_1_19' title="bbox 149 2046 1173 2139; baseline -0.003 -22"><span class='ocrx_word' id='word_1_120' title='bbox 149 2053 161 2060; x_wconf 75' lang='lat'><strong><em>‘</em></strong></span> <span class='ocrx_word' id='word_1_121' title='bbox 238 2069 302 2137; x_wconf 85' lang='lat' dir='ltr'>qua</span> <span class='ocrx_word' id='word_1_122' title='bbox 323 2069 397 2118; x_wconf 89' lang='lat' dir='ltr'>eum</span> <span class='ocrx_word' id='word_1_123' title='bbox 418 2048 548 2139; x_wconf 88' lang='lat' dir='ltr'>publice</span> <span class='ocrx_word' id='word_1_124' title='bbox 574 2047 823 2117; x_wconf 85' lang='lat' dir='ltr'><strong>matrimonium</strong></span> <span class='ocrx_word' id='word_1_125' title='bbox 843 2046 1015 2128; x_wconf 85' lang='lat' dir='ltr'>contraxit,</span> <span class='ocrx_word' id='word_1_126' title='bbox 1037 2046 1173 2115; x_wconf 84' lang='lat' dir='ltr'>deberet</span> 
     </span>
     <span class='ocr_line' id='line_1_20' title="bbox 238 2136 1174 2249; baseline -0.003 -39"><span class='ocrx_word' id='word_1_127' title='bbox 238 2144 267 2211; x_wconf 87' lang='lat' dir='ltr'>is</span> <span class='ocrx_word' id='word_1_128' title='bbox 287 2163 426 2232; x_wconf 88' lang='lat' dir='ltr'>poenam</span> <span class='ocrx_word' id='word_1_129' title='bbox 447 2142 652 2248; x_wconf 80' lang='lat' dir='ltr'>quamlibet,</span> <span class='ocrx_word' id='word_1_130' title='bbox 674 2141 846 2249; x_wconf 80' lang='lat' dir='ltr'>ipsamque</span> <span class='ocrx_word' id='word_1_131' title='bbox 866 2136 1174 2210; x_wconf 83' lang='lat' dir='ltr'>excommunicatio·</span> 
     </span>
     <span class='ocr_line' id='line_1_21' title="bbox 238 2234 1171 2324; baseline -0.006 -18"><span class='ocrx_word' id='word_1_132' title='bbox 238 2258 316 2306; x_wconf 88' lang='lat' dir='ltr'>nem</span> <span class='ocrx_word' id='word_1_133' title='bbox 334 2236 507 2305; x_wconf 87' lang='lat' dir='ltr'>humiliter</span> <span class='ocrx_word' id='word_1_134' title='bbox 526 2236 637 2324; x_wconf 90' lang='lat' dir='ltr'>potius</span> <span class='ocrx_word' id='word_1_135' title='bbox 655 2236 834 2317; x_wconf 87' lang='lat' dir='ltr'>sustinere,</span> <span class='ocrx_word' id='word_1_136' title='bbox 854 2256 952 2323; x_wconf 91' lang='lat' dir='ltr'>quam</span> <span class='ocrx_word' id='word_1_137' title='bbox 974 2254 1046 2301; x_wconf 89' lang='lat' dir='ltr'>cum</span> <span class='ocrx_word' id='word_1_138' title='bbox 1069 2234 1171 2301; x_wconf 89' lang='lat' dir='ltr'>altera</span> 
     </span>
     <span class='ocr_line' id='line_1_22' title="bbox 239 2328 1171 2398; baseline -0.004 0"><span class='ocrx_word' id='word_1_139' title='bbox 239 2330 301 2398; x_wconf 90' lang='lat' dir='ltr'>hac</span> <span class='ocrx_word' id='word_1_140' title='bbox 332 2329 473 2397; x_wconf 89' lang='lat' dir='ltr'>muliere</span> <span class='ocrx_word' id='word_1_141' title='bbox 506 2329 638 2397; x_wconf 86' lang='lat' dir='ltr'>carnale</span> <span class='ocrx_word' id='word_1_142' title='bbox 671 2328 908 2397; x_wconf 89' lang='lat' dir='ltr'>commercium</span> <span class='ocrx_word' id='word_1_143' title='bbox 933 2346 1086 2395; x_wconf 84' lang='lat' dir='ltr'>exercere</span> <span class='ocrx_word' id='word_1_144' title='bbox 1107 2346 1171 2394; x_wconf 89' lang='lat' dir='ltr'>non</span> 
     </span>
    </p>
   </div>
   <div class='ocr_carea' id='block_1_4' title="bbox 239 2420 1239 3069">
    <p class='ocr_par' dir='ltr' id='par_1_4' title="bbox 239 2420 1239 3069">
     <span class='ocr_line' id='line_1_23' title="bbox 239 2420 1172 2510; baseline -0.005 -19"><span class='ocrx_word' id='word_1_145' title='bbox 239 2423 311 2492; x_wconf 90' lang='lat' dir='ltr'>sine</span> <span class='ocrx_word' id='word_1_146' title='bbox 340 2421 453 2490; x_wconf 89' lang='lat' dir='ltr'>letbali</span> <span class='ocrx_word' id='word_1_147' title='bbox 474 2421 594 2510; x_wconf 87' lang='lat' dir='ltr'>culpa,</span> <span class='ocrx_word' id='word_1_148' title='bbox 617 2443 656 2489; x_wconf 83' lang='lat' dir='ltr'>aar</span> <span class='ocrx_word' id='word_1_149' title='bbox 679 2420 794 2510; x_wconf 82' lang='lat' dir='ltr'>Capite</span> <span class='ocrx_word' id='word_1_150' title='bbox 813 2420 859 2487; x_wconf 74' lang='lat' dir='ltr'>llll</span> <span class='ocrx_word' id='word_1_151' title='bbox 877 2422 916 2488; x_wconf 86' lang='lat' dir='ltr'>de</span> <span class='ocrx_word' id='word_1_152' title='bbox 937 2421 1098 2488; x_wconf 82' lang='lat' dir='ltr'>sententia</span> <span class='ocrx_word' id='word_1_153' title='bbox 1119 2440 1172 2486; x_wconf 84' lang='lat' dir='ltr'>en-</span> 
     </span>
     <span class='ocr_line' id='line_1_24' title="bbox 239 2512 1170 2601; baseline -0.003 -18"><span class='ocrx_word' id='word_1_154' title='bbox 239 2515 553 2583; x_wconf 73' lang='lat' dir='ltr'>communicationis.</span> <span class='ocrx_word' id='word_1_155' title='bbox 573 2516 619 2581; x_wconf 84' lang='lat' dir='ltr'>Ad</span> <span class='ocrx_word' id='word_1_156' title='bbox 637 2512 784 2583; x_wconf 70' lang='lat' dir='ltr'><strong>3¹³Sacra</strong></span> <span class='ocrx_word' id='word_1_157' title='bbox 804 2513 1016 2601; x_wconf 80' lang='lat' dir='ltr'>congregotio</span> <span class='ocrx_word' id='word_1_158' title='bbox 1030 2512 1170 2592; x_wconf 88' lang='lat' dir='ltr'>censuit,</span> 
     </span>
     <span class='ocr_line' id='line_1_25' title="bbox 243 2606 1177 2695; baseline -0.003 -21"><span class='ocrx_word' id='word_1_159' title='bbox 243 2608 297 2677; x_wconf 82' lang='lat' dir='ltr'>asi</span> <span class='ocrx_word' id='word_1_160' title='bbox 310 2607 343 2676; x_wconf 92' lang='lat' dir='ltr'>id</span> <span class='ocrx_word' id='word_1_161' title='bbox 357 2606 570 2676; x_wconf 88' lang='lat' dir='ltr'>Sanctissimo</span> <span class='ocrx_word' id='word_1_162' title='bbox 584 2607 723 2676; x_wconf 87' lang='lat' dir='ltr'>Domino</span> <span class='ocrx_word' id='word_1_163' title='bbox 736 2620 849 2676; x_wconf 91' lang='lat' dir='ltr'>nostro</span> <span class='ocrx_word' id='word_1_164' title='bbox 867 2607 1038 2695; x_wconf 87' lang='lat' dir='ltr'>placuerit,</span> <span class='ocrx_word' id='word_1_165' title='bbox 1054 2616 1090 2674; x_wconf 93' lang='lat' dir='ltr'>ut</span> <span class='ocrx_word' id='word_1_166' title='bbox 1103 2606 1177 2694; x_wconf 56' lang='lat' dir='ltr'>quig</span> 
     </span>
     <span class='ocr_line' id='line_1_26' title="bbox 240 2699 1239 2790; baseline -0.005 -20"><span class='ocrx_word' id='word_1_167' title='bbox 240 2699 430 2770; x_wconf 87' lang='lat' dir='ltr'>businloois</span> <span class='ocrx_word' id='word_1_168' title='bbox 441 2700 472 2768; x_wconf 92' lang='lat' dir='ltr'>id</span> <span class='ocrx_word' id='word_1_169' title='bbox 486 2700 639 2790; x_wconf 85' lang='lat' dir='ltr'>expedire</span> <span class='ocrx_word' id='word_1_170' title='bbox 650 2713 780 2769; x_wconf 89' lang='lat' dir='ltr'>maturo</span> <span class='ocrx_word' id='word_1_171' title='bbox 791 2700 928 2769; x_wconf 89' lang='lat' dir='ltr'>consilia</span> <span class='ocrx_word' id='word_1_172' title='bbox 942 2699 1170 2780; x_wconf 82' lang='lat' dir='ltr'>iudicaverint,</span> <span class='ocrx_word' id='word_1_173' title='bbox 1231 2703 1239 2716; x_wconf 85' lang='grc'><em>’</em></span> 
     </span>
     <span class='ocr_line' id='line_1_27' title="bbox 240 2792 1171 2863; baseline -0.002 -3"><span class='ocrx_word' id='word_1_174' title='bbox 240 2794 275 2861; x_wconf 91' lang='lat' dir='ltr'>in</span> <span class='ocrx_word' id='word_1_175' title='bbox 296 2794 337 2862; x_wconf 91' lang='lat' dir='ltr'>iis</span> <span class='ocrx_word' id='word_1_176' title='bbox 357 2793 487 2861; x_wconf 86' lang='lat' dir='ltr'>concilii</span> <span class='ocrx_word' id='word_1_177' title='bbox 507 2794 691 2862; x_wconf 81' lang='lat' dir='ltr'>Tridentini</span> <span class='ocrx_word' id='word_1_178' title='bbox 710 2796 751 2863; x_wconf 90' lang='lat' dir='ltr'>de</span> <span class='ocrx_word' id='word_1_179' title='bbox 771 2792 979 2862; x_wconf 88' lang='lat' dir='ltr'>Matrimonia</span> <span class='ocrx_word' id='word_1_180' title='bbox 998 2792 1171 2860; x_wconf 88' lang='lat' dir='ltr'>Decretum</span> 
     </span>
     <span class='ocr_line' id='line_1_28' title="bbox 240 2881 1175 2993; baseline -0.003 -39"><span class='ocrx_word' id='word_1_181' title='bbox 240 2889 408 2993; x_wconf 77' lang='lat' dir='ltr'>integrum</span> <span class='ocrx_word' id='word_1_182' title='bbox 425 2887 487 2956; x_wconf 90' lang='lat' dir='ltr'>rite</span> <span class='ocrx_word' id='word_1_183' title='bbox 503 2888 779 2975; x_wconf 79' lang='lat' dir='ltr'>promulgandum</span> <span class='ocrx_word' id='word_1_184' title='bbox 795 2898 912 2954; x_wconf 89' lang='lat' dir='ltr'>curent</span> <span class='ocrx_word' id='word_1_185' title='bbox 925 2881 1076 2973; x_wconf 82' lang='lat' dir='ltr'>Episcopi</span> <span class='ocrx_word' id='word_1_186' title='bbox 1086 2883 1175 2951; x_wconf 89' lang='lat' dir='ltr'>Vica-</span> 
     </span>
     <span class='ocr_line' id='line_1_29' title="bbox 241 2978 1172 3069; baseline -0.003 -22"><span class='ocrx_word' id='word_1_187' title='bbox 241 2980 283 3047; x_wconf 82' lang='lat' dir='ltr'>rit</span> <span class='ocrx_word' id='word_1_188' title='bbox 275 2980 486 3068; x_wconf 81' lang='lat' dir='ltr'>d&#39;postoliei,</span> <span class='ocrx_word' id='word_1_189' title='bbox 505 2993 562 3049; x_wconf 90' lang='lat' dir='ltr'>eut</span> <span class='ocrx_word' id='word_1_190' title='bbox 582 2982 696 3048; x_wconf 91' lang='lat' dir='ltr'>saltem</span> <span class='ocrx_word' id='word_1_191' title='bbox 715 2982 822 3069; x_wconf 90' lang='lat' dir='ltr'>quoad</span> <span class='ocrx_word' id='word_1_192' title='bbox 838 2979 909 3047; x_wconf 86' lang='lat' dir='ltr'>lieri</span> <span class='ocrx_word' id='word_1_193' title='bbox 923 2979 1067 3060; x_wconf 87' lang='lat' dir='ltr'>licuerit,</span> <span class='ocrx_word' id='word_1_194' title='bbox 1085 2978 1172 3044; x_wconf 79' lang='lat' dir='ltr'>iuxta</span> 
     </span>
    </p>
   </div>
   <div class='ocr_carea' id='block_1_5' title="bbox 1319 0 1323 2887">
    <p class='ocr_par' dir='ltr' id='par_1_5' title="bbox 1319 0 1323 2887">
     <span class='ocr_line' id='line_1_30' title="bbox 1319 0 1323 2887; baseline 0 0"><span class='ocrx_word' id='word_1_195' title='bbox 1319 0 1323 2887; x_wconf 95' lang='lat' dir='ltr'> </span> 
     </span>
    </p>
   </div>
   <div class='ocr_carea' id='block_1_6' title="bbox 241 3069 1319 3175">
    <p class='ocr_par' dir='ltr' id='par_1_6' title="bbox 241 3069 1319 3175">
     <span class='ocr_line' id='line_1_31' title="bbox 241 3069 1319 3175; baseline -0.006 -34"><span class='ocrx_word' id='word_1_196' title='bbox 241 3073 765 3183; x_wconf 80' lang='lat' dir='ltr'>regulastraditasaBenedicto</span> <span class='ocrx_word' id='word_1_197' title='bbox 789 3072 867 3140; x_wconf 93' lang='lat' dir='ltr'>XlV.</span> <span class='ocrx_word' id='word_1_198' title='bbox 891 3069 1171 3140; x_wconf 84' lang='lat' dir='ltr'>Pontificcblaxi·</span> <span class='ocrx_word' id='word_1_199' title='bbox 1207 3124 1208 3127; x_wconf 63' lang='lat'>,</span> <span class='ocrx_word' id='word_1_200' title='bbox 1318 3156 1319 3175; x_wconf 13' lang='grc' dir='ltr'>χ</span> 
     </span>
    </p>
   </div>
   <div class='ocr_carea' id='block_1_7' title="bbox 239 3162 1319 3629">
    <p class='ocr_par' dir='ltr' id='par_1_7' title="bbox 241 3162 1319 3629">
     <span class='ocr_line' id='line_1_32' title="bbox 241 3162 1319 3261; baseline -0.006 -25"><span class='ocrx_word' id='word_1_201' title='bbox 241 3189 295 3236; x_wconf 94' lang='lat' dir='ltr'>rno</span> <span class='ocrx_word' id='word_1_202' title='bbox 313 3169 467 3255; x_wconf 86' lang='lat' dir='ltr'>inopere</span> <span class='ocrx_word' id='word_1_203' title='bbox 486 3168 526 3235; x_wconf 88' lang='lat' dir='ltr'>de</span> <span class='ocrx_word' id='word_1_204' title='bbox 543 3166 674 3257; x_wconf 79' lang='lat' dir='ltr'>Synodo</span> <span class='ocrx_word' id='word_1_205' title='bbox 697 3166 894 3235; x_wconf 85' lang='lat' dir='ltr'>Dioecesaaa</span> <span class='ocrx_word' id='word_1_206' title='bbox 918 3166 1000 3231; x_wconf 85' lang='lat' dir='ltr'>libro</span> <span class='ocrx_word' id='word_1_207' title='bbox 1015 3162 1090 3245; x_wconf 85' lang='lat' dir='ltr'>llll,</span> <span class='ocrx_word' id='word_1_208' title='bbox 1109 3162 1172 3232; x_wconf 88' lang='lat' dir='ltr'>Co·</span> <span class='ocrx_word' id='word_1_209' title='bbox 1227 3243 1234 3261; x_wconf 40' lang='grc'>,</span> <span class='ocrx_word' id='word_1_210' title='bbox 1318 3192 1319 3237; x_wconf 68' lang='lat'>1</span> 
     </span>
     <span class='ocr_line' id='line_1_33' title="bbox 239 3254 1319 3351; baseline -0.008 -20.818"><span class='ocrx_word' id='word_1_211' title='bbox 239 3258 455 3351; x_wconf 79' lang='lat' dir='ltr'>pitcV,§,8</span> <span class='ocrx_word' id='word_1_212' title='bbox 479 3259 512 3343; x_wconf 92' lang='grc'>9,</span> <span class='ocrx_word' id='word_1_213' title='bbox 537 3259 706 3341; x_wconf 63' lang='grc'><strong>196111,</strong></span> <span class='ocrx_word' id='word_1_214' title='bbox 724 3215 1171 3329; x_wconf 75' lang='grc' dir='ltr'>οῑίηοοηειῑῑυῑίοηο9181</span> <span class='ocrx_word' id='word_1_215' title='bbox 1318 3254 1319 3335; x_wconf 41' lang='grc' dir='ltr'>ᾖ</span> 
     </span>
     <span class='ocr_line' id='line_1_34' title="bbox 242 3315 1171 3454; baseline -0.005 -33"><span class='ocrx_word' id='word_1_216' title='bbox 242 3354 487 3422; x_wconf 73' lang='lat' dir='ltr'>postulantis</span> <span class='ocrx_word' id='word_1_217' title='bbox 504 3315 521 3444; x_wconf 61' lang='grc' dir='ltr'>’ἓ</span> <span class='ocrx_word' id='word_1_218' title='bbox 541 3351 931 3421; x_wconf 64' lang='lat' dir='ltr'>baedeommon«</span> <span class='ocrx_word' id='word_1_219' title='bbox 950 3350 1171 3454; x_wconf 80' lang='lat' dir='ltr'>Quamobrem</span> 
     </span>
     <span class='ocr_line' id='line_1_35' title="bbox 242 3442 1169 3535; baseline -0.008 -19"><span class='ocrx_word' id='word_1_220' title='bbox 242 3448 357 3516; x_wconf 86' lang='lat' dir='ltr'>eadem</span> <span class='ocrx_word' id='word_1_221' title='bbox 377 3466 469 3515; x_wconf 88' lang='lat' dir='ltr'>saera</span> <span class='ocrx_word' id='word_1_222' title='bbox 489 3445 702 3535; x_wconf 83' lang='lat' dir='ltr'>congregatio</span> <span class='ocrx_word' id='word_1_223' title='bbox 723 3445 872 3514; x_wconf 90' lang='lat' dir='ltr'>decernit</span> <span class='ocrx_word' id='word_1_224' title='bbox 892 3446 979 3533; x_wconf 85' lang='lat' dir='ltr'>quod</span> <span class='ocrx_word' id='word_1_225' title='bbox 1000 3442 1169 3531; x_wconf 81' lang='lat' dir='ltr'>sequitur3</span> 
     </span>
     <span class='ocr_line' id='line_1_36' title="bbox 244 3537 1172 3629; baseline -0.003 -23"><span class='ocrx_word' id='word_1_226' title='bbox 244 3565 258 3606; x_wconf 81' lang='lat' dir='ltr'><strong>a</strong></span> <span class='ocrx_word' id='word_1_227' title='bbox 285 3538 400 3609; x_wconf 88' lang='lat' dir='ltr'>Omnia</span> <span class='ocrx_word' id='word_1_228' title='bbox 422 3551 455 3609; x_wconf 88' lang='lat' dir='ltr'>et</span> <span class='ocrx_word' id='word_1_229' title='bbox 471 3539 601 3629; x_wconf 82' lang='lat' dir='ltr'>singula</span> <span class='ocrx_word' id='word_1_230' title='bbox 622 3538 832 3608; x_wconf 88' lang='lat' dir='ltr'>matrimonia</span> <span class='ocrx_word' id='word_1_231' title='bbox 860 3558 945 3628; x_wconf 87' lang='lat' dir='ltr'>quae</span> <span class='ocrx_word' id='word_1_232' title='bbox 965 3537 1101 3627; x_wconf 90' lang='lat' dir='ltr'>postbac</span> <span class='ocrx_word' id='word_1_233' title='bbox 1119 3555 1172 3604; x_wconf 86' lang='lat' dir='ltr'>ce·</span> 
     </span>
    </p>
   </div>
   <div class='ocr_carea' id='block_1_8' title="bbox 0 0 1327 4175">
    <p class='ocr_par' dir='ltr' id='par_1_8' title="bbox 0 0 1327 4175">
     <span class='ocr_line' id='line_1_37' title="bbox 0 0 1327 4175; baseline 0 0"><span class='ocrx_word' id='word_1_234' title='bbox 0 0 1327 4175; x_wconf 95' lang='lat' dir='ltr'> </span> 
     </span>
    </p>
   </div>
  </div>
 </body>
</html>
