<?xml version="1.0" encoding="UTF-8"?>
<!DOCTYPE html PUBLIC "-//W3C//DTD XHTML 1.0 Transitional//EN"
    "http://www.w3.org/TR/xhtml1/DTD/xhtml1-transitional.dtd">
<html xmlns="http://www.w3.org/1999/xhtml" xml:lang="en" lang="en">
 <head>
  <title>
</title>
<meta http-equiv="Content-Type" content="text/html;charset=utf-8" />
  <meta name='ocr-system' content='tesseract 3.04.00' />
  <meta name='ocr-capabilities' content='ocr_page ocr_carea ocr_par ocr_line ocrx_word'/>
</head>
<body>
  <div class='ocr_page' id='page_1' title='image "./septimiimariaev00veccgoog_0112.png"; bbox 0 0 2642 4175; ppageno 0'>
   <div class='ocr_carea' id='block_1_1' title="bbox 249 308 742 363">
    <p class='ocr_par' dir='ltr' id='par_1_1' title="bbox 249 308 742 363">
     <span class='ocr_line' id='line_1_1' title="bbox 249 308 742 363; baseline -0.012 0"><span class='ocrx_word' id='word_1_1' title='bbox 249 308 313 363; x_wconf 78' lang='lat' dir='ltr'><strong>tot</strong></span> <span class='ocrx_word' id='word_1_2' title='bbox 589 316 691 360; x_wconf 77' lang='lat' dir='ltr'><strong>canuc</strong></span> <span class='ocrx_word' id='word_1_3' title='bbox 709 315 742 358; x_wconf 85' lang='lat'><strong>11.</strong></span> 
     </span>
    </p>
   </div>
   <div class='ocr_carea' id='block_1_2' title="bbox 96 411 1158 3593">
    <p class='ocr_par' dir='ltr' id='par_1_2' title="bbox 199 411 1135 693">
     <span class='ocr_line' id='line_1_2' title="bbox 246 411 1135 503; baseline 0.002 -19"><span class='ocrx_word' id='word_1_4' title='bbox 246 419 295 485; x_wconf 79' lang='lat' dir='ltr'><strong>An</strong></span> <span class='ocrx_word' id='word_1_5' title='bbox 310 415 558 487; x_wconf 74' lang='lat' dir='ltr'><strong>matrimonium</strong></span> <span class='ocrx_word' id='word_1_6' title='bbox 579 412 740 483; x_wconf 87' lang='lat' dir='ltr'><strong>celebrari</strong></span> <span class='ocrx_word' id='word_1_7' title='bbox 755 411 859 501; x_wconf 90' lang='lat' dir='ltr'><strong>possit</strong></span> <span class='ocrx_word' id='word_1_8' title='bbox 875 433 934 501; x_wconf 85' lang='lat' dir='ltr'><strong>per</strong></span> <span class='ocrx_word' id='word_1_9' title='bbox 948 415 1135 503; x_wconf 86' lang='lat' dir='ltr'><strong>epistolam,</strong></span> 
     </span>
     <span class='ocr_line' id='line_1_3' title="bbox 199 507 1135 600; baseline 0.001 -21"><span class='ocrx_word' id='word_1_10' title='bbox 199 510 308 600; x_wconf 74' lang='lat' dir='ltr'><strong>gravis</strong></span> <span class='ocrx_word' id='word_1_11' title='bbox 330 524 379 580; x_wconf 88' lang='lat' dir='ltr'><strong>est</strong></span> <span class='ocrx_word' id='word_1_12' title='bbox 397 510 563 599; x_wconf 84' lang='lat' dir='ltr'><strong>quaestio.</strong></span> <span class='ocrx_word' id='word_1_13' title='bbox 585 507 721 577; x_wconf 77' lang='lat' dir='ltr'><strong>Certum</strong></span> <span class='ocrx_word' id='word_1_14' title='bbox 743 527 822 575; x_wconf 86' lang='lat' dir='ltr'><strong>sane</strong></span> <span class='ocrx_word' id='word_1_15' title='bbox 841 517 894 575; x_wconf 87' lang='lat' dir='ltr'><strong>est</strong></span> <span class='ocrx_word' id='word_1_16' title='bbox 913 507 1056 579; x_wconf 84' lang='lat' dir='ltr'><strong>valuisse</strong></span> <span class='ocrx_word' id='word_1_17' title='bbox 1073 512 1135 580; x_wconf 91' lang='lat' dir='ltr'><strong>hu-</strong></span> 
     </span>
     <span class='ocr_line' id='line_1_4' title="bbox 200 600 1132 693; baseline 0.003 -23"><span class='ocrx_word' id='word_1_18' title='bbox 200 604 343 674; x_wconf 88' lang='lat' dir='ltr'><strong>iusmodi</strong></span> <span class='ocrx_word' id='word_1_19' title='bbox 365 602 628 683; x_wconf 76' lang='lat' dir='ltr'><strong>matrimonium,</strong></span> <span class='ocrx_word' id='word_1_20' title='bbox 657 601 731 669; x_wconf 87' lang='lat' dir='ltr'><strong>iure</strong></span> <span class='ocrx_word' id='word_1_21' title='bbox 758 600 920 689; x_wconf 88' lang='lat' dir='ltr'><strong>antiquo,</strong></span> <span class='ocrx_word' id='word_1_22' title='bbox 940 622 980 669; x_wconf 88' lang='lat' dir='ltr'><strong>eo</strong></span> <span class='ocrx_word' id='word_1_23' title='bbox 1013 623 1132 693; x_wconf 83' lang='lat' dir='ltr'><strong>nempe</strong></span> 
     </span>
    </p>

    <p class='ocr_par' dir='ltr' id='par_1_3' title="bbox 161 693 1133 2826">
     <span class='ocr_line' id='line_1_5' title="bbox 161 693 1130 787; baseline -0.001 -20"><span class='ocrx_word' id='word_1_24' title='bbox 161 710 165 713; x_wconf 78' lang='grc'>’</span> <span class='ocrx_word' id='word_1_25' title='bbox 201 699 289 787; x_wconf 82' lang='lat' dir='ltr'><strong>quod</strong></span> <span class='ocrx_word' id='word_1_26' title='bbox 310 714 385 767; x_wconf 87' lang='lat' dir='ltr'><strong>ante</strong></span> <span class='ocrx_word' id='word_1_27' title='bbox 404 697 588 786; x_wconf 81' lang='lat' dir='ltr'><strong>Concilium</strong></span> <span class='ocrx_word' id='word_1_28' title='bbox 617 694 708 763; x_wconf 85' lang='lat' dir='ltr'><strong>Trid.</strong></span> <span class='ocrx_word' id='word_1_29' title='bbox 742 693 948 763; x_wconf 86' lang='lat' dir='ltr'><strong>serrabatur.</strong></span> <span class='ocrx_word' id='word_1_30' title='bbox 970 694 1024 763; x_wconf 90' lang='lat' dir='ltr'><strong>Sic</strong></span> <span class='ocrx_word' id='word_1_31' title='bbox 1041 704 1130 766; x_wconf 88' lang='lat' dir='ltr'><strong>enim</strong></span> 
     </span>
     <span class='ocr_line' id='line_1_6' title="bbox 202 787 1133 861; baseline 0.003 -4"><span class='ocrx_word' id='word_1_32' title='bbox 202 793 278 861; x_wconf 90' lang='lat' dir='ltr'><strong>iure</strong></span> <span class='ocrx_word' id='word_1_33' title='bbox 305 793 346 860; x_wconf 88' lang='lat' dir='ltr'><strong>ad</strong></span> <span class='ocrx_word' id='word_1_34' title='bbox 381 789 581 861; x_wconf 73' lang='lat' dir='ltr'><strong>Matrimonii</strong></span> <span class='ocrx_word' id='word_1_35' title='bbox 622 789 768 857; x_wconf 88' lang='lat' dir='ltr'><strong>valorem</strong></span> <span class='ocrx_word' id='word_1_36' title='bbox 787 787 869 856; x_wconf 89' lang='lat' dir='ltr'><strong>iilud</strong></span> <span class='ocrx_word' id='word_1_37' title='bbox 890 788 1060 859; x_wconf 82' lang='lat' dir='ltr'><strong>dumtaxat</strong></span> <span class='ocrx_word' id='word_1_38' title='bbox 1079 811 1133 860; x_wconf 85' lang='lat' dir='ltr'><strong>re·</strong></span> 
     </span>
     <span class='ocr_line' id='line_1_7' title="bbox 200 881 1129 975; baseline 0 -22"><span class='ocrx_word' id='word_1_39' title='bbox 200 885 424 974; x_wconf 88' lang='lat' dir='ltr'><strong>quirebatur,</strong></span> <span class='ocrx_word' id='word_1_40' title='bbox 448 885 536 975; x_wconf 85' lang='lat' dir='ltr'><strong>quod</strong></span> <span class='ocrx_word' id='word_1_41' title='bbox 558 883 597 952; x_wconf 88' lang='lat' dir='ltr'><strong>ad</strong></span> <span class='ocrx_word' id='word_1_42' title='bbox 618 881 761 951; x_wconf 79' lang='lat' dir='ltr'><strong>aliorum</strong></span> <span class='ocrx_word' id='word_1_43' title='bbox 789 892 1018 951; x_wconf 74' lang='lat' dir='ltr'><strong>contractuum</strong></span> <span class='ocrx_word' id='word_1_44' title='bbox 1039 884 1129 953; x_wconf 88' lang='lat' dir='ltr'><strong>valo·</strong></span> 
     </span>
     <span class='ocr_line' id='line_1_8' title="bbox 200 975 1132 1067; baseline 0 -21"><span class='ocrx_word' id='word_1_45' title='bbox 200 999 270 1047; x_wconf 87' lang='lat' dir='ltr'><strong>rem</strong></span> <span class='ocrx_word' id='word_1_46' title='bbox 292 979 492 1067; x_wconf 83' lang='lat' dir='ltr'><strong>exposcitur.</strong></span> <span class='ocrx_word' id='word_1_47' title='bbox 526 977 735 1065; x_wconf 82' lang='lat' dir='ltr'><strong>Quicumque</strong></span> <span class='ocrx_word' id='word_1_48' title='bbox 766 987 876 1045; x_wconf 88' lang='lat' dir='ltr'><strong>autam</strong></span> <span class='ocrx_word' id='word_1_49' title='bbox 898 975 1132 1065; x_wconf 87' lang='lat' dir='ltr'><strong>iurispruden·</strong></span> 
     </span>
     <span class='ocr_line' id='line_1_9' title="bbox 200 1067 1133 1159; baseline 0.003 -22"><span class='ocrx_word' id='word_1_50' title='bbox 200 1071 278 1143; x_wconf 87' lang='lat' dir='ltr'><strong>tiam</strong></span> <span class='ocrx_word' id='word_1_51' title='bbox 296 1074 345 1141; x_wconf 86' lang='lat' dir='ltr'><strong>vei</strong></span> <span class='ocrx_word' id='word_1_52' title='bbox 366 1073 482 1142; x_wconf 85' lang='lat' dir='ltr'><strong>leviter</strong></span> <span class='ocrx_word' id='word_1_53' title='bbox 499 1070 657 1159; x_wconf 82' lang='lat' dir='ltr'><strong>attigerit,</strong></span> <span class='ocrx_word' id='word_1_54' title='bbox 678 1067 828 1158; x_wconf 86' lang='lat' dir='ltr'><strong>apprime</strong></span> <span class='ocrx_word' id='word_1_55' title='bbox 848 1068 940 1137; x_wconf 89' lang='lat' dir='ltr'><strong>norit</strong></span> <span class='ocrx_word' id='word_1_56' title='bbox 958 1070 1045 1159; x_wconf 89' lang='lat' dir='ltr'><strong>quod</strong></span> <span class='ocrx_word' id='word_1_57' title='bbox 1062 1091 1133 1140; x_wconf 90' lang='lat' dir='ltr'><strong>cae·</strong></span> 
     </span>
     <span class='ocr_line' id='line_1_10' title="bbox 198 1161 1130 1252; baseline -0.001 -21"><span class='ocrx_word' id='word_1_58' title='bbox 198 1165 261 1234; x_wconf 91' lang='lat' dir='ltr'><strong>teri</strong></span> <span class='ocrx_word' id='word_1_59' title='bbox 282 1177 482 1248; x_wconf 85' lang='lat' dir='ltr'><strong>contractus,</strong></span> <span class='ocrx_word' id='word_1_60' title='bbox 504 1163 530 1232; x_wconf 91' lang='lat' dir='ltr'><strong>si</strong></span> <span class='ocrx_word' id='word_1_61' title='bbox 552 1184 609 1232; x_wconf 87' lang='lat' dir='ltr'><strong>eos</strong></span> <span class='ocrx_word' id='word_1_62' title='bbox 634 1161 858 1250; x_wconf 82' lang='lat' dir='ltr'><strong>excipiamus,</strong></span> <span class='ocrx_word' id='word_1_63' title='bbox 882 1162 1058 1252; x_wconf 85' lang='lat' dir='ltr'><strong>inquibus</strong></span> <span class='ocrx_word' id='word_1_64' title='bbox 1080 1166 1130 1234; x_wconf 89' lang='lat' dir='ltr'><strong>rei</strong></span> 
     </span>
     <span class='ocr_line' id='line_1_11' title="bbox 198 1255 1132 1348; baseline -0.002 -22"><span class='ocrx_word' id='word_1_65' title='bbox 198 1258 331 1348; x_wconf 88' lang='lat' dir='ltr'><strong>propria</strong></span> <span class='ocrx_word' id='word_1_66' title='bbox 353 1259 480 1337; x_wconf 80' lang='lat' dir='ltr'><strong>indole,</strong></span> <span class='ocrx_word' id='word_1_67' title='bbox 500 1258 549 1324; x_wconf 85' lang='lat' dir='ltr'><strong>vei</strong></span> <span class='ocrx_word' id='word_1_68' title='bbox 570 1256 704 1346; x_wconf 88' lang='lat' dir='ltr'><strong>speciali</strong></span> <span class='ocrx_word' id='word_1_69' title='bbox 725 1255 824 1343; x_wconf 79' lang='lat' dir='ltr'><strong>lege,</strong></span> <span class='ocrx_word' id='word_1_70' title='bbox 847 1257 1033 1345; x_wconf 88' lang='lat' dir='ltr'><strong>praesentia</strong></span> <span class='ocrx_word' id='word_1_71' title='bbox 1055 1278 1132 1347; x_wconf 89' lang='lat' dir='ltr'><strong>par·</strong></span> 
     </span>
     <span class='ocr_line' id='line_1_12' title="bbox 199 1348 1132 1440; baseline 0.003 -23"><span class='ocrx_word' id='word_1_72' title='bbox 199 1351 282 1419; x_wconf 89' lang='lat' dir='ltr'><strong>tium</strong></span> <span class='ocrx_word' id='word_1_73' title='bbox 303 1351 498 1440; x_wconf 88' lang='lat' dir='ltr'><strong>requiritur,</strong></span> <span class='ocrx_word' id='word_1_74' title='bbox 520 1350 627 1419; x_wconf 84' lang='lat' dir='ltr'><strong>valide</strong></span> <span class='ocrx_word' id='word_1_75' title='bbox 646 1349 745 1418; x_wconf 88' lang='lat' dir='ltr'><strong>etiam</strong></span> <span class='ocrx_word' id='word_1_76' title='bbox 769 1369 828 1438; x_wconf 90' lang='lat' dir='ltr'><strong>per</strong></span> <span class='ocrx_word' id='word_1_77' title='bbox 845 1348 1018 1439; x_wconf 82' lang='lat' dir='ltr'><strong>epistotam</strong></span> <span class='ocrx_word' id='word_1_78' title='bbox 1046 1351 1132 1420; x_wconf 89' lang='lat' dir='ltr'><strong>eele-</strong></span> 
     </span>
     <span class='ocr_line' id='line_1_13' title="bbox 198 1441 1126 1532; baseline 0.002 -22"><span class='ocrx_word' id='word_1_79' title='bbox 198 1444 350 1513; x_wconf 85' lang='lat' dir='ltr'><strong>hrantur.</strong></span> <span class='ocrx_word' id='word_1_80' title='bbox 370 1445 449 1514; x_wconf 81' lang='lat' dir='ltr'><strong>‘iota</strong></span> <span class='ocrx_word' id='word_1_81' title='bbox 472 1444 609 1532; x_wconf 81' lang='lat' dir='ltr'><strong>proinde</strong></span> <span class='ocrx_word' id='word_1_82' title='bbox 627 1441 778 1532; x_wconf 82' lang='lat' dir='ltr'><strong>quaestio</strong></span> <span class='ocrx_word' id='word_1_83' title='bbox 798 1441 833 1510; x_wconf 91' lang='lat' dir='ltr'><strong>in</strong></span> <span class='ocrx_word' id='word_1_84' title='bbox 854 1463 894 1511; x_wconf 92' lang='lat' dir='ltr'><strong>eo</strong></span> <span class='ocrx_word' id='word_1_85' title='bbox 907 1455 1067 1527; x_wconf 84' lang='lat' dir='ltr'><strong>versatur,</strong></span> <span class='ocrx_word' id='word_1_86' title='bbox 1084 1465 1126 1513; x_wconf 89' lang='lat' dir='ltr'><strong>an</strong></span> 
     </span>
     <span class='ocr_line' id='line_1_14' title="bbox 199 1535 1125 1627; baseline 0.001 -23"><span class='ocrx_word' id='word_1_87' title='bbox 199 1536 298 1606; x_wconf 89' lang='lat' dir='ltr'><strong>etiam</strong></span> <span class='ocrx_word' id='word_1_88' title='bbox 313 1549 386 1627; x_wconf 87' lang='lat' dir='ltr'><strong>post</strong></span> <span class='ocrx_word' id='word_1_89' title='bbox 398 1537 629 1607; x_wconf 72' lang='lat' dir='ltr'><strong>&#39;tridentinum</strong></span> <span class='ocrx_word' id='word_1_90' title='bbox 643 1538 748 1605; x_wconf 88' lang='lat' dir='ltr'><strong>valeat</strong></span> <span class='ocrx_word' id='word_1_91' title='bbox 761 1535 1022 1620; x_wconf 87' lang='lat' dir='ltr'><strong>matrimonium,</strong></span> <span class='ocrx_word' id='word_1_92' title='bbox 1037 1540 1125 1627; x_wconf 82' lang='lat' dir='ltr'><strong>quod</strong></span> 
     </span>
     <span class='ocr_line' id='line_1_15' title="bbox 199 1629 1131 1719; baseline -0.001 -18"><span class='ocrx_word' id='word_1_93' title='bbox 199 1649 260 1719; x_wconf 88' lang='lat' dir='ltr'><strong>per</strong></span> <span class='ocrx_word' id='word_1_94' title='bbox 278 1631 452 1719; x_wconf 86' lang='lat' dir='ltr'><strong>epistolam</strong></span> <span class='ocrx_word' id='word_1_95' title='bbox 485 1630 705 1701; x_wconf 87' lang='lat' dir='ltr'><strong>contrahitur.</strong></span> <span class='ocrx_word' id='word_1_96' title='bbox 723 1629 784 1711; x_wconf 80' lang='lat' dir='ltr'><strong>Qui</strong></span> <span class='ocrx_word' id='word_1_97' title='bbox 800 1629 831 1698; x_wconf 93' lang='lat' dir='ltr'><strong>id</strong></span> <span class='ocrx_word' id='word_1_98' title='bbox 847 1642 970 1718; x_wconf 78' lang='lat' dir='ltr'><strong>negant</strong></span> <span class='ocrx_word' id='word_1_99' title='bbox 992 1631 1043 1700; x_wconf 89' lang='lat' dir='ltr'><strong>his</strong></span> <span class='ocrx_word' id='word_1_100' title='bbox 1069 1632 1131 1700; x_wconf 90' lang='lat' dir='ltr'><strong>du·</strong></span> 
     </span>
     <span class='ocr_line' id='line_1_16' title="bbox 198 1722 1131 1813; baseline 0.005 -24"><span class='ocrx_word' id='word_1_101' title='bbox 198 1736 320 1795; x_wconf 90' lang='lat' dir='ltr'><strong>cuntur</strong></span> <span class='ocrx_word' id='word_1_102' title='bbox 337 1724 525 1795; x_wconf 81' lang='lat' dir='ltr'><strong>momentis.</strong></span> <span class='ocrx_word' id='word_1_103' title='bbox 549 1724 593 1793; x_wconf 81' lang='lat' dir='ltr'><strong>Er</strong></span> <span class='ocrx_word' id='word_1_104' title='bbox 613 1722 807 1792; x_wconf 85' lang='lat' dir='ltr'><strong>Tridentino</strong></span> <span class='ocrx_word' id='word_1_105' title='bbox 837 1743 1016 1795; x_wconf 87' lang='lat' dir='ltr'><strong>consensus</strong></span> <span class='ocrx_word' id='word_1_106' title='bbox 1034 1745 1131 1813; x_wconf 79' lang='lat' dir='ltr'><strong>prpe·</strong></span> 
     </span>
     <span class='ocr_line' id='line_1_17' title="bbox 197 1818 1132 1907; baseline 0.002 -23"><span class='ocrx_word' id='word_1_107' title='bbox 197 1819 278 1889; x_wconf 86' lang='lat' dir='ltr'><strong>stari</strong></span> <span class='ocrx_word' id='word_1_108' title='bbox 308 1838 326 1887; x_wconf 85' lang='lat' dir='ltr'><strong>a</strong></span> <span class='ocrx_word' id='word_1_109' title='bbox 346 1818 618 1889; x_wconf 79' lang='lat' dir='ltr'><strong>contrahentibus</strong></span> <span class='ocrx_word' id='word_1_110' title='bbox 642 1818 741 1886; x_wconf 88' lang='lat' dir='ltr'><strong>debet</strong></span> <span class='ocrx_word' id='word_1_111' title='bbox 759 1837 872 1886; x_wconf 89' lang='lat' dir='ltr'><strong>coram</strong></span> <span class='ocrx_word' id='word_1_112' title='bbox 893 1818 1009 1887; x_wconf 84' lang='lat' dir='ltr'><strong>eodem</strong></span> <span class='ocrx_word' id='word_1_113' title='bbox 1031 1838 1132 1907; x_wconf 88' lang='lat' dir='ltr'><strong>paro·</strong></span> 
     </span>
     <span class='ocr_line' id='line_1_18' title="bbox 198 1909 1129 2001; baseline 0.002 -23"><span class='ocrx_word' id='word_1_114' title='bbox 198 1909 260 1980; x_wconf 89' lang='lat' dir='ltr'><strong>cho</strong></span> <span class='ocrx_word' id='word_1_115' title='bbox 281 1922 314 1981; x_wconf 86' lang='lat' dir='ltr'><strong>ct</strong></span> <span class='ocrx_word' id='word_1_116' title='bbox 327 1910 445 1982; x_wconf 90' lang='lat' dir='ltr'><strong>iisdem</strong></span> <span class='ocrx_word' id='word_1_117' title='bbox 459 1912 613 1994; x_wconf 88' lang='lat' dir='ltr'><strong>testibus;</strong></span> <span class='ocrx_word' id='word_1_118' title='bbox 632 1910 827 1999; x_wconf 89' lang='lat' dir='ltr'><strong>neutiquam</strong></span> <span class='ocrx_word' id='word_1_119' title='bbox 843 1931 919 1980; x_wconf 89' lang='lat' dir='ltr'><strong>vero</strong></span> <span class='ocrx_word' id='word_1_120' title='bbox 933 1911 1129 2001; x_wconf 85' lang='lat' dir='ltr'><strong>percipitur,</strong></span> 
     </span>
     <span class='ocr_line' id='line_1_19' title="bbox 199 2004 1133 2097; baseline 0 -24"><span class='ocrx_word' id='word_1_121' title='bbox 199 2006 365 2095; x_wconf 89' lang='lat' dir='ltr'><strong>quomodo</strong></span> <span class='ocrx_word' id='word_1_122' title='bbox 394 2006 457 2077; x_wconf 86' lang='lat' dir='ltr'><strong>hoc</strong></span> <span class='ocrx_word' id='word_1_123' title='bbox 473 2026 534 2097; x_wconf 88' lang='lat' dir='ltr'><strong>per</strong></span> <span class='ocrx_word' id='word_1_124' title='bbox 553 2004 726 2097; x_wconf 86' lang='lat' dir='ltr'><strong>epistolam</strong></span> <span class='ocrx_word' id='word_1_125' title='bbox 748 2004 820 2075; x_wconf 89' lang='lat' dir='ltr'><strong>[ieri</strong></span> <span class='ocrx_word' id='word_1_126' title='bbox 840 2005 954 2094; x_wconf 88' lang='lat' dir='ltr'><strong>possit.</strong></span> <span class='ocrx_word' id='word_1_127' title='bbox 978 2004 1133 2085; x_wconf 83' lang='lat' dir='ltr'><strong>Quamvis</strong></span> 
     </span>
     <span class='ocr_line' id='line_1_20' title="bbox 198 2099 1131 2190; baseline 0.002 -24"><span class='ocrx_word' id='word_1_128' title='bbox 198 2099 287 2168; x_wconf 88' lang='lat' dir='ltr'><strong>enim</strong></span> <span class='ocrx_word' id='word_1_129' title='bbox 307 2099 345 2184; x_wconf 87' lang='lat' dir='ltr'><strong>is,</strong></span> <span class='ocrx_word' id='word_1_130' title='bbox 369 2101 427 2190; x_wconf 91' lang='lat' dir='ltr'><strong>qui</strong></span> <span class='ocrx_word' id='word_1_131' title='bbox 449 2100 576 2189; x_wconf 90' lang='lat' dir='ltr'><strong>accepit</strong></span> <span class='ocrx_word' id='word_1_132' title='bbox 595 2099 793 2188; x_wconf 86' lang='lat' dir='ltr'><strong>epistolam,</strong></span> <span class='ocrx_word' id='word_1_133' title='bbox 817 2099 1002 2172; x_wconf 85' lang='lat' dir='ltr'><strong>consentiat</strong></span> <span class='ocrx_word' id='word_1_134' title='bbox 1020 2119 1131 2168; x_wconf 89' lang='lat' dir='ltr'><strong>coram</strong></span> 
     </span>
     <span class='ocr_line' id='line_1_21' title="bbox 197 2191 1133 2279; baseline 0.003 -20"><span class='ocrx_word' id='word_1_135' title='bbox 197 2191 346 2263; x_wconf 82' lang='lat' dir='ltr'><strong>Paracho</strong></span> <span class='ocrx_word' id='word_1_136' title='bbox 359 2207 393 2265; x_wconf 90' lang='lat' dir='ltr'><strong>et</strong></span> <span class='ocrx_word' id='word_1_137' title='bbox 408 2195 561 2277; x_wconf 86' lang='lat' dir='ltr'><strong>testibus,</strong></span> <span class='ocrx_word' id='word_1_138' title='bbox 582 2214 648 2264; x_wconf 88' lang='lat' dir='ltr'><strong>non</strong></span> <span class='ocrx_word' id='word_1_139' title='bbox 670 2206 782 2262; x_wconf 86' lang='lat' dir='ltr'><strong>tamen</strong></span> <span class='ocrx_word' id='word_1_140' title='bbox 801 2192 949 2279; x_wconf 77' lang='lat' dir='ltr'><strong>legitime</strong></span> <span class='ocrx_word' id='word_1_141' title='bbox 968 2192 1133 2266; x_wconf 81' lang='lat' dir='ltr'><strong>consentit</strong></span> 
     </span>
     <span class='ocr_line' id='line_1_22' title="bbox 196 2285 1127 2376; baseline -0.001 -21"><span class='ocrx_word' id='word_1_142' title='bbox 196 2307 306 2358; x_wconf 86' lang='lat' dir='ltr'><strong>eoram</strong></span> <span class='ocrx_word' id='word_1_143' title='bbox 326 2287 442 2358; x_wconf 89' lang='lat' dir='ltr'><strong>iisdem</strong></span> <span class='ocrx_word' id='word_1_144' title='bbox 465 2287 602 2358; x_wconf 88' lang='lat' dir='ltr'><strong>testibus</strong></span> <span class='ocrx_word' id='word_1_145' title='bbox 623 2286 690 2366; x_wconf 88' lang='lat' dir='ltr'><strong>iile,</strong></span> <span class='ocrx_word' id='word_1_146' title='bbox 714 2285 771 2375; x_wconf 90' lang='lat' dir='ltr'><strong>qui</strong></span> <span class='ocrx_word' id='word_1_147' title='bbox 788 2286 920 2376; x_wconf 86' lang='lat' dir='ltr'><strong>scripsit</strong></span> <span class='ocrx_word' id='word_1_148' title='bbox 938 2285 1127 2375; x_wconf 60' lang='lat' dir='ltr'><strong>epistolam</strong></span> 
     </span>
     <span class='ocr_line' id='line_1_23' title="bbox 197 2378 1130 2469; baseline 0.002 -22"><span class='ocrx_word' id='word_1_149' title='bbox 197 2399 272 2448; x_wconf 91' lang='lat' dir='ltr'><strong>cum</strong></span> <span class='ocrx_word' id='word_1_150' title='bbox 286 2381 374 2449; x_wconf 87' lang='lat' dir='ltr'><strong>euim</strong></span> <span class='ocrx_word' id='word_1_151' title='bbox 385 2380 609 2454; x_wconf 87' lang='lat' dir='ltr'><strong>necessarium</strong></span> <span class='ocrx_word' id='word_1_152' title='bbox 619 2379 672 2460; x_wconf 86' lang='lat' dir='ltr'><strong>sit,</strong></span> <span class='ocrx_word' id='word_1_153' title='bbox 681 2390 718 2448; x_wconf 89' lang='lat' dir='ltr'><strong>ut</strong></span> <span class='ocrx_word' id='word_1_154' title='bbox 728 2379 982 2469; x_wconf 82' lang='lat' dir='ltr'><strong>acceptetetiam</strong></span> <span class='ocrx_word' id='word_1_155' title='bbox 993 2378 1130 2449; x_wconf 87' lang='lat' dir='ltr'><strong>alterius</strong></span> 
     </span>
     <span class='ocr_line' id='line_1_24' title="bbox 196 2472 1132 2562; baseline 0.001 -21"><span class='ocrx_word' id='word_1_156' title='bbox 196 2492 406 2556; x_wconf 86' lang='lat' dir='ltr'><strong>consensum,</strong></span> <span class='ocrx_word' id='word_1_157' title='bbox 429 2494 503 2543; x_wconf 87' lang='lat' dir='ltr'><strong>curn</strong></span> <span class='ocrx_word' id='word_1_158' title='bbox 525 2493 591 2562; x_wconf 89' lang='lat' dir='ltr'><strong>quo</strong></span> <span class='ocrx_word' id='word_1_159' title='bbox 612 2472 785 2562; x_wconf 85' lang='lat' dir='ltr'><strong>proposuit</strong></span> <span class='ocrx_word' id='word_1_160' title='bbox 804 2472 1020 2551; x_wconf 85' lang='lat' dir='ltr'><strong>contrahere,</strong></span> <span class='ocrx_word' id='word_1_161' title='bbox 1040 2472 1132 2542; x_wconf 89' lang='lat' dir='ltr'><strong>hunc</strong></span> 
     </span>
     <span class='ocr_line' id='line_1_25' title="bbox 197 2565 1129 2655; baseline 0.004 -24"><span class='ocrx_word' id='word_1_162' title='bbox 197 2577 368 2653; x_wconf 84' lang='lat' dir='ltr'><strong>acceptare</strong></span> <span class='ocrx_word' id='word_1_163' title='bbox 388 2566 527 2655; x_wconf 85' lang='lat' dir='ltr'><strong>nequit,</strong></span> <span class='ocrx_word' id='word_1_164' title='bbox 546 2586 620 2634; x_wconf 91' lang='lat' dir='ltr'><strong>cum</strong></span> <span class='ocrx_word' id='word_1_165' title='bbox 643 2566 750 2634; x_wconf 89' lang='lat' dir='ltr'><strong>adhuc</strong></span> <span class='ocrx_word' id='word_1_166' title='bbox 770 2565 902 2655; x_wconf 79' lang='lat' dir='ltr'><strong>ignoret</strong></span> <span class='ocrx_word' id='word_1_167' title='bbox 926 2586 967 2637; x_wconf 76' lang='lat' dir='ltr'><strong>an</strong></span> <span class='ocrx_word' id='word_1_168' title='bbox 991 2586 1129 2638; x_wconf 83' lang='lat' dir='ltr'><strong>consen·</strong></span> 
     </span>
     <span class='ocr_line' id='line_1_26' title="bbox 196 2659 1130 2750; baseline 0.002 -24"><span class='ocrx_word' id='word_1_169' title='bbox 196 2678 296 2727; x_wconf 87' lang='lat' dir='ltr'><strong>surus</strong></span> <span class='ocrx_word' id='word_1_170' title='bbox 309 2659 353 2729; x_wconf 88' lang='lat' dir='ltr'><strong>sit</strong></span> <span class='ocrx_word' id='word_1_171' title='bbox 368 2660 407 2728; x_wconf 93' lang='lat' dir='ltr'><strong>ad</strong></span> <span class='ocrx_word' id='word_1_172' title='bbox 426 2660 626 2731; x_wconf 88' lang='lat' dir='ltr'><strong>oblationem</strong></span> <span class='ocrx_word' id='word_1_173' title='bbox 645 2659 863 2744; x_wconf 87' lang='lat' dir='ltr'><strong>matrimonii,</strong></span> <span class='ocrx_word' id='word_1_174' title='bbox 880 2680 965 2750; x_wconf 83' lang='lat' dir='ltr'><strong>quae</strong></span> <span class='ocrx_word' id='word_1_175' title='bbox 984 2680 1044 2749; x_wconf 80' lang='lat' dir='ltr'><strong>per</strong></span> <span class='ocrx_word' id='word_1_176' title='bbox 1059 2659 1130 2749; x_wconf 88' lang='lat' dir='ltr'><strong>epi·</strong></span> 
     </span>
     <span class='ocr_line' id='line_1_27' title="bbox 197 2751 504 2826; baseline 0.016 -8"><span class='ocrx_word' id='word_1_177' title='bbox 197 2751 314 2821; x_wconf 85' lang='lat' dir='ltr'><strong>stolam</strong></span> <span class='ocrx_word' id='word_1_178' title='bbox 335 2754 417 2826; x_wconf 84' lang='lat' dir='ltr'><strong>iacta</strong></span> <span class='ocrx_word' id='word_1_179' title='bbox 439 2766 504 2826; x_wconf 78' lang='lat' dir='ltr'><strong>est·</strong></span> 
     </span>
    </p>

    <p class='ocr_par' dir='ltr' id='par_1_4' title="bbox 195 2843 1150 3312">
     <span class='ocr_line' id='line_1_28' title="bbox 243 2843 1128 2930; baseline 0.003 -19"><span class='ocrx_word' id='word_1_180' title='bbox 243 2843 406 2916; x_wconf 78' lang='lat' dir='ltr'><strong>validiora</strong></span> <span class='ocrx_word' id='word_1_181' title='bbox 425 2859 548 2930; x_wconf 89' lang='lat' dir='ltr'><strong>tomen,</strong></span> <span class='ocrx_word' id='word_1_182' title='bbox 570 2846 603 2914; x_wconf 96' lang='lat' dir='ltr'><strong>ni</strong></span> <span class='ocrx_word' id='word_1_183' title='bbox 618 2846 777 2930; x_wconf 79' lang='lat' dir='ltr'><strong>fallimur,</strong></span> <span class='ocrx_word' id='word_1_184' title='bbox 798 2866 836 2914; x_wconf 91' lang='lat' dir='ltr'><strong>ea</strong></span> <span class='ocrx_word' id='word_1_185' title='bbox 858 2855 1024 2918; x_wconf 87' lang='lat' dir='ltr'><strong>momenta</strong></span> <span class='ocrx_word' id='word_1_186' title='bbox 1041 2857 1128 2927; x_wconf 91' lang='lat' dir='ltr'><strong>sunt,</strong></span> 
     </span>
     <span class='ocr_line' id='line_1_29' title="bbox 197 2938 1126 3030; baseline 0.003 -25"><span class='ocrx_word' id='word_1_187' title='bbox 197 2957 283 3027; x_wconf 84' lang='lat' dir='ltr'><strong>quac</strong></span> <span class='ocrx_word' id='word_1_188' title='bbox 302 2941 488 3012; x_wconf 84' lang='lat' dir='ltr'><strong>contrariae</strong></span> <span class='ocrx_word' id='word_1_189' title='bbox 502 2953 535 3010; x_wconf 90' lang='lat' dir='ltr'><strong>et</strong></span> <span class='ocrx_word' id='word_1_190' title='bbox 555 2940 690 3030; x_wconf 83' lang='lat' dir='ltr'><strong>quidem</strong></span> <span class='ocrx_word' id='word_1_191' title='bbox 707 2938 927 3017; x_wconf 87' lang='lat' dir='ltr'><strong>communiori</strong></span> <span class='ocrx_word' id='word_1_192' title='bbox 943 2938 1126 3009; x_wconf 86' lang='lat' dir='ltr'><strong>sententiae</strong></span> 
     </span>
     <span class='ocr_line' id='line_1_30' title="bbox 197 3031 1126 3124; baseline 0.002 -25"><span class='ocrx_word' id='word_1_193' title='bbox 197 3031 435 3122; x_wconf 77' lang='lat' dir='ltr'><strong>suffragantur,</strong></span> <span class='ocrx_word' id='word_1_194' title='bbox 459 3034 536 3124; x_wconf 88' lang='lat' dir='ltr'><strong>quia</strong></span> <span class='ocrx_word' id='word_1_195' title='bbox 557 3035 630 3102; x_wconf 90' lang='lat' dir='ltr'><strong>iure</strong></span> <span class='ocrx_word' id='word_1_196' title='bbox 645 3033 795 3123; x_wconf 83' lang='lat' dir='ltr'><strong>antiquo,</strong></span> <span class='ocrx_word' id='word_1_197' title='bbox 816 3045 853 3103; x_wconf 90' lang='lat' dir='ltr'><strong>ut</strong></span> <span class='ocrx_word' id='word_1_198' title='bbox 866 3032 1020 3116; x_wconf 84' lang='lat' dir='ltr'><strong>diximus,</strong></span> <span class='ocrx_word' id='word_1_199' title='bbox 1036 3033 1126 3122; x_wconf 90' lang='lat' dir='ltr'><strong>quod</strong></span> 
     </span>
     <span class='ocr_line' id='line_1_31' title="bbox 196 3126 1127 3215; baseline 0.002 -21"><span class='ocrx_word' id='word_1_200' title='bbox 196 3138 272 3197; x_wconf 89' lang='lat' dir='ltr'><strong>ante</strong></span> <span class='ocrx_word' id='word_1_201' title='bbox 292 3127 521 3202; x_wconf 80' lang='lat' dir='ltr'><strong>Tridentinum</strong></span> <span class='ocrx_word' id='word_1_202' title='bbox 543 3128 747 3208; x_wconf 85' lang='lat' dir='ltr'><strong>serrabatur,</strong></span> <span class='ocrx_word' id='word_1_203' title='bbox 767 3126 902 3197; x_wconf 83' lang='lat' dir='ltr'><strong>traditio</strong></span> <span class='ocrx_word' id='word_1_204' title='bbox 922 3137 956 3195; x_wconf 83' lang='lat' dir='ltr'><strong>et</strong></span> <span class='ocrx_word' id='word_1_205' title='bbox 973 3136 1127 3215; x_wconf 86' lang='lat' dir='ltr'><strong>accepta·</strong></span> 
     </span>
     <span class='ocr_line' id='line_1_32' title="bbox 195 3218 1150 3312; baseline 0 -24"><span class='ocrx_word' id='word_1_206' title='bbox 195 3218 242 3288; x_wconf 89' lang='lat' dir='ltr'><strong>tio</strong></span> <span class='ocrx_word' id='word_1_207' title='bbox 262 3220 336 3290; x_wconf 84' lang='lat' dir='ltr'><strong>deri</strong></span> <span class='ocrx_word' id='word_1_208' title='bbox 357 3221 465 3311; x_wconf 82' lang='lat' dir='ltr'><strong>potuit</strong></span> <span class='ocrx_word' id='word_1_209' title='bbox 484 3242 543 3311; x_wconf 82' lang='lat' dir='ltr'><strong>par</strong></span> <span class='ocrx_word' id='word_1_210' title='bbox 562 3222 753 3310; x_wconf 87' lang='lat' dir='ltr'><strong>epistolam,</strong></span> <span class='ocrx_word' id='word_1_211' title='bbox 777 3231 814 3289; x_wconf 90' lang='lat' dir='ltr'><strong>ut</strong></span> <span class='ocrx_word' id='word_1_212' title='bbox 833 3220 867 3312; x_wconf 90' lang='lat' dir='ltr'><strong>in</strong></span> <span class='ocrx_word' id='word_1_213' title='bbox 886 3220 1027 3292; x_wconf 86' lang='lat' dir='ltr'><strong>caeteris</strong></span> <span class='ocrx_word' id='word_1_214' title='bbox 1047 3240 1127 3289; x_wconf 90' lang='lat' dir='ltr'><strong>oon·</strong></span> <span class='ocrx_word' id='word_1_215' title='bbox 1146 3307 1150 3310; x_wconf 12' lang='grc' dir='ltr'><em>Α</em></span> 
     </span>
    </p>

    <p class='ocr_par' dir='ltr' id='par_1_5' title="bbox 96 3312 1158 3593">
     <span class='ocr_line' id='line_1_33' title="bbox 96 3312 1128 3404; baseline 0 -23"><span class='ocrx_word' id='word_1_216' title='bbox 96 3376 99 3381; x_wconf 78' lang='grc'><em>,</em></span> <span class='ocrx_word' id='word_1_217' title='bbox 196 3313 370 3384; x_wconf 83' lang='lat' dir='ltr'><strong>tractibus.</strong></span> <span class='ocrx_word' id='word_1_218' title='bbox 401 3315 483 3385; x_wconf 85' lang='lat' dir='ltr'><strong>Cum</strong></span> <span class='ocrx_word' id='word_1_219' title='bbox 515 3315 618 3404; x_wconf 78' lang='lat' dir='ltr'><strong>igitur</strong></span> <span class='ocrx_word' id='word_1_220' title='bbox 637 3335 705 3386; x_wconf 91' lang='lat' dir='ltr'><strong>non</strong></span> <span class='ocrx_word' id='word_1_221' title='bbox 727 3326 855 3388; x_wconf 86' lang='lat' dir='ltr'><strong>constet</strong></span> <span class='ocrx_word' id='word_1_222' title='bbox 880 3314 970 3403; x_wconf 85' lang='lat' dir='ltr'><strong>qnod</strong></span> <span class='ocrx_word' id='word_1_223' title='bbox 989 3312 1128 3399; x_wconf 54' lang='lat' dir='ltr'><strong>Tridenf</strong></span> 
     </span>
     <span class='ocr_line' id='line_1_34' title="bbox 197 3403 1129 3498; baseline -0.003 -22"><span class='ocrx_word' id='word_1_224' title='bbox 197 3403 304 3480; x_wconf 86' lang='lat' dir='ltr'><strong>tinum</strong></span> <span class='ocrx_word' id='word_1_225' title='bbox 318 3407 353 3476; x_wconf 90' lang='lat' dir='ltr'><strong>in</strong></span> <span class='ocrx_word' id='word_1_226' title='bbox 366 3408 429 3478; x_wconf 82' lang='lat' dir='ltr'><strong>hoc</strong></span> <span class='ocrx_word' id='word_1_227' title='bbox 448 3408 573 3498; x_wconf 78' lang='lat' dir='ltr'><strong>aliquid</strong></span> <span class='ocrx_word' id='word_1_228' title='bbox 587 3408 802 3489; x_wconf 78' lang='lat' dir='ltr'><strong>innovarem,</strong></span> <span class='ocrx_word' id='word_1_229' title='bbox 816 3407 889 3480; x_wconf 83' lang='lat' dir='ltr'><strong>fieri</strong></span> <span class='ocrx_word' id='word_1_230' title='bbox 901 3408 1002 3480; x_wconf 83' lang='lat' dir='ltr'><strong>etiarn</strong></span> <span class='ocrx_word' id='word_1_231' title='bbox 1020 3407 1129 3497; x_wconf 90' lang='lat' dir='ltr'><strong>potuit</strong></span> 
     </span>
     <span class='ocr_line' id='line_1_35' title="bbox 196 3500 1158 3593; baseline 0.01 -26"><span class='ocrx_word' id='word_1_232' title='bbox 196 3510 271 3587; x_wconf 88' lang='lat' dir='ltr'><strong>post</strong></span> <span class='ocrx_word' id='word_1_233' title='bbox 289 3500 543 3586; x_wconf 68' lang='lat' dir='ltr'><strong>Tridentium,</strong></span> <span class='ocrx_word' id='word_1_234' title='bbox 566 3504 655 3591; x_wconf 91' lang='lat' dir='ltr'><strong>quod</strong></span> <span class='ocrx_word' id='word_1_235' title='bbox 676 3502 746 3593; x_wconf 89' lang='lat' dir='ltr'><strong>ipsa</strong></span> <span class='ocrx_word' id='word_1_236' title='bbox 758 3501 908 3574; x_wconf 76' lang='lat' dir='ltr'><strong>traditio</strong></span> <span class='ocrx_word' id='word_1_237' title='bbox 927 3512 962 3571; x_wconf 87' lang='lat' dir='ltr'><strong>et</strong></span> <span class='ocrx_word' id='word_1_238' title='bbox 978 3512 1158 3590; x_wconf 75' lang='lat' dir='ltr'><strong>accepta.</strong></span> 
     </span>
    </p>
   </div>
   <div class='ocr_carea' id='block_1_3' title="bbox 0 0 1326 4175">
    <p class='ocr_par' dir='ltr' id='par_1_6' title="bbox 0 0 1326 4175">
     <span class='ocr_line' id='line_1_36' title="bbox 0 0 1326 4175; baseline 0 1"><span class='ocrx_word' id='word_1_239' title='bbox 0 0 1326 4175; x_wconf 95' lang='lat' dir='ltr'><strong> </strong></span> 
     </span>
    </p>
   </div>
  </div>
 </body>
</html>
