2642 4175
505 341 668 387 apannmx
686 344 721 386 11.
970 332 1034 389 ⁶11

146 436 195 506 tio
216 438 306 506 nulla
328 450 379 507 est
407 439 449 507 ob
480 439 643 506 incestum
664 440 831 508 reticitum
853 440 886 508 in
905 440 1082 530 praeibus3

147 531 210 613 vel,
234 531 275 599 ob
306 531 466 601 incestum
486 543 651 621 patratum
670 533 721 601 vel
741 533 895 603 iteratum
916 546 988 622 post
1005 534 1083 603 mis·

148 644 202 692 sas
230 645 343 712 preces
368 635 401 694 et
431 637 507 693 ante
536 624 791 714 dispensationis
822 628 1081 708 exsecutionem

148 718 219 799 vel,
241 718 282 786 ob
301 718 384 786 falso
404 718 577 806 allegatam
600 720 752 807 copulam
772 721 937 789 carnalem
959 721 1084 810 absque

149 812 247 901 culpa
266 824 459 895 oratorum3
479 813 548 895 vel,
571 813 613 881 ob
633 812 795 881 reticitam
818 813 902 881 bona
925 814 990 883 lide
1010 835 1084 882 ora·

150 915 262 973 torum
288 906 486 975 malitiosam
518 905 822 996 intentionemque
857 905 1001 976 incestus
1024 906 1086 976 fuit

149 999 329 1068 admissus.

197 1092 307 1173 Quare
339 1091 525 1160 humillime
556 1091 744 1180 supplicant
774 1090 996 1161 nominationi
1025 1092 1085 1160 Ve-

149 1199 257 1268 strae,
277 1195 314 1253 ut
343 1186 374 1252 vi
403 1183 568 1253 facultatis
587 1185 787 1272 apostolicae
799 1185 1086 1255 'extraordinariae

148 1279 431 1373 dispensationem
451 1279 548 1346 modo
577 1277 785 1346 fulminatam
805 1280 1013 1348 convalidare
1036 1279 1086 1346 di·

148 1384 287 1460 gnatus.

195 1467 324 1535 Causae
347 1476 442 1533 sunt:
466 1462 502 1530 l⁰
522 1463 693 1533 infamatio
729 1476 900 1534 oratorum
927 1464 1084 1546 vitanda3

148 1557 183 1624 2⁰
204 1558 365 1628 Soandala
386 1557 639 1646 praevenienda.
824 1572 826 1579 ’
923 1560 928 1565 ’

431 1689 485 1758 dia
580 1689 703 1775 mensis
912 1689 990 1758 anni

385 1834 452 1901 NN.
474 1834 700 1904 Conlessarins
725 1836 882 1905 eeclesiae

111 2033 116 2043 ’
181 2045 208 2097 Si
227 2039 390 2110 dispensatio
407 2039 512 2093 obtenta
531 2040 563 2093 sit
582 2058 661 2111 supet
680 2040 876 2108 impedimento,
895 2040 921 2091 in
939 2056 991 2109 quo
1009 2038 1090 2094 Ordi-

146 2123 238 2173 nanius
257 2120 306 2170 loni
328 2119 478 2185 dispensare
501 2135 552 2170 non
571 2127 665 2187 potest,
684 2127 710 2169 et
728 2119 749 2169 si
767 2119 821 2186 ipse
839 2134 895 2169 eam
908 2118 1090 2170 convalidandi

147 2199 273 2250 facultate
284 2196 359 2247 Sedis
373 2196 537 2263 Apostolioae
554 2195 757 2248 extraordinaria
775 2212 827 2246 non
839 2193 960 2261 gaudeat,
978 2194 1092 2245 secuni-

148 2281 191 2324 tut·
204 2276 237 2326 ad
258 2272 362 2325 Sacram
382 2273 619 2334 l'oonitentinniam,
638 2273 666 2324 h.
686 2289 710 2323 e.
724 2270 755 2322 nd
774 2271 896 2323 Maiorem
912 2270 1091 2322 Poenitentia-

149 2354 229 2414 tium,
246 2366 293 2418 pro
311 2352 416 2399 Perinde
433 2354 526 2412 valera,
539 2349 609 2418 quod
622 2349 794 2401 confessarios
810 2348 852 2398 vel
874 2347 988 2413 teipsum
1007 2346 1092 2397 lacera

149 2437 248 2493 potest,
265 2425 306 2477 vel
331 2442 378 2493 pen
395 2425 565 2478 Ordinanium
583 2427 637 2478 sive
655 2425 789 2478 officialem
812 2425 874 2484 loci,
898 2432 927 2475 nt
945 2423 995 2474 inm
1013 2438 1091 2489 supra

148 2506 317 2558 dictumest.
