2642 4175
355 368 400 412 nn
417 368 654 415 annuntiamus
675 368 874 415 unsaramma
970 358 1035 417 327

30 475 31 514 ³
148 464 330 554 exponendi
366 466 485 535 modus
516 465 557 534 de
592 476 755 555 potestate
786 466 890 557 ipsius
917 467 1084 540 Ecclesiae

146 558 229 629 nihil
248 558 406 627 detrahit.

191 651 260 721 Nos
280 651 395 741 itaque
414 650 613 722 sententiam
634 661 782 722 nostram
798 652 998 742 explicantes
1015 654 1086 744 pri·

148 765 242 814 mum
262 744 480 829 affirmamus,
498 744 665 814 Ecclesiae
683 757 880 833 potestatem
899 748 1007 818 inesse
1027 749 1086 817 im-

30 903 31 906 ,
150 838 339 927 pedimenta
360 837 608 908 matrimonium
626 837 817 908 dirimentis
837 840 1081 925 constituendi,

30 959 31 962 ¹
150 942 182 1000 et
198 951 274 1000 eam
295 930 428 1019 quidem
447 951 515 1000 non
532 931 729 1020 precariam,
753 952 864 1021 neque
884 954 901 1002 a
922 932 1085 1023 Principi-

147 1024 208 1093 bus
229 1033 423 1113 acceptam,
446 1024 502 1095 scd
524 1024 660 1093 omniuo
691 1024 860 1113 propriam
880 1037 914 1095 ει
928 1026 1085 1095 nativam.

147 1116 181 1185 ld
195 1116 359 1206 probatur
376 1139 415 1187 ex
432 1129 553 1187 natura
574 1116 746 1187 christiani
761 1116 977 1201 matrimonii,
998 1119 1086 1207 quod
1166 1115 1170 1122 ’

149 1213 287 1299 prorsus
307 1209 481 1299 spirituale
501 1222 562 1294 εει,
585 1210 687 1299 idque
707 1209 898 1299 argumenti
927 1230 1032 1299 genus
1051 1211 1086 1280 in

148 1302 293 1373 secunda
325 1303 489 1373 sententia
519 1303 711 1393 exponenda
736 1303 881 1375 breviter
900 1303 1084 1392 attigimus.

150 1396 276 1465 Deinde
293 1396 511 1467 confirmatur
528 1418 567 1466 en
586 1416 649 1464 usu
679 1396 845 1467 Ecclesiae
862 1418 974 1488 ,qnae
993 1398 1044 1467 vel
1067 1419 1085 1466 a

151 1488 258 1595 prima
277 1501 384 1560 aetate
403 1489 489 1560 hanc
516 1500 711 1579 potestatem
731 1510 885 1580 semper,
909 1502 942 1560 et
962 1489 1086 1581 ubique

153 1581 186 1650 in
218 1582 310 1670 ipsos
329 1601 463 1672 qnoque
493 1580 664 1673 Principes
683 1582 866 1672 explicavit.
886 1582 925 1652 ln
946 1583 1010 1654 hoc
1032 1605 1086 1653 ar-

152 1685 311 1762 gumento
342 1676 477 1765 egregie
494 1688 642 1746 versatus
672 1688 722 1746 est
738 1674 942 1746 Gerbesius
933 1698 968 1745 rn
987 1688 1085 1747 tract

151 1767 190 1836 de
209 1778 373 1856 potestate
393 1768 558 1839 Ecclesiae
585 1781 619 1839 et
636 1769 829 1859 Principum
856 1790 957 1859 super
980 1770 1086 1859 impe·

152 1859 309 1929 dimentis
328 1860 545 1945 matrimonii,
567 1860 637 1947 ubi,
654 1874 737 1932 teste
756 1862 837 1930 Van·
825 1862 984 1952 ·Espenio
1001 1862 1086 1931 luris

152 1951 373 2030 Ecclesiastici
392 1914 639 2044 Universipart
656 1951 1086 2044 n,rit13,capt.18

153 2069 166 2112 ι
190 2047 285 2136 plura
307 2047 514 2138 antiquitatis
532 2007 721 2120 testimonia
746 2057 780 2116 et
799 2049 974 2137 exempla,
1001 2068 1087 2137 quae

150 2138 316 2211 Ecclesiae
336 2154 533 2230 potestatem
553 2141 698 2230 ponendi
718 2140 954 2228 impedimenta
976 2140 1088 2209 matri·

150 2232 252 2301 monii
273 2234 441 2320 evincunt,
464 2256 525 2325 per
539 2234 651 2303 omnia
672 2235 802 2303 saecula
820 2232 965 2316 deducit,
982 2244 1088 2302 osten·

58 2336 61 2341 '
150 2325 289 2414 ditque,
313 2327 399 2397 hanc
419 2328 650 2398 auctoritatem
682 2326 848 2416 accepisse
867 2325 1046 2395 Ecclesiam
1068 2347 1085 2395 a

149 2417 292 2503 Christo,
312 2441 453 2510 eamque
467 2422 540 2490 iure
554 2420 690 2510 proprio
707 2442 724 2489 a
742 2418 860 2508 primis
878 2418 1019 2489 saeculis
1036 2438 1088 2488 us·

150 2532 216 2600 qtae
229 2512 271 2581 ad
290 2513 374 2583 haec
386 2525 536 2603 tempora
554 2533 688 2602 semper
704 2514 766 2582 hac
782 2512 977 2583 auctoritate
993 2532 1086 2582 usam

150 2604 275 2690 luisse,
299 2627 440 2696 eamque
467 2608 713 2697 quodammodo
746 2606 968 2676 necessariam
988 2608 1084 2688 esse,

150 2708 187 2767 ut
206 2698 372 2769 Ecclesiae
397 2701 551 2770 Pastores
581 2700 754 2788 prouidere
784 2711 925 2790 queant,
955 2721 1022 2788 quo
1047 2697 1086 2766 fi-

150 2790 241 2860 deles
257 2793 507 2863 matrimonium
529 2794 571 2862 ita
599 2792 734 2876 ineant,
762 2804 799 2862 ut
818 2792 1021 2862 Sacramenti
1038 2791 1086 2860 al·

150 2883 272 2954 lectum
309 2886 516 2975 spiritualem
554 2897 787 2973 assequantur.
813 2907 827 2950 a
863 2884 1085 2964 Quamobrem

151 2974 242 3045 ldem
263 2976 346 3046 Van·
333 2979 515 3068 ·Espenins
531 2977 606 3047 eod.
625 2998 700 3065 cap.
718 2996 812 3044 num
835 2974 881 3044 10
897 2976 1082 3046 concludit:

154 3092 168 3134 ‹
205 3068 312 3157 lgitur
343 3071 437 3141 filum
476 3069 677 3140 Traditionis
715 3068 892 3175 insequuta
935 3068 1085 3175 Synodus

151 3160 343 3233 Tridentina
369 3176 458 3235 recte
478 3164 653 3234 anathema
674 3160 782 3231 dixit
774 3181 807 3229 m
834 3181 935 3242 eum,
958 3159 1015 3249 qui
1036 3159 1086 3227 di·

149 3255 234 3325 serit
260 3255 441 3328 Ecclesiam
460 3277 527 3327 non
558 3255 705 3364 potuisse
725 3253 927 3323 constituere
945 3250 1086 3340 impedi·

138 3360 261 3425 menta
282 3348 498 3433 dirimentis,
517 3349 603 3419 rel
594 3370 628 3418 m
641 3348 691 3418 iis
713 3345 952 3417 constituendis
978 3364 1086 3415 erras-

139 3459 198 3510 ,se
223 3464 239 3507 r
261 3441 377 3533 ltaque
397 3445 438 3512 de
457 3402 523 3511 fide
542 3453 593 3511 est
623 3440 831 3511 Ecclesiae
822 3459 930 3510 inesse
948 3438 1086 3510 faculta-

135 3544 215 3613 tem
236 3530 474 3624 impedimenta
495 3534 685 3604 dirimentia
706 3533 941 3604 constituendi
