2642 4175
342 407 386 450 nn
403 378 638 453 mandanarum
657 408 857 455 utraruomr
953 398 1024 468 3113

139 505 179 578 25
198 506 267 574 lan.
291 501 396 588 1586,
412 514 482 572 tum
507 503 554 571 tt
577 506 655 574 Nov.
677 504 769 575 tota
787 518 900 596 aperte
917 509 1065 581 declara·

138 612 212 669 runt
228 608 362 687 raptum
383 597 528 682 exalia,
560 620 660 688 quam
693 601 896 670 matrimonii
926 602 1065 673 ineundi

139 713 243 774 causa,
257 691 482 771 commissum,
501 712 568 761 non
588 694 825 783 comprehendi
852 695 988 765 Concilii
1010 698 1068 767 de·

137 799 236 857 creto.
256 784 336 855 Vide
349 785 479 874 Riganti
498 785 691 856 Commend.
721 789 756 857 in
775 788 856 877 Bag.
877 790 1068 864 cancel-ad

136 902 201 951 res.
222 879 278 961 llil,
299 900 332 967 n.
350 876 408 963 5ll,
428 879 485 968 qui
506 878 580 949 iure
601 882 833 951 animadvertit
852 883 929 951 inde
949 905 966 951 a
988 884 1068 953 cita-

137 987 167 1051 ta
185 973 354 1043 decisione
379 993 434 1040 an.
461 971 554 1041 1586
586 995 658 1043 eam
695 996 768 1045 esse
801 974 835 1044 S.
862 977 1069 1064 apostoticae

136 1067 281 1159 praxim,
300 1076 337 1134 ut
356 1064 390 1134 in
412 1066 657 1155 dispensatione
677 1089 778 1158 super
796 1067 908 1158 aliquo
929 1068 1070 1157 impedi-

136 1172 246 1231 mento
268 1159 412 1230 usitatae
430 1161 598 1230 clausulae
627 1185 642 1228 r
672 1162 851 1230 dummodo
872 1162 993 1230 mulier
1017 1184 1070 1231 ra-

137 1267 189 1346 pta
203 1275 271 1323 non
286 1252 413 1323 luerit»
429 1255 615 1343 expressius
630 1256 732 1325 altera
748 1266 930 1345 poneretur
946 1279 961 1321 r
978 1256 1071 1325 dum·
1140 1283 1142 1288 ·

137 1346 374 1416 modo-mulier
399 1356 532 1437 propter
564 1349 622 1417 hoc
653 1362 745 1438 rapta
776 1369 842 1417 non
863 1347 975 1417 suerit.
997 1372 1011 1415 a
1033 1349 1072 1417 ln

137 1442 247 1525 dubio,
267 1461 309 1509 an
331 1452 445 1529 raptus
466 1441 668 1511 matrimonii
688 1443 824 1511 ineundi
840 1462 937 1511 causa
951 1462 1073 1535 perpe-¹

137 1547 239 1604 tratas
258 1532 325 1617 sit,
357 1534 511 1605 adiuncta
531 1537 646 1605 scdulo
672 1547 891 1625 accurateque
921 1535 1071 1605 conside-

136 1629 235 1698 randa
259 1638 349 1695 sunt.
371 1652 384 1693 a
408 1626 440 1695 Si
459 1628 686 1718 quisnuptias
709 1630 775 1698 iam
797 1641 892 1699 antea
926 1628 1071 1699 ambiva-

138 1722 190 1804 rit,
210 1721 258 1789 ait
277 1720 431 1789 Boeckhn
457 1723 498 1791 de
519 1721 635 1813 Spons.
655 1734 690 1792 et
714 1724 808 1793 Matr.
827 1744 861 1791 n.
882 1720 938 1807 50,
958 1744 995 1792 ac
1017 1742 1071 1792 ra·

25 1833 26 1858 ³
136 1816 263 1903 pulsam
285 1834 400 1903 passus
429 1815 469 1884 ad
499 1827 631 1905 raptum
665 1816 837 1899 deveniat,
866 1815 1070 1884 matrimonii

25 1919 26 1922 ’
138 1930 232 1978 causa
254 1908 356 1977 luisse
377 1919 544 1992 censetur3
560 1929 669 1991 secus,
685 1908 712 1976 si
730 1909 823 1997 prius
844 1909 991 1977 animum
1005 1928 1073 1984 me·

137 2022 170 2071 re
191 2002 362 2091 impurum
395 2002 590 2071 ostenderit.
612 2026 627 2067 a
647 2000 709 2071 Ulli
726 2002 773 2069 nil
796 2003 878 2070 certi
898 2023 936 2070 ex
952 2002 1070 2070 adiun-

138 2097 195 2165 ctis
215 2095 316 2165 statui
337 2117 375 2164 ac
395 2096 599 2185 deprehendi
633 2106 763 2185 potest,
791 2096 881 2163 lavor
908 2094 1071 2163 libertatis

138 2187 341 2258 matrimonii
367 2190 552 2278 generatim
574 2189 706 2277 exigere
724 2189 864 2269 videtur,
889 2198 925 2255 ut
943 2199 1069 2275 raptus,

137 2283 246 2370 potius
266 2283 469 2351 matrimonii
490 2282 640 2367 ineundi,
656 2302 755 2372 quam
777 2279 924 2350 libidinis
944 2281 1073 2368 explen-

136 2377 194 2445 dae
211 2397 323 2457 causa,
343 2377 708 2466 factuspraesumatur.
739 2376 786 2443 Ad
807 2386 878 2444 rent
898 2372 1072 2443 instructio

137 2491 194 2558 pro
212 2468 347 2539 iudiciis
367 2470 597 2540 ecclesiasticis
611 2470 746 2559 Imperii
763 2467 925 2539 Austriaci
948 2467 981 2536 in
999 2487 1073 2536 oau-

136 2564 177 2634 sis
193 2562 498 2634 matrimonialibus
511 2585 529 2632 a
543 2563 710 2634 Cardinali
725 2562 881 2651 archiep.
895 2560 1073 2631 Viennensi

136 2657 315 2747 composita
337 2657 419 2726 haec
438 2658 538 2727 habet
557 2658 573 2746 ᾗ
590 2655 670 2726 173:
684 2681 698 2725 c
710 2657 755 2728 De
772 2669 878 2746 rapta,
894 2676 1072 2746 quaecum

136 2764 282 2842 raptore,
303 2752 382 2819 dum
403 2749 435 2818 in
457 2752 529 2820 eius
549 2762 711 2839 potestate
726 2762 949 2840 permaneret,
962 2749 1073 2818 matri-

136 2845 286 2931 monium
307 2846 490 2924 contraxit,
515 2845 795 2933 praesumendum
814 2854 874 2926 est,
895 2843 982 2933 quod
1003 2864 1073 2911 ma·

136 2938 284 3008 trimonii
306 2937 442 3008 ineundi
462 2959 558 3007 causa
577 2950 670 3026 rapta
688 2937 744 3005 sit.
773 2936 865 3017 Quod
896 2936 923 3004 si
943 2945 1073 3004 contra-

137 3031 223 3100 rium
246 3032 344 3121 plene
360 3031 535 3121 probatum
553 3030 666 3112 luerit,
687 3029 836 3098 consistit
855 3027 1073 3098 nihilominus

136 3125 376 3214 praesumptio,
393 3146 466 3195 eam
489 3124 645 3194 violentia
666 3122 789 3191 iniusta
810 3122 849 3190 ad
870 3121 1075 3190 consentien-

137 3220 214 3288 dum
244 3219 394 3288 adactam
417 3239 500 3293 csse.
517 3219 606 3287 llaec
625 3218 695 3306 ipsa
718 3213 943 3305 praesumptio
964 3213 1075 3280 aduer-

137 3333 191 3382 sus
209 3333 310 3382 omne
332 3313 582 3382 matrimonium
605 3311 736 3395 militat,
766 3308 854 3399 quod
875 3327 892 3375 a
913 3326 1074 3396 quacum-

138 3428 202 3496 que
224 3427 366 3496 persona
387 3460 396 3491 ,
425 3424 636 3495 quacumque
657 3424 811 3474 excausa
830 3413 922 3492 rapta
946 3425 961 3467 r
981 3411 1073 3478 antee

137 3521 238 3590 quam
255 3499 443 3570 libertatem
453 3499 587 3589 penitus
601 3497 858 3587 recuperaverit,
870 3505 1074 3565 contractum

135 3593 275 3664 luerit.»
701 3617 703 3621 ’
