2642 4175
246 342 288 401 96
587 358 692 404 osana
708 358 744 404 n.

196 454 447 526 matrimonium
480 456 626 546 copulat.
649 456 771 526 Verum
792 456 875 527 haec
895 455 1076 547 disputatio
1096 480 1140 528 cx

197 546 261 616 aiia
282 550 477 639 quaestione
498 551 637 641 pendet,
660 549 813 640 quisnam
834 549 1038 622 Sacramauti
1069 553 1140 623 dia-

198 640 347 712 trimonii
366 642 514 714 Minister
533 642 598 713 sit?
616 644 697 715 Nam
717 644 774 734 qui
793 645 924 728 docent,
947 645 1036 734 ipsos
1055 666 1139 715 cou-

198 736 367 808 traheutes
384 736 589 808 Sacramenti
618 738 790 808 ministros
810 759 905 824 esse,
929 759 1072 829 quorum
1093 762 1138 808 u·

195 837 316 920 terque
335 831 411 916 sibi,
434 832 483 900 rel
503 830 600 902 atteri
621 831 704 900 ittud
724 831 952 916 administret,
976 832 1138 902 Sacerdo-

197 933 264 994 tem
281 936 394 996 autem
413 926 678 995 noctorimdilem
698 937 828 1009 testem,
852 937 888 995 ut
908 926 1026 1010 aiunt,
1049 929 1137 996 dun·

198 1028 284 1089 taxat
304 1040 399 1103 esse,
421 1020 562 1110 eiusque
591 1019 855 1090 benedictionem
889 1019 1135 1089 caeremoniam

197 1114 480 1196 ecclesiasticam,
516 1134 602 1204 quae
635 1112 676 1181 ad
713 1112 917 1183 Sacramenti
955 1113 1134 1183 essentiam

195 1226 263 1276 nou
281 1208 439 1298 pertinet,
459 1228 670 1297 consequens
695 1218 761 1292 ost,
785 1220 822 1277 ut
842 1206 1045 1277 Sacramenti
1064 1208 1136 1277 ior-

196 1321 281 1370 mam
301 1303 335 1370 in
356 1300 624 1371 contrahentium
646 1301 766 1385 uerbis,
789 1313 847 1370 aut
865 1303 1010 1371 externis
1028 1299 1135 1389 signis

196 1395 368 1479 collocent,
385 1415 489 1485 quum
523 1394 672 1464 omnium
709 1393 996 1465 sacramentorum
1027 1395 1134 1465 dorma

194 1507 256 1575 per
276 1486 566 1557 Sacramentorum
593 1489 763 1558 ministros
791 1500 988 1578 apponatur.
1012 1486 1149 1557 Contra‘

197 1592 307 1650 autem
325 1602 366 1650 ex
385 1581 699 1664 eorum‘scnteutia,
716 1582 773 1670 qui
790 1595 908 1671 putant
921 1581 1131 1650 Sacerdotem

195 1694 263 1742 non
283 1678 381 1744 modo
408 1687 524 1745 testem
553 1677 817 1744 auctorizabilem
836 1697 930 1757 esse,
952 1677 1008 1744 sed
1030 1674 1130 1744 etiam

197 1766 400 1839 Sacramenti
423 1768 625 1851 ministrum,
647 1769 691 1838 ita
713 1781 750 1838 ut
767 1770 839 1839 sine
859 1769 964 1859 ipsius
984 1768 1134 1837 ministe-

194 1861 258 1946 rio,
280 1863 405 1932 validus
426 1863 561 1953 quidem
580 1876 613 1931 et
632 1862 751 1931 firmus
778 1863 981 1933 matrimonii
1000 1878 1132 1930 contra·

195 1966 278 2041 ctus,
295 1978 362 2026 non
380 1971 490 2027 tamen
507 1956 624 2025 confici
641 1955 891 2025 Sacramentum
906 1957 1021 2046 possit,
1031 1955 1128 2045 plane

195 2052 436 2141 consequitur,
473 2049 678 2121 Sacrameuti
714 2050 854 2120 sormam
884 2050 1045 2121 contineri
1079 2048 1131 2118 his

194 2147 327 2215 verbis:
350 2148 423 2236 Epo
442 2168 497 2215 voa
523 2148 561 2214 iu
591 2147 841 2214 matrimonium
868 2147 1052 2234 coniuaqo,
1074 2156 1133 2212 aut

194 2239 268 2311 aliis
287 2240 597 2332 aequivalentibus,
620 2260 707 2327 quae
742 2238 901 2308 Sacerdos
934 2239 1021 2308 iuxta
1039 2258 1132 2312 rece·

194 2346 285 2421 ptum
307 2335 470 2424 cuiusque
490 2332 678 2422 provinciae
710 2333 810 2401 ritum
844 2332 1048 2402 adhibuerit.
1067 2331 1132 2400 lta·

194 2450 260 2517 que
280 2430 321 2496 de
340 2428 489 2497 Ministro
509 2424 709 2494 Matrimonii
729 2427 905 2496 dicendum
925 2427 1001 2496 erit.

617 2650 709 2743 aaa.

447 2808 492 2864 lto
510 2806 655 2864 Ministro
675 2807 878 2865 lutrimonll.

242 2984 280 3053 lu
296 2984 359 3054 hac
379 2984 573 3075 quaestione
592 2983 782 3073 gravissima
804 2983 870 3052 duo
890 2994 968 3053 sunt
988 2981 1075 3072 apud
1093 3004 1131 3050 o·

197 3099 290 3149 mnes
310 3080 497 3169 explorata:
521 3079 547 3147 1.
570 3078 775 3167 opinionem,
795 3080 984 3166 quaesoios
1003 3088 1132 3145 contra·

184 3173 312 3243 dentes
330 3173 535 3243 Sacramenti
557 3173 722 3241 Ministros
740 3172 830 3253 facit,
849 3172 1040 3240 unanimem
1057 3190 1131 3238 esse

195 3280 343 3337 veterum
365 3267 643 3336 Scholasticorum
662 3265 874 3349 senteutiam,
890 3265 976 3334 hanc
989 3264 1078 3334 euim
1094 3275 1132 3331 ut

195 3373 320 3431 certam
340 3373 373 3431 et
393 3363 593 3451 exploratam
627 3372 879 3450 propugnarunt
910 3361 980 3427 iere
1013 3377 1131 3426 omues

196 3455 324 3545 antiqui
345 3455 526 3544 Theologi,
548 3454 702 3543 iurisque
728 3453 885 3523 Canouioi
913 3452 1127 3541 interpretes,

196 3569 281 3639 quae
313 3548 448 3639 quidem
479 3551 514 3619 iu
544 3547 754 3637 Theologiois
770 3547 929 3617 doctrinis
949 3543 1132 3635 antiquitas
