2642 4175
312 352 378 411 258
646 362 750 410 creor
767 362 815 408 m.

264 486 330 553 qua
348 464 465 554 posita,
481 463 579 547 lacto,
599 463 724 553 absque
745 462 814 531 ulla
833 459 1030 544 intentione,
1046 480 1085 529 ac
1099 461 1200 531 deela-
1300 537 1301 540 Ἴ

263 558 404 641 ratione,
428 556 522 647 quasi
539 556 744 625 domicilium
764 555 964 644 acquiritur.
984 553 1047 622 Alii
1065 556 1196 624 demum

263 651 450 734 affirmant,
472 663 605 740 practer
624 650 919 719 commorationem
939 649 973 716 iu
993 649 1079 731 locu,
1101 649 1196 718 etiam

263 744 482 814 intentionem
498 743 625 834 requiri
641 745 755 813 saltem
770 764 830 831 per
844 741 990 812 notabile
1007 752 1137 831 tempus
1153 742 1196 810 ibi

169 913 173 920 ,
262 838 444 920 manendi;
466 859 530 928 qua
552 838 657 927 posita
678 836 884 906 habitatione
904 856 942 904 ac
959 835 1194 918 declaratione,

262 952 281 999 a
302 932 410 1020 primo
431 931 565 1001 instanti
586 930 792 1000 domicilium
815 940 1038 1018 comparatur.
1073 929 1110 997 ln
1135 929 1196 998 hoc

263 1025 504 1094 sententiarum
526 1025 698 1107 conflictu,
721 1045 758 1093 ea
779 1023 875 1092 nobis
903 1022 1065 1091 sententia
1096 1023 1198 1112 magis

262 1118 399 1201 arridet,
415 1139 500 1209 quae
515 1132 606 1188 tenet
623 1116 942 1207 quasi-domicilium
961 1116 1047 1184 haud
1068 1136 1198 1206 semper

262 1213 448 1301 comparari
466 1212 540 1281 iure
555 1233 615 1301 per
634 1232 669 1280 sc
690 1223 722 1280 ct
742 1210 904 1292 absolute,
921 1230 980 1299 per
994 1210 1130 1278 modum
1148 1229 1198 1278 re·

262 1305 372 1392 gulae,
403 1325 441 1373 ex
468 1305 610 1394 simplici
631 1304 731 1373 unius
752 1304 874 1373 mensis
903 1302 1121 1388 habitatione,
1143 1304 1197 1371 sed

138 1429 140 1432 ·
260 1397 362 1467 sutui
383 1418 420 1465 ac
440 1398 654 1467 determinari
683 1419 721 1467 cn
744 1396 842 1466 variis
863 1417 974 1466 rerum
996 1418 1033 1464 ac
1054 1396 1196 1465 circum-

261 1490 458 1558 stantiarum
479 1491 654 1574 adiunctio,
678 1512 764 1580 quae
783 1502 908 1560 attente
929 1511 967 1559 ac
986 1490 1103 1559 scdulo
1124 1510 1198 1559 con·

261 1582 457 1652 siderandae
485 1596 586 1668 sunt,
614 1584 670 1652 ulri
703 1604 875 1673 expressus
897 1604 935 1652 ac
954 1593 1089 1674 apertus
1108 1586 1199 1654 deest

262 1677 489 1745 commorandi
508 1698 569 1766 per
588 1678 734 1747 notabile
755 1691 885 1767 tempus
917 1676 1072 1759 animus;
1095 1699 1199 1766 quau·

262 1769 439 1858 doquidcm
454 1770 774 1860 contingerepotcst,
787 1772 871 1841 utad
886 1770 980 1861 quasi
993 1770 1198 1839 domicilium

261 1864 534 1952 comparandum,
551 1864 730 1953 aliquando
747 1863 870 1954 integri
889 1864 988 1933 unius
1004 1865 1131 1934 mensis
1147 1866 1199 1932 ha·

258 1954 380 2025 ditatio
415 1976 476 2025 nec
505 1958 714 2047 requiratur,
739 1977 801 2026 nec
830 1957 1016 2027 necessaria
1047 1958 1108 2042 sit,
1143 1958 1199 2027 ali-

260 2050 493 2139 quandovero
514 2051 752 2121 nonnullorum
775 2051 872 2122 etiam
892 2050 1056 2120 mensium
1089 2052 1199 2142 lapsus

256 2163 324 2213 nec
344 2143 423 2215 satis
444 2144 510 2229 sit,
530 2165 593 2214 ncc
611 2146 764 2214 sufficiat.
790 2146 914 2215 Revera
935 2145 1115 2235 aliquando
1136 2167 1199 2215 noo

260 2238 388 2327 requiri
422 2238 628 2308 mansionem
655 2260 866 2329 permenses
897 2249 1126 2328 protractum,
1163 2261 1197 2308 er
1297 2298 1298 2301 ,

259 2330 359 2400 citata
382 2331 550 2402 decisione
583 2333 624 2401 de
651 2332 722 2400 viro
755 2343 788 2401 et
822 2332 964 2401 muliere
987 2332 1198 2402 ultraiecten·

259 2423 311 2507 si,
337 2424 433 2494 facile
453 2425 642 2494 deducitur.
677 2426 758 2495 Cum
789 2426 879 2495 enim
909 2425 954 2494 ibi
977 2423 1010 2493 S.
1031 2425 1068 2494 C.
1091 2427 1196 2496 decla·

258 2529 313 2586 ret
333 2519 474 2587 «valere
500 2519 719 2608 coniugium,
741 2517 769 2586 si
789 2518 917 2587 mansio
947 2517 1074 2607 nuptiis
1104 2540 1197 2610 prae·

260 2610 380 2678 cedens
400 2610 500 2681 luerit
519 2613 636 2682 saltem
666 2612 766 2681 unius
791 2613 932 2696 mensis;
955 2623 1194 2694 temnentem,

258 2702 287 2770 si
317 2723 385 2771 non
413 2704 536 2788 luerit,
572 2726 643 2774 rem
676 2707 716 2776 de
751 2727 833 2775 novo
867 2705 900 2774 in
934 2705 1196 2794 congregatione

259 2816 331 2864 esse
352 2800 650 2886 proponendam»
674 2799 821 2888 prolecto
852 2799 1028 2890 sequitur,
1050 2801 1126 2869 dari
1146 2822 1197 2868 ca-

258 2910 344 2970 sum,
364 2912 431 2980 quo
451 2892 546 2982 quasi
566 2892 773 2962 domicilium
790 2893 996 2982 acquiratur,
1019 2905 1195 2983 antequam

258 2983 381 3053 mensis
411 2984 541 3073 integer
573 2986 756 3055 mansionis
784 2986 948 3056 elabatur.
973 2986 1012 3056 Ni
1043 2988 1136 3056 enim
1165 2986 1195 3054 id

257 3076 452 3166 contingere
485 3091 614 3167 posset,
637 3100 774 3169 prorsus
802 3101 869 3149 non
891 3079 1117 3168 intelligitur,
1140 3100 1195 3148 cur

259 3168 294 3239 S.
314 3170 352 3241 G.
374 3172 414 3240 de
439 3192 522 3240 novo
543 3175 785 3242 recurrendum
822 3195 894 3243 esse
926 3173 1190 3263 praescripserit.

257 3263 392 3333 Accedit
409 3279 645 3352 argumentum
667 3268 901 3356 depromptum
923 3286 962 3336 ex
981 3265 1017 3336 S.
1032 3266 1070 3343 C.
1087 3267 1125 3336 C.
1140 3268 1193 3335 dc·

258 3356 383 3426 cisione
400 3358 434 3426 in
451 3358 642 3449 Gratianop.
667 3357 689 3427 3
719 3362 797 3450 Apr.
834 3357 939 3428 tunt.
970 3360 1139 3449 Agebatur
1154 3359 1194 3427 dc

257 3450 484 3535 matrimonio,
506 3453 594 3543 quod
610 3454 750 3523 londini
765 3455 800 3523 in
813 3453 943 3543 anglia,
959 3466 1034 3544 post
1049 3456 1126 3523 octo
1140 3463 1194 3522 aut

256 3542 372 3612 decem
393 3544 524 3615 dierum
548 3547 869 3631 commorationem,
889 3547 939 3617 vir
959 3544 1193 3637 gratianopoli·
1271 3554 1272 3573 ¹
