2642 4175
307 315 310 319 ’
389 347 432 390 na
450 346 684 390 nuruumnurrs
704 344 902 390 meramnum
998 332 1062 391 281

174 444 358 536 proviaciis
378 442 556 513 foederatis
574 443 819 512 contrabuntur
839 441 949 527 abiis,
972 466 1116 534 quorum

172 539 385 609 domicilium
407 538 441 605 in
455 536 649 625 regionibus
665 537 906 606 catholicorum
926 538 1115 629 principum

172 653 365 723 eorumque
384 631 531 701 dominio
555 631 656 702 situm
679 642 752 716 est,
772 631 813 699 de
837 631 957 721 quibus
977 632 1034 702 ubi
1067 631 1117 702 di·

172 727 324 816 sputatio
363 726 557 813 contingat,
592 726 680 795 iuxta
713 725 871 794 canonica
910 726 993 795 iuris
1025 726 1117 816 prin·

171 822 289 910 cipio,
327 832 361 890 et
388 820 543 909 probatas
575 818 607 886 S.
640 819 676 888 C.
706 819 950 903 resolutiones,
984 820 1114 889 decida-

172 928 248 984 tur.
271 914 472 995 Quibusnam
495 912 680 982 rationibus
700 912 779 981 Bau.
796 912 996 986 illituum
1014 913 1059 982 sit
1076 914 1116 983 ad

171 1008 267 1077 hanc
281 1007 538 1077 declarationem
552 1008 779 1089 emittendam,
797 1006 966 1095 inquirere
980 1007 1117 1096 longum
1151 1081 1158 1088 ,

90 1116 105 1138 '⁸
173 1114 242 1182 est,
262 1123 322 1171 nec
343 1103 382 1170 ad
404 1100 436 1169 id
469 1102 558 1190 quod
588 1113 776 1191 spectamus
797 1100 1038 1169 necessarium.
1058 1100 1118 1169 Ve·
1245 1181 1247 1186 ¹

172 1216 256 1264 rum
284 1196 366 1264 baec
385 1194 587 1278 declaratio,
611 1194 736 1284 absque
756 1214 838 1263 nova
869 1214 906 1262 ac
926 1194 1062 1284 speciali
1083 1192 1117 1262 S.

177 1288 277 1358 Sedis
304 1288 471 1357 decisione
502 1289 660 1378 applicari
695 1287 811 1378 nequit
837 1287 1058 1358 matrimoniis
1084 1288 1118 1356 in

112 1409 116 1417 ¹
178 1381 259 1451 aliis
278 1383 381 1458 locis,
403 1401 441 1450 ac
460 1383 653 1471 regionibns
685 1381 799 1466 initis,
822 1381 901 1451 licet
918 1384 1032 1451 eadem
1054 1382 1119 1451 cir-

177 1475 625 1545 constantiarumadiuocta
641 1477 782 1560 faveant,
801 1473 928 1543 uisu.
941 1476 987 1546 ait
1006 1477 1045 1544 ad
1065 1477 1119 1545 Vi-

175 1567 307 1638 carium
335 1569 557 1657 Cepitnlar-em
580 1569 818 1639 Pistoriensem
842 1566 886 1636 18
904 1572 987 1658 Aug.
1011 1569 1117 1640 1818.

175 1664 226 1731 De
246 1663 461 1751 regionibus,
484 1663 607 1752 quibus
638 1665 753 1733 eudem
777 1684 815 1733 ex
842 1662 874 1731 S.
896 1661 989 1732 Setlis
1010 1664 1119 1734 indul-

175 1756 376 1845 genuerim
397 1777 491 1825 suam
520 1768 785 1848 potestatemque
811 1756 956 1841 exserit,
979 1756 1118 1827 inferius

177 1870 292 1919 sermo
312 1850 445 1918 redibit.
545 1884 548 1888 >

228 1942 406 2023 Quaeritur
425 1940 462 2011 3ο
482 1964 522 2011 an
543 1944 633 2013 nulla
651 1954 684 2011 et
703 1942 842 2011 invalide
863 1939 929 2009 sint
950 1944 1120 2013 matrimo-

183 2035 254 2121 nia,
276 2057 373 2127 quae,
396 2057 461 2106 non
482 2049 608 2106 servata
630 2039 735 2106 forma
748 2034 901 2117 Concilii,
920 2035 961 2103 ab
974 2034 1119 2107 baereti-

179 2131 230 2200 cis
247 2132 489 2200 contrahuntur
517 2133 550 2199 in
581 2132 645 2200 illis
666 2130 885 2218 regionibus,
914 2128 948 2196 in
969 2129 1118 2217 quibus,

182 2237 317 2314 praeter
334 2246 411 2294 suos
433 2224 613 2310 ministres,
634 2225 768 2313 templa,
789 2235 822 2293 et
840 2233 961 2292 statum
980 2223 1120 2311 legalem

179 2341 199 2385 a
216 2319 380 2408 gubernio
400 2319 596 2408 probatum,
619 2328 838 2408 protestantes
858 2316 1049 2387 societatem
1067 2339 1121 2388 ve·

125 2440 128 2445 ,
179 2433 253 2481 ram
274 2433 313 2480 ac
332 2413 501 2503 propriam
517 2434 576 2502 per
605 2433 640 2481 se
665 2424 805 2485 stantem
826 2410 1027 2480 acatholica
1048 2434 1120 2482 onr-

181 2505 263 2576 ninu
279 2519 464 2595 separatam
480 2507 698 2590 constituunt;
713 2506 780 2575 sive
795 2506 882 2597 quod
898 2506 963 2573 iam
981 2505 1021 2575 ab
1034 2527 1121 2577 anno

179 2597 287 2683 1563,
310 2623 376 2690 quo
397 2601 566 2669 decretum
586 2599 685 2669 Cone.
708 2601 798 2669 l'ritl.
818 2600 944 2670 editum
966 2599 1040 2685 fuit,
1057 2601 1119 2691 ipsi

98 2742 101 2743 ν
177 2693 317 2783 impunc
337 2694 382 2761 ibi
396 2706 601 2782 grassantum
617 2694 684 2764 sive
698 2696 787 2784 quod
801 2694 950 2784 posthac,
967 2714 1122 2764 successu

180 2787 353 2877 temporis,
371 2808 430 2877 per
443 2798 541 2877 'pacta
558 2799 717 2857 conventa
735 2789 767 2855 in
783 2810 863 2876 pace
881 2789 1121 2857 monasterien-

178 2880 219 2964 si,
241 2881 305 2950 sub
325 2882 475 2971 principe
492 2881 687 2961 acatholico,
710 2881 850 2970 publicis
871 2881 970 2950 rebus
989 2882 1122 2970 potiun-

180 2978 236 3043 tu'r
254 2986 289 3043 et
305 2975 532 3059 dominantur;
548 2975 615 3045 sive
632 2977 720 3065 quod
737 2975 869 3043 demum
887 2974 1057 3045 catholicis
1071 2975 1123 3045 in·

181 3068 324 3137 termixti
346 3088 486 3138 numero
504 3090 612 3158 pares,
632 3081 690 3138 aut
721 3067 821 3158 etiam
841 3069 940 3156 longe
971 3068 1123 3157 superio·

182 3161 427 3246 cesaristam,
451 3175 484 3232 et
513 3163 595 3232 iuris
622 3162 848 3252 aequalitate,
883 3160 1123 3229 consuetudine

180 3255 280 3339 civili,
303 3257 478 3346 cultusque
499 3254 662 3336 libertate,
674 3258 753 3327 licet
771 3255 832 3326 sub
851 3253 1014 3326 catholico
1032 3253 1123 3343 priu-

179 3347 275 3438 cipa‚
296 3349 426 3437 integre
454 3351 695 3439 perfruuntur?
725 3350 847 3434 Verbo,
871 3347 1047 3439 quaeritur
1082 3370 1122 3415 u-

177 3454 269 3531 trum
302 3455 474 3532 separatae
507 3445 728 3513 heterodoxae
753 3447 944 3529 societateS,
981 3462 1123 3534 quarum

178 3536 274 3624 origo
295 3550 327 3606 ct
348 3537 518 3607 existentia
536 3537 627 3606 Trid.
654 3538 754 3608 Conc.
786 3537 1042 3627 publicationem
1065 3554 1124 3601 an-
