2642 4175
283 381 349 437 474
601 376 761 441 masur&
779 396 801 440 1.

237 504 333 583 raptu
364 494 399 563 in
418 494 531 564 stricto
549 514 650 564 sensu
670 495 848 576 canonico;
871 493 904 563 7.
931 515 971 564 ex
989 494 1168 564 clandesti-

235 588 351 669 uitata,
371 588 400 655 ri
419 589 543 658 decreti
563 587 732 658 tridentini
749 610 758 671 ;
791 585 826 657 8.
844 609 883 657 ex
902 588 1053 672 crimine,
1075 591 1169 678 quud

237 680 394 770 importat
412 681 612 754 adulterium
625 694 659 751 at
673 681 933 765 matrimonium,
947 682 1074 752 vivente
1086 703 1169 751 cun·

236 774 326 863 iuge,
348 786 562 859 attentatum,
582 775 629 846 vel
657 776 857 846 adulterium
877 797 952 844 cum
974 775 1168 865 promissio-

235 888 279 936 ne
297 868 400 939 futuri
419 869 635 952 matrimonii;
658 880 692 938 ct
709 867 746 937 9.
771 891 810 940 ex
831 870 940 938 cultus
957 869 1163 958 disparitate.

236 963 284 1031 lld
304 975 432 1034 caetera
462 963 695 1054 impedimenta
722 963 877 1033 canonica
903 963 990 1053 quod
1025 973 1164 1051 spectat,

235 1077 275 1126 ex
288 1056 340 1140 iis,
356 1078 442 1146 qnae
458 1057 612 1146 superius
629 1057 850 1146 exposuimus,
872 1057 951 1128 satis
968 1056 1099 1126 abunde
1118 1055 1168 1124 di·

234 1152 417 1238 gnoscitur,
439 1171 504 1240 qua
525 1151 671 1231 ratione,
691 1168 796 1240 quore
815 1152 929 1235 modo,
952 1151 1001 1218 lex
1022 1170 1060 1217 ea
1078 1170 1171 1218 acce·

235 1244 333 1332 perit,
356 1264 393 1314 ac
410 1264 468 1313 sua
490 1243 617 1313 lecerit.
654 1242 687 1312 st
719 1244 795 1334 quis
813 1265 912 1335 porro
939 1243 1022 1313 haec
1054 1242 1170 1311 urania

234 1337 322 1407 serio
342 1350 453 1408 mente
472 1338 638 1421 revolvat,
660 1348 853 1428 attenteque
873 1359 947 1406 cum
968 1338 1008 1406 iis
1033 1357 1171 1425 compa·

234 1443 296 1516 ret,
319 1450 405 1522 quae
435 1432 476 1501 de
508 1430 751 1520 impedimentis
772 1432 937 1501 canonicis
956 1430 1111 1519 superius
1130 1430 1168 1498 in

235 1534 374 1594 tractatu
395 1546 412 1592 a
431 1524 526 1594 nobis
540 1536 617 1593 sunt
629 1525 787 1614 exposita,
803 1523 1171 1614 manifestu'perspieiet

233 1618 361 1686 nullum
379 1617 484 1687 lerme
509 1618 624 1687 adesse
650 1618 845 1687 canonicum
872 1618 1165 1709 impedimentum,

232 1711 333 1800 quod,
353 1711 388 1778 in
407 1710 573 1795 omnibus,
596 1732 671 1779 cum
688 1711 838 1781 civilibus
854 1712 1003 1781 eiusdem
1019 1710 1169 1780 nominis

233 1825 271 1872 ac
287 1804 422 1892 generis
441 1804 687 1893 impedimentis
706 1807 865 1875 amussim
878 1806 1068 1885 concordet,
1084 1804 1166 1893 quin

233 1897 300 1966 imo
319 1898 441 1968 ridebit
459 1899 619 1969 nonnulla
639 1899 737 1983 dari,
760 1920 846 1988 quae
870 1898 1012 1969 maxime
1040 1897 1165 1967 disere-

234 2002 326 2081 pant.

278 2084 348 2154 Duo
368 2083 423 2153 hic
440 2085 556 2155 sedulo
576 2086 720 2178 notanda
737 2099 826 2156 sunt.
860 2086 1010 2157 Alterum
1030 2098 1100 2156 est:
1123 2106 1165 2154 ex

233 2199 300 2269 quo
316 2180 366 2248 ler
379 2180 536 2248 nonnulla
553 2180 787 2270 impedimenta
803 2181 959 2249 canonica
973 2199 1039 2248 non
1054 2198 1168 2249 recen·

230 2283 312 2357 seat,
331 2292 398 2341 non
418 2273 495 2343 inde
513 2274 635 2344 inferas
648 2294 687 2344 ea
703 2294 840 2362 prorsus
853 2295 870 2342 a
884 2274 959 2362 lege
975 2272 1081 2342 reiici.
1100 2273 1166 2341 Lex

232 2387 282 2435 er.
305 2387 356 2455 gr.
379 2366 420 2434 de
439 2379 513 2437 roto
532 2368 692 2451 solemni,
715 2388 753 2436 ac
772 2368 813 2436 de
832 2367 949 2437 urdine
969 2387 1087 2448 sacru,
1118 2367 1163 2435 al·

232 2472 301 2529 tum
316 2459 392 2529 silet
414 2480 422 2540 ;
443 2461 596 2550 sequitur
615 2482 669 2545 ne,
693 2481 731 2529 er
751 2459 814 2530 hoe
832 2461 976 2543 silentio,
998 2460 1087 2548 quod
1114 2481 1166 2530 or·

232 2553 274 2621 dn
293 2551 568 2641 impedimentum
596 2554 692 2622 cirile
711 2553 872 2624 dirimens
904 2575 969 2623 nou
1002 2553 1069 2621 siti
1088 2552 1163 2622 Seio

191 2736 194 2743 Ι
231 2645 345 2714 adesse
365 2646 552 2730 nonnullos,
569 2648 625 2736 qui
640 2647 867 2717 affirmativam
884 2658 1071 2736 sequuntur
1088 2667 1164 2716 sen·

232 2736 380 2821 tentiam,
404 2758 442 2807 ac
472 2740 578 2809 modis
597 2740 751 2811 omnibus
771 2742 970 2831 persuadere
998 2753 1163 2810 conantur

232 2830 421 2902 acirilibus
441 2831 600 2902 ministris
626 2835 836 2905 matrimonia
863 2835 1071 2904 sacerdotum
1091 2856 1165 2925 per·

235 2925 336 3010 mitti,
357 2947 395 2995 ac
414 2927 574 2997 celebrari
591 2939 661 2997 tuto
682 2948 778 3015 posse
806 2949 845 2997 ao
870 2929 1004 2997 debere.
1038 2928 1160 2997 Verum

234 3020 472 3110 pro‘sententia
490 3020 639 3110 negativa
658 3021 754 3110 plura
784 3034 977 3110 argumenta
1010 3022 1161 3112 depromi

234 3124 389 3203 possunt,
410 3125 481 3184 tum
504 3133 543 3182 ex
561 3115 631 3203 ipsa
653 3116 828 3204 praeeipua
848 3114 943 3202 regni
962 3116 1047 3203 lege,
1076 3137 1162 3207 qnae

234 3206 378 3277 admittit
411 3206 605 3296 religionem
636 3208 829 3279 catholicam
864 3228 936 3277 ease
965 3208 1160 3297 religionem

235 3298 357 3384 Status,
380 3311 448 3370 tum
467 3321 503 3369 er
521 3300 594 3370 aliis
610 3301 752 3389 legibus,
774 3300 896 3392 quibus
914 3301 1030 3371 Clerus
1048 3302 1163 3373 cathu-

235 3393 321 3461 lious
339 3393 530 3482 agnoscitur
560 3396 663 3464 sacris
688 3395 870 3465 canonibus
900 3394 1092 3479 subiectus,
1125 3418 1163 3465 oc

236 3487 376 3574 proinde
394 3488 556 3556 obnoxius
569 3488 757 3574 effaotibns,
779 3488 837 3581 qni
854 3488 970 3558 exinde
993 3488 1159 3570 criuntur,

219 3590 306 3647 tum
328 3579 462 3648 demum
483 3601 521 3650 ex
540 3582 712 3652 domorum
730 3604 769 3653 ac
787 3582 1003 3654 tribunalium
1024 3584 1163 3652 aucturi-
