2642 4175
302 399 306 404 .
482 327 525 372 nn
543 325 756 374 sronssrnens
996 317 1039 376 45

145 427 240 496 raldo
252 424 368 514 digno.
378 426 528 495 Alterum
542 437 605 511 est,
615 427 704 516 quod
712 428 876 515 sponsalia
887 427 1087 501 dielblunii

146 519 346 610 simpliciter
366 531 400 588 et
418 520 568 589 absolute
587 520 841 591 celebrabantur
858 575 867 606 ,
887 535 920 592 et
951 527 1086 595 nonnisi

145 614 250 684 biduo
280 625 354 703 post
387 614 532 683 conditio
558 615 720 702 petendae
750 611 1007 705 dispensationis
1026 619 1085 688 ad·

148 708 367 797 iungebatur.
382 707 531 777 Alterum
553 719 613 788 est,
632 709 733 796 quod,
747 708 850 778 inscio
865 710 946 794 viro,
965 724 1001 780 ut
1014 713 1086 803 ipse

147 802 278 885 asserit,
300 802 465 889 supplices
486 822 602 890 preces
623 802 728 872 multo
746 812 822 872 ante
842 822 1027 891 porrectae,
1049 817 1083 875 et

148 895 349 985 apostolicae
369 894 778 984 dispensationislitterae,
799 909 876 966 ante
893 898 962 985 ipsa
983 919 1086 987 spon·

147 988 241 1068 salia,
260 988 454 1076 obsignatae
480 989 624 1057 fuerant.
647 986 774 1067 Quibus
794 990 894 1058 rebus
914 992 1013 1060 sisse
1030 993 1087 1060 ha·

148 1082 331 1163 bentibus,
354 1101 452 1151 nemo
468 1093 541 1165 est,
566 1082 623 1171 qui
645 1082 755 1151 statim
777 1101 844 1151 non
864 1081 995 1166 videat,
1018 1085 1087 1172 pla·

148 1196 258 1265 neque
284 1174 449 1264 intelligat
480 1175 570 1244 houd
588 1176 641 1264 agi
657 1176 692 1244 in
712 1196 790 1244 casu
810 1175 851 1245 de
873 1177 1082 1265 quaestione,

150 1290 191 1337 an
204 1268 373 1358 sponsalia
391 1268 497 1338 valida
514 1268 599 1351 sint,
618 1269 676 1339 sed
694 1268 805 1357 potius
823 1269 952 1359 quaeri,
973 1290 1014 1338 an
1036 1272 1087 1339 di·

148 1361 334 1451 spensatio,
354 1382 372 1429 a
392 1374 585 1446 momento,
608 1384 676 1451 quo
695 1363 822 1451 signata
839 1364 925 1447 luit,
947 1364 1088 1453 impedi·

147 1466 300 1524 mentum
319 1454 507 1539 sustulerit,
531 1456 575 1525 ita
595 1456 731 1545 quidem
758 1467 795 1525 ut
812 1458 978 1546 sponsalia
998 1470 1088 1547 post·

148 1549 286 1618 modum
306 1547 388 1616 inite
419 1569 526 1638 aeque
552 1550 657 1618 valida
679 1550 817 1619 dicenda
847 1563 978 1634 essent,
1002 1572 1040 1619 ac
1058 1552 1086 1620 si

148 1642 239 1712 inter
256 1662 417 1731 personas
436 1653 605 1712 contracta
624 1694 632 1722 ‚
656 1665 742 1733 quae
761 1644 855 1713 nullo
876 1644 1017 1733 amplius
1032 1665 1087 1713 ca·

147 1735 270 1805 nonico
295 1736 533 1825 impedimento
554 1737 594 1806 ad
613 1737 748 1825 nuptias
767 1737 981 1807 celebrandas
1001 1736 1087 1806 deti·

148 1842 328 1898 nerentur.
348 1829 457 1909 Quum
478 1829 558 1898 huic
589 1830 777 1919 quaestioni
808 1830 998 1919 negativum
1031 1850 1086 1900 re·

149 1943 309 2012 sponsum
326 1924 469 1991 dandum
485 1923 606 2006 sit,‹eo
622 1926 711 2013 quod
727 1924 928 2013 dispensatio
941 1944 1008 1994 non
1021 1925 1087 1993 tol·

148 2016 189 2084 lit
209 2017 324 2086 statim
345 2016 646 2107 impedimentum,
670 2018 726 2085 sed
748 2018 940 2085 mandatum
960 2018 1089 2085 dumta-

152 2120 206 2180 xat
239 2111 424 2200 praesefert
450 2112 489 2180 ad
511 2111 791 2201 dispensationem
810 2110 1047 2197 indulgendam
1070 2133 1086 2174 s

153 2205 237 2274 adeo
258 2216 298 2274 ut
312 2203 589 2293 impedimentum
607 2213 808 2293 perseveret,
824 2223 929 2291 usque
944 2203 1023 2270 dum
1037 2201 1090 2269 lit·

151 2309 302 2367 terarum
329 2298 591 2385 Apostolicorum
624 2297 819 2387 exsequutio
839 2296 919 2364 illud
945 2316 1011 2364 non
1031 2315 1090 2364 su·

151 2391 297 2473 stulerit,
315 2390 379 2459 iarn
400 2392 496 2460 lacile
514 2391 724 2479 intelligitur,
745 2412 804 2459 cur
822 2389 857 2458 S.
877 2390 912 2458 C.
929 2391 965 2459 C.
987 2409 1088 2479 spon·

151 2485 234 2554 salia
254 2505 323 2553 non
343 2485 500 2554 sustineri
522 2485 555 2552 in
576 2505 654 2554 casu
680 2484 879 2574 reposuerit.
902 2483 1002 2552 Facili
1027 2504 1088 2573 pa-

150 2578 235 2647 riter
249 2578 349 2646 modo
370 2578 525 2667 explicari
543 2590 684 2667 possunt
702 2590 770 2647 tres
790 2579 950 2646 adductae
966 2597 1089 2667 nuper·

153 2671 262 2740 rimae
281 2670 476 2740 decisiones.
498 2671 579 2740 Nam
594 2672 628 2739 in
649 2671 755 2760 prima
771 2671 880 2760 agitur
893 2673 934 2740 de
950 2691 1087 2760 sponsa·
1211 2700 1213 2703 ·

149 2764 246 2834 libus.
271 2785 356 2852 pure
375 2777 408 2833 et
427 2764 625 2851 simpliciter
651 2765 911 2854 initis,c1nippe
931 2765 1020 2854 quod
1044 2764 1088 2832 de

150 2857 397 2947 dispensatione
417 2857 596 2928 obtinenda
617 2858 726 2927 serius
742 2871 851 2939 aetum
873 2870 933 2941 est,
953 2856 1088 2946 quando
1166 2920 1168 2927 ,

149 2972 270 3041 nempe
290 2951 565 3040 impedimentum
583 2951 890 3037 consanguinitatis,
909 2971 975 3040 quo
989 2970 1087 3039 spon·

149 3045 176 3113 si
196 3044 457 3128 detinebantur,
482 3055 556 3132 post
582 3044 722 3133 primum
751 3045 932 3114 solemnem
957 3045 1086 3112 denun-

149 3139 326 3209 ciationem
346 3138 574 3226 detegebatur,
595 3138 780 3227 eodemque
796 3140 899 3207 terme
918 3148 1088 3204 momento

149 3255 214 3323 quo
233 3233 298 3317 vir,
320 3243 447 3300 mutato
464 3231 622 3315 oonsilio,
642 3231 806 3321 sponsalia
826 3251 901 3298 oum
923 3228 986 3296 alia
1007 3231 1087 3296 con-

148 3328 282 3404 ciliavit,
304 3345 438 3394 oausam
460 3335 654 3414 praeterens
670 3377 679 3409 ,
695 3325 783 3414 quod
800 3322 921 3392 mulier
935 3322 1004 3412 ipsa
1018 3321 1085 3390 iuri

146 3442 205 3492 suo
232 3418 507 3502 renuntiaverit,
529 3418 669 3508 eiusque
700 3428 855 3507 parentes
887 3417 985 3487 fidem
1017 3436 1085 3483 non

144 3513 379 3608 praestiterint
398 3512 433 3581 in
453 3512 611 3583 tradenda
638 3513 727 3598 dote,
751 3533 850 3603 quam
871 3510 1086 3602 promiserat.
