<?xml version="1.0" encoding="UTF-8"?>
<!DOCTYPE html PUBLIC "-//W3C//DTD XHTML 1.0 Transitional//EN"
    "http://www.w3.org/TR/xhtml1/DTD/xhtml1-transitional.dtd">
<html xmlns="http://www.w3.org/1999/xhtml" xml:lang="en" lang="en">
 <head>
  <title>
</title>
<meta http-equiv="Content-Type" content="text/html;charset=utf-8" />
  <meta name='ocr-system' content='tesseract 3.04.00' />
  <meta name='ocr-capabilities' content='ocr_page ocr_carea ocr_par ocr_line ocrx_word'/>
</head>
<body>
  <div class='ocr_page' id='page_1' title='image "./septimiimariaev00veccgoog_0312.png"; bbox 0 0 2642 4175; ppageno 0'>
   <div class='ocr_carea' id='block_1_1' title="bbox 300 338 802 396">
    <p class='ocr_par' dir='ltr' id='par_1_1' title="bbox 300 338 802 396">
     <span class='ocr_line' id='line_1_1' title="bbox 300 338 802 396; baseline -0.004 -1"><span class='ocrx_word' id='word_1_1' title='bbox 300 338 365 395; x_wconf 80' lang='lat'><strong>288</strong></span> <span class='ocrx_word' id='word_1_2' title='bbox 636 350 737 396; x_wconf 82' lang='lat' dir='ltr'><strong>maur</strong></span> <span class='ocrx_word' id='word_1_3' title='bbox 753 349 802 394; x_wconf 84' lang='lat'>111.</span> 
     </span>
    </p>
   </div>
   <div class='ocr_carea' id='block_1_2' title="bbox 250 445 1192 912">
    <p class='ocr_par' dir='ltr' id='par_1_2' title="bbox 250 445 1192 912">
     <span class='ocr_line' id='line_1_2' title="bbox 252 445 1191 542; baseline -0.003 -23"><span class='ocrx_word' id='word_1_4' title='bbox 252 470 335 519; x_wconf 82' lang='lat' dir='ltr'><strong>novo</strong></span> <span class='ocrx_word' id='word_1_5' title='bbox 354 447 596 542; x_wconf 46' lang='lat' dir='ltr'><strong>domicillam}</strong></span> <span class='ocrx_word' id='word_1_6' title='bbox 616 447 711 538; x_wconf 84' lang='lat' dir='ltr'><strong>quasi</strong></span> <span class='ocrx_word' id='word_1_7' title='bbox 726 445 897 518; x_wconf 85' lang='lat' dir='ltr'><strong>domicilio</strong></span> <span class='ocrx_word' id='word_1_8' title='bbox 914 445 1040 530; x_wconf 89' lang='lat' dir='ltr'><strong>habito,</strong></span> <span class='ocrx_word' id='word_1_9' title='bbox 1063 447 1191 537; x_wconf 86' lang='lat' dir='ltr'><strong>absque</strong></span> 
     </span>
     <span class='ocr_line' id='line_1_3' title="bbox 250 541 1189 631; baseline -0.004 -16"><span class='ocrx_word' id='word_1_10' title='bbox 250 542 400 615; x_wconf 82' lang='lat' dir='ltr'><strong>Parooho</strong></span> <span class='ocrx_word' id='word_1_11' title='bbox 414 542 660 611; x_wconf 78' lang='lat' dir='ltr'><strong>contraherent.</strong></span> <span class='ocrx_word' id='word_1_12' title='bbox 670 541 1043 631; x_wconf 86' lang='lat' dir='ltr'><strong>ltaquematrimonium</strong></span> <span class='ocrx_word' id='word_1_13' title='bbox 1058 542 1189 611; x_wconf 90' lang='lat' dir='ltr'><strong>nullum</strong></span> 
     </span>
     <span class='ocr_line' id='line_1_4' title="bbox 253 634 1191 726; baseline -0.002 -21"><span class='ocrx_word' id='word_1_14' title='bbox 253 647 336 721; x_wconf 85' lang='lat' dir='ltr'><strong>erat,</strong></span> <span class='ocrx_word' id='word_1_15' title='bbox 354 647 469 726; x_wconf 88' lang='lat' dir='ltr'><strong>utpote</strong></span> <span class='ocrx_word' id='word_1_16' title='bbox 496 648 702 705; x_wconf 81' lang='lat' dir='ltr'><strong>contractum</strong></span> <span class='ocrx_word' id='word_1_17' title='bbox 727 635 762 704; x_wconf 92' lang='lat' dir='ltr'><strong>in</strong></span> <span class='ocrx_word' id='word_1_18' title='bbox 786 636 872 720; x_wconf 89' lang='lat' dir='ltr'><strong>loco,</strong></span> <span class='ocrx_word' id='word_1_19' title='bbox 903 634 961 706; x_wconf 85' lang='lat' dir='ltr'><strong>ubi</strong></span> <span class='ocrx_word' id='word_1_20' title='bbox 981 634 1095 726; x_wconf 88' lang='lat' dir='ltr'><strong>sponsi</strong></span> <span class='ocrx_word' id='word_1_21' title='bbox 1115 637 1191 703; x_wconf 88' lang='lat' dir='ltr'><strong>nul·</strong></span> 
     </span>
     <span class='ocr_line' id='line_1_5' title="bbox 252 728 1190 820; baseline 0.001 -23"><span class='ocrx_word' id='word_1_22' title='bbox 252 732 322 799; x_wconf 89' lang='lat' dir='ltr'><strong>lum</strong></span> <span class='ocrx_word' id='word_1_23' title='bbox 343 742 438 799; x_wconf 86' lang='lat' dir='ltr'><strong>erant</strong></span> <span class='ocrx_word' id='word_1_24' title='bbox 469 729 579 819; x_wconf 78' lang='lat' dir='ltr'><strong>adepti</strong></span> <span class='ocrx_word' id='word_1_25' title='bbox 599 729 832 812; x_wconf 79' lang='lat' dir='ltr'><strong>domicilium,</strong></span> <span class='ocrx_word' id='word_1_26' title='bbox 857 728 1028 820; x_wconf 86' lang='lat' dir='ltr'><strong>autquasi</strong></span> <span class='ocrx_word' id='word_1_27' title='bbox 1050 729 1190 798; x_wconf 88' lang='lat' dir='ltr'><strong>domici·</strong></span> 
     </span>
     <span class='ocr_line' id='line_1_6' title="bbox 251 823 1192 912; baseline 0 -22"><span class='ocrx_word' id='word_1_28' title='bbox 251 824 347 909; x_wconf 89' lang='lat' dir='ltr'><strong>lium,</strong></span> <span class='ocrx_word' id='word_1_29' title='bbox 366 823 515 894; x_wconf 85' lang='lat' dir='ltr'><strong>exonios</strong></span> <span class='ocrx_word' id='word_1_30' title='bbox 535 824 679 907; x_wconf 88' lang='lat' dir='ltr'><strong>delectu,</strong></span> <span class='ocrx_word' id='word_1_31' title='bbox 700 823 951 892; x_wconf 76' lang='lat' dir='ltr'><strong>matrimonium</strong></span> <span class='ocrx_word' id='word_1_32' title='bbox 968 844 1102 912; x_wconf 83' lang='lat' dir='ltr'><strong>semper</strong></span> <span class='ocrx_word' id='word_1_33' title='bbox 1119 825 1192 892; x_wconf 92' lang='lat' dir='ltr'><strong>nnl-</strong></span> 
     </span>
    </p>
   </div>
   <div class='ocr_carea' id='block_1_3' title="bbox 253 915 1291 1000">
    <p class='ocr_par' dir='ltr' id='par_1_3' title="bbox 253 915 1291 1000">
     <span class='ocr_line' id='line_1_7' title="bbox 253 915 1291 1000; baseline 0.001 -16"><span class='ocrx_word' id='word_1_34' title='bbox 253 918 320 986; x_wconf 90' lang='lat' dir='ltr'><strong>lum</strong></span> <span class='ocrx_word' id='word_1_35' title='bbox 353 917 554 1000; x_wconf 74' lang='lat' dir='ltr'><strong>exstitisset,</strong></span> <span class='ocrx_word' id='word_1_36' title='bbox 576 917 706 986; x_wconf 83' lang='lat' dir='ltr'><strong>etiamsi</strong></span> <span class='ocrx_word' id='word_1_37' title='bbox 741 917 934 987; x_wconf 83' lang='lat' dir='ltr'><strong>admittatur</strong></span> <span class='ocrx_word' id='word_1_38' title='bbox 962 916 1099 987; x_wconf 79' lang='lat' dir='ltr'><strong>Consilii</strong></span> <span class='ocrx_word' id='word_1_39' title='bbox 1134 917 1192 985; x_wconf 90' lang='lat' dir='ltr'><strong>de·</strong></span> <span class='ocrx_word' id='word_1_40' title='bbox 1286 915 1291 919; x_wconf 80' lang='grc'><strong>’</strong></span> 
     </span>
    </p>
   </div>
   <div class='ocr_carea' id='block_1_4' title="bbox 247 1010 1191 3625">
    <p class='ocr_par' dir='ltr' id='par_1_4' title="bbox 247 1010 1191 3625">
     <span class='ocr_line' id='line_1_8' title="bbox 253 1010 1190 1100; baseline 0.001 -21"><span class='ocrx_word' id='word_1_41' title='bbox 253 1022 379 1081; x_wconf 89' lang='lat' dir='ltr'><strong>cretum</strong></span> <span class='ocrx_word' id='word_1_42' title='bbox 415 1010 531 1080; x_wconf 87' lang='lat' dir='ltr'><strong>Ulmae</strong></span> <span class='ocrx_word' id='word_1_43' title='bbox 558 1031 743 1100; x_wconf 82' lang='lat' dir='ltr'><strong>numquam</strong></span> <span class='ocrx_word' id='word_1_44' title='bbox 783 1012 1028 1100; x_wconf 82' lang='lat' dir='ltr'><strong>promulgatum</strong></span> <span class='ocrx_word' id='word_1_45' title='bbox 1062 1011 1190 1089; x_wconf 84' lang='lat' dir='ltr'><strong>luisse,</strong></span> 
     </span>
     <span class='ocr_line' id='line_1_9' title="bbox 253 1102 1189 1195; baseline 0 -22"><span class='ocrx_word' id='word_1_46' title='bbox 253 1107 341 1195; x_wconf 90' lang='lat' dir='ltr'><strong>quod</strong></span> <span class='ocrx_word' id='word_1_47' title='bbox 362 1116 452 1195; x_wconf 83' lang='lat' dir='ltr'><strong>patet</strong></span> <span class='ocrx_word' id='word_1_48' title='bbox 472 1126 510 1172; x_wconf 84' lang='lat' dir='ltr'><strong>ex</strong></span> <span class='ocrx_word' id='word_1_49' title='bbox 531 1104 792 1174; x_wconf 84' lang='lat' dir='ltr'><strong>resolutionibus</strong></span> <span class='ocrx_word' id='word_1_50' title='bbox 813 1102 932 1173; x_wconf 85' lang='lat' dir='ltr'><strong>Sacrae</strong></span> <span class='ocrx_word' id='word_1_51' title='bbox 951 1104 1189 1193; x_wconf 74' lang='lat' dir='ltr'><strong>congregatio·</strong></span> 
     </span>
     <span class='ocr_line' id='line_1_10' title="bbox 252 1197 1191 1288; baseline 0 -22"><span class='ocrx_word' id='word_1_52' title='bbox 252 1198 304 1267; x_wconf 90' lang='lat' dir='ltr'><strong>nis</strong></span> <span class='ocrx_word' id='word_1_53' title='bbox 317 1199 444 1274; x_wconf 75' lang='lat' dir='ltr'><strong>concil.</strong></span> <span class='ocrx_word' id='word_1_54' title='bbox 465 1199 620 1286; x_wconf 90' lang='lat' dir='ltr'><strong>superius</strong></span> <span class='ocrx_word' id='word_1_55' title='bbox 641 1197 767 1288; x_wconf 81' lang='lat' dir='ltr'><strong>pariter</strong></span> <span class='ocrx_word' id='word_1_56' title='bbox 782 1197 901 1282; x_wconf 86' lang='lat' dir='ltr'><strong>citatis,</strong></span> <span class='ocrx_word' id='word_1_57' title='bbox 924 1199 1046 1287; x_wconf 86' lang='lat' dir='ltr'><strong>quibus</strong></span> <span class='ocrx_word' id='word_1_58' title='bbox 1063 1209 1191 1266; x_wconf 70' lang='lat' dir='ltr'><strong>onomat</strong></span> 
     </span>
     <span class='ocr_line' id='line_1_11' title="bbox 255 1291 1187 1380; baseline -0.001 -21"><span class='ocrx_word' id='word_1_59' title='bbox 255 1293 426 1360; x_wconf 80' lang='lat' dir='ltr'><strong>«nullum</strong></span> <span class='ocrx_word' id='word_1_60' title='bbox 459 1312 530 1362; x_wconf 90' lang='lat' dir='ltr'><strong>esse</strong></span> <span class='ocrx_word' id='word_1_61' title='bbox 564 1292 698 1360; x_wconf 90' lang='lat' dir='ltr'><strong>illorum</strong></span> <span class='ocrx_word' id='word_1_62' title='bbox 733 1293 935 1361; x_wconf 80' lang='lat' dir='ltr'><strong>censendum</strong></span> <span class='ocrx_word' id='word_1_63' title='bbox 969 1291 1187 1380; x_wconf 83' lang='lat' dir='ltr'><strong>coniugium,</strong></span> 
     </span>
     <span class='ocr_line' id='line_1_12' title="bbox 252 1384 1188 1474; baseline -0.002 -21"><span class='ocrx_word' id='word_1_64' title='bbox 252 1386 310 1474; x_wconf 85' lang='lat' dir='ltr'><strong>qui</strong></span> <span class='ocrx_word' id='word_1_65' title='bbox 338 1385 406 1452; x_wconf 90' lang='lat' dir='ltr'><strong>illio</strong></span> <span class='ocrx_word' id='word_1_66' title='bbox 430 1385 611 1468; x_wconf 88' lang='lat' dir='ltr'><strong>celebrant,</strong></span> <span class='ocrx_word' id='word_1_67' title='bbox 635 1384 692 1453; x_wconf 83' lang='lat' dir='ltr'><strong>ulti</strong></span> <span class='ocrx_word' id='word_1_68' title='bbox 712 1397 884 1474; x_wconf 85' lang='lat' dir='ltr'><strong>receptum</strong></span> <span class='ocrx_word' id='word_1_69' title='bbox 901 1406 967 1454; x_wconf 91' lang='lat' dir='ltr'><strong>non</strong></span> <span class='ocrx_word' id='word_1_70' title='bbox 988 1396 1037 1454; x_wconf 84' lang='lat' dir='ltr'><strong>eat</strong></span> <span class='ocrx_word' id='word_1_71' title='bbox 1050 1384 1188 1455; x_wconf 80' lang='lat' dir='ltr'><strong>Consilii</strong></span> 
     </span>
     <span class='ocr_line' id='line_1_13' title="bbox 254 1477 1190 1561; baseline 0 -15"><span class='ocrx_word' id='word_1_72' title='bbox 254 1481 424 1547; x_wconf 89' lang='lat' dir='ltr'><strong>decretum</strong></span> <span class='ocrx_word' id='word_1_73' title='bbox 443 1531 452 1561; x_wconf 95' lang='lat'><strong>,</strong></span> <span class='ocrx_word' id='word_1_74' title='bbox 471 1498 539 1547; x_wconf 89' lang='lat' dir='ltr'><strong>nou</strong></span> <span class='ocrx_word' id='word_1_75' title='bbox 569 1478 732 1548; x_wconf 89' lang='lat' dir='ltr'><strong>habentes</strong></span> <span class='ocrx_word' id='word_1_76' title='bbox 764 1478 831 1547; x_wconf 88' lang='lat' dir='ltr'><strong>sire</strong></span> <span class='ocrx_word' id='word_1_77' title='bbox 865 1477 1094 1559; x_wconf 85' lang='lat' dir='ltr'><strong>domicilium,</strong></span> <span class='ocrx_word' id='word_1_78' title='bbox 1123 1478 1190 1547; x_wconf 82' lang='lat' dir='ltr'><strong>sire</strong></span> 
     </span>
     <span class='ocr_line' id='line_1_14' title="bbox 254 1570 1190 1661; baseline -0.001 -22"><span class='ocrx_word' id='word_1_79' title='bbox 254 1570 629 1661; x_wconf 80' lang='lat' dir='ltr'><strong>quasi-domicilium.»</strong></span> <span class='ocrx_word' id='word_1_80' title='bbox 661 1571 747 1652; x_wconf 84' lang='lat' dir='ltr'><strong>Quin</strong></span> <span class='ocrx_word' id='word_1_81' title='bbox 780 1571 847 1641; x_wconf 89' lang='lat' dir='ltr'><strong>imo</strong></span> <span class='ocrx_word' id='word_1_82' title='bbox 879 1572 1078 1654; x_wconf 86' lang='lat' dir='ltr'><strong>dicendum,</strong></span> <span class='ocrx_word' id='word_1_83' title='bbox 1115 1573 1190 1641; x_wconf 90' lang='lat' dir='ltr'><strong>nul·</strong></span> 
     </span>
     <span class='ocr_line' id='line_1_15' title="bbox 252 1664 1188 1747; baseline 0.001 -14"><span class='ocrx_word' id='word_1_84' title='bbox 252 1667 322 1733; x_wconf 89' lang='lat' dir='ltr'><strong>lum</strong></span> <span class='ocrx_word' id='word_1_85' title='bbox 354 1664 455 1733; x_wconf 84' lang='lat' dir='ltr'><strong>luisse</strong></span> <span class='ocrx_word' id='word_1_86' title='bbox 487 1665 762 1747; x_wconf 75' lang='lat' dir='ltr'><strong>matrimonium,</strong></span> <span class='ocrx_word' id='word_1_87' title='bbox 793 1665 872 1734; x_wconf 85' lang='lat' dir='ltr'><strong>licet</strong></span> <span class='ocrx_word' id='word_1_88' title='bbox 898 1686 1008 1734; x_wconf 87' lang='lat' dir='ltr'><strong>coram</strong></span> <span class='ocrx_word' id='word_1_89' title='bbox 1039 1664 1188 1734; x_wconf 81' lang='lat' dir='ltr'><strong>Parocho</strong></span> 
     </span>
     <span class='ocr_line' id='line_1_16' title="bbox 252 1757 1189 1847; baseline 0.003 -21"><span class='ocrx_word' id='word_1_90' title='bbox 252 1757 379 1840; x_wconf 88' lang='lat' dir='ltr'><strong>Ulmae,</strong></span> <span class='ocrx_word' id='word_1_91' title='bbox 399 1758 525 1847; x_wconf 77' lang='lat' dir='ltr'><strong>proprii</strong></span> <span class='ocrx_word' id='word_1_92' title='bbox 539 1758 699 1827; x_wconf 79' lang='lat' dir='ltr'><strong>domicilii</strong></span> <span class='ocrx_word' id='word_1_93' title='bbox 714 1757 862 1827; x_wconf 86' lang='lat' dir='ltr'><strong>Paroeho</strong></span> <span class='ocrx_word' id='word_1_94' title='bbox 876 1758 1122 1847; x_wconf 81' lang='lat' dir='ltr'><strong>praetermisso,</strong></span> <span class='ocrx_word' id='word_1_95' title='bbox 1138 1779 1189 1829; x_wconf 79' lang='lat' dir='ltr'><strong>ee</strong></span> 
     </span>
     <span class='ocr_line' id='line_1_17' title="bbox 252 1850 1186 1936; baseline 0.001 -18"><span class='ocrx_word' id='word_1_96' title='bbox 252 1851 417 1921; x_wconf 87' lang='lat' dir='ltr'><strong>lebratum</strong></span> <span class='ocrx_word' id='word_1_97' title='bbox 439 1851 565 1921; x_wconf 84' lang='lat' dir='ltr'><strong>suisset.</strong></span> <span class='ocrx_word' id='word_1_98' title='bbox 588 1852 670 1920; x_wconf 93' lang='lat' dir='ltr'><strong>Nam</strong></span> <span class='ocrx_word' id='word_1_99' title='bbox 689 1850 721 1919; x_wconf 90' lang='lat' dir='ltr'><strong>S.</strong></span> <span class='ocrx_word' id='word_1_100' title='bbox 739 1851 775 1920; x_wconf 83' lang='lat' dir='ltr'><strong>C.</strong></span> <span class='ocrx_word' id='word_1_101' title='bbox 790 1851 826 1921; x_wconf 84' lang='lat' dir='ltr'><strong>C.</strong></span> <span class='ocrx_word' id='word_1_102' title='bbox 847 1853 901 1921; x_wconf 90' lang='lat' dir='ltr'><strong>die</strong></span> <span class='ocrx_word' id='word_1_103' title='bbox 920 1850 965 1920; x_wconf 67' lang='lat' dir='ltr'><strong>dd</strong></span> <span class='ocrx_word' id='word_1_104' title='bbox 982 1852 1060 1921; x_wconf 80' lang='lat' dir='ltr'><strong>Feb.</strong></span> <span class='ocrx_word' id='word_1_105' title='bbox 1081 1850 1186 1936; x_wconf 77' lang='grc'><strong>1631,</strong></span> 
     </span>
     <span class='ocr_line' id='line_1_18' title="bbox 254 1944 1187 2015; baseline 0.002 -2"><span class='ocrx_word' id='word_1_106' title='bbox 254 1944 384 2013; x_wconf 88' lang='lat' dir='ltr'><strong>censuit</strong></span> <span class='ocrx_word' id='word_1_107' title='bbox 403 1946 544 2015; x_wconf 88' lang='lat' dir='ltr'><strong>dandam</strong></span> <span class='ocrx_word' id='word_1_108' title='bbox 563 1967 635 2014; x_wconf 85' lang='lat' dir='ltr'><strong>esse</strong></span> <span class='ocrx_word' id='word_1_109' title='bbox 652 1945 907 2015; x_wconf 77' lang='lat' dir='ltr'><strong>declarationem</strong></span> <span class='ocrx_word' id='word_1_110' title='bbox 925 1945 958 2014; x_wconf 92' lang='lat' dir='ltr'><strong>in</strong></span> <span class='ocrx_word' id='word_1_111' title='bbox 976 1946 1140 2015; x_wconf 86' lang='lat' dir='ltr'><strong>abstracto</strong></span> <span class='ocrx_word' id='word_1_112' title='bbox 1155 1947 1187 2015; x_wconf 93' lang='lat' dir='ltr'><strong>iu</strong></span> 
     </span>
     <span class='ocr_line' id='line_1_19' title="bbox 251 2038 1188 2129; baseline 0.003 -23"><span class='ocrx_word' id='word_1_113' title='bbox 251 2038 356 2108; x_wconf 85' lang='lat' dir='ltr'><strong>formo</strong></span> <span class='ocrx_word' id='word_1_114' title='bbox 377 2039 550 2129; x_wconf 86' lang='lat' dir='ltr'><strong>sequenti:</strong></span> <span class='ocrx_word' id='word_1_115' title='bbox 577 2038 660 2107; x_wconf 75' lang='lat' dir='ltr'><strong>«Vir</strong></span> <span class='ocrx_word' id='word_1_116' title='bbox 680 2051 712 2109; x_wconf 92' lang='lat' dir='ltr'><strong>et</strong></span> <span class='ocrx_word' id='word_1_117' title='bbox 733 2038 853 2109; x_wconf 87' lang='lat' dir='ltr'><strong>mulier</strong></span> <span class='ocrx_word' id='word_1_118' title='bbox 869 2059 887 2108; x_wconf 92' lang='lat' dir='ltr'><strong>e</strong></span> <span class='ocrx_word' id='word_1_119' title='bbox 905 2041 978 2109; x_wconf 87' lang='lat' dir='ltr'><strong>loeo</strong></span> <span class='ocrx_word' id='word_1_120' title='bbox 995 2060 1075 2110; x_wconf 91' lang='lat' dir='ltr'><strong>suae</strong></span> <span class='ocrx_word' id='word_1_121' title='bbox 1093 2039 1188 2109; x_wconf 81' lang='lat' dir='ltr'><strong>habi·</strong></span> 
     </span>
     <span class='ocr_line' id='line_1_20' title="bbox 252 2132 1188 2224; baseline 0.004 -25"><span class='ocrx_word' id='word_1_122' title='bbox 252 2132 396 2217; x_wconf 89' lang='lat' dir='ltr'><strong>tationis,</strong></span> <span class='ocrx_word' id='word_1_123' title='bbox 417 2134 542 2223; x_wconf 84' lang='lat' dir='ltr'><strong>absque</strong></span> <span class='ocrx_word' id='word_1_124' title='bbox 556 2133 667 2202; x_wconf 88' lang='lat' dir='ltr'><strong>animo</strong></span> <span class='ocrx_word' id='word_1_125' title='bbox 681 2133 773 2201; x_wconf 88' lang='lat' dir='ltr'><strong>illam</strong></span> <span class='ocrx_word' id='word_1_126' title='bbox 787 2134 1009 2224; x_wconf 87' lang='lat' dir='ltr'><strong>relinquendi,</strong></span> <span class='ocrx_word' id='word_1_127' title='bbox 1021 2132 1188 2203; x_wconf 88' lang='lat' dir='ltr'><strong>disceden-</strong></span> 
     </span>
     <span class='ocr_line' id='line_1_21' title="bbox 252 2226 1184 2297; baseline 0.001 -3"><span class='ocrx_word' id='word_1_128' title='bbox 252 2239 300 2295; x_wconf 86' lang='lat' dir='ltr'><strong>tes</strong></span> <span class='ocrx_word' id='word_1_129' title='bbox 316 2238 350 2295; x_wconf 92' lang='lat' dir='ltr'><strong>et</strong></span> <span class='ocrx_word' id='word_1_130' title='bbox 365 2228 405 2295; x_wconf 88' lang='lat' dir='ltr'><strong>ad</strong></span> <span class='ocrx_word' id='word_1_131' title='bbox 420 2228 529 2295; x_wconf 85' lang='lat' dir='ltr'><strong>locum</strong></span> <span class='ocrx_word' id='word_1_132' title='bbox 550 2226 689 2296; x_wconf 85' lang='lat' dir='ltr'><strong>alterius</strong></span> <span class='ocrx_word' id='word_1_133' title='bbox 706 2226 893 2296; x_wconf 81' lang='lat' dir='ltr'><strong>‘Paroolriao</strong></span> <span class='ocrx_word' id='word_1_134' title='bbox 911 2228 981 2296; x_wconf 90' lang='lat' dir='ltr'><strong>solo</strong></span> <span class='ocrx_word' id='word_1_135' title='bbox 1001 2227 1114 2297; x_wconf 92' lang='lat' dir='ltr'><strong>animo</strong></span> <span class='ocrx_word' id='word_1_136' title='bbox 1141 2227 1184 2296; x_wconf 88' lang='lat' dir='ltr'><strong>ibi</strong></span> 
     </span>
     <span class='ocr_line' id='line_1_22' title="bbox 252 2319 1184 2398; baseline 0.002 -11"><span class='ocrx_word' id='word_1_137' title='bbox 252 2319 502 2389; x_wconf 83' lang='lat' dir='ltr'><strong>matrimonium</strong></span> <span class='ocrx_word' id='word_1_138' title='bbox 534 2320 742 2398; x_wconf 84' lang='lat' dir='ltr'><strong>celebrandi,</strong></span> <span class='ocrx_word' id='word_1_139' title='bbox 761 2341 827 2389; x_wconf 89' lang='lat' dir='ltr'><strong>non</strong></span> <span class='ocrx_word' id='word_1_140' title='bbox 848 2331 960 2391; x_wconf 87' lang='lat' dir='ltr'><strong>autem</strong></span> <span class='ocrx_word' id='word_1_141' title='bbox 981 2321 1184 2390; x_wconf 89' lang='lat' dir='ltr'><strong>domicilium</strong></span> 
     </span>
     <span class='ocr_line' id='line_1_23' title="bbox 250 2412 1186 2496; baseline 0 -15"><span class='ocrx_word' id='word_1_142' title='bbox 250 2413 492 2496; x_wconf 84' lang='lat' dir='ltr'><strong>transferendi,</strong></span> <span class='ocrx_word' id='word_1_143' title='bbox 516 2412 561 2480; x_wconf 90' lang='lat' dir='ltr'><strong>ibi</strong></span> <span class='ocrx_word' id='word_1_144' title='bbox 583 2434 695 2482; x_wconf 86' lang='lat' dir='ltr'><strong>eoram</strong></span> <span class='ocrx_word' id='word_1_145' title='bbox 715 2413 864 2483; x_wconf 88' lang='lat' dir='ltr'><strong>Parocho</strong></span> <span class='ocrx_word' id='word_1_146' title='bbox 886 2414 975 2483; x_wconf 88' lang='lat' dir='ltr'><strong>illius</strong></span> <span class='ocrx_word' id='word_1_147' title='bbox 993 2414 1057 2483; x_wconf 84' lang='lat' dir='ltr'><strong>loci</strong></span> <span class='ocrx_word' id='word_1_148' title='bbox 1073 2414 1186 2483; x_wconf 89' lang='lat' dir='ltr'><strong>matri-</strong></span> 
     </span>
     <span class='ocr_line' id='line_1_24' title="bbox 250 2506 1182 2597; baseline 0.001 -23"><span class='ocrx_word' id='word_1_149' title='bbox 250 2506 399 2574; x_wconf 89' lang='lat' dir='ltr'><strong>monium</strong></span> <span class='ocrx_word' id='word_1_150' title='bbox 420 2506 508 2574; x_wconf 90' lang='lat' dir='ltr'><strong>inter</strong></span> <span class='ocrx_word' id='word_1_151' title='bbox 526 2527 562 2575; x_wconf 91' lang='lat' dir='ltr'><strong>se</strong></span> <span class='ocrx_word' id='word_1_152' title='bbox 583 2518 830 2576; x_wconf 82' lang='lat' dir='ltr'><strong>contraxerunt.</strong></span> <span class='ocrx_word' id='word_1_153' title='bbox 849 2506 1060 2597; x_wconf 84' lang='lat' dir='ltr'><strong>Supplicatur</strong></span> <span class='ocrx_word' id='word_1_154' title='bbox 1076 2528 1137 2596; x_wconf 86' lang='lat' dir='ltr'><strong>per·</strong></span> <span class='ocrx_word' id='word_1_155' title='bbox 1150 2506 1182 2576; x_wconf 88' lang='lat' dir='ltr'><strong>S.</strong></span> 
     </span>
     <span class='ocr_line' id='line_1_25' title="bbox 248 2599 1186 2683; baseline 0.001 -15"><span class='ocrx_word' id='word_1_156' title='bbox 248 2599 284 2668; x_wconf 87' lang='lat' dir='ltr'><strong>C.</strong></span> <span class='ocrx_word' id='word_1_157' title='bbox 305 2599 491 2683; x_wconf 87' lang='lat' dir='ltr'><strong>declarari,</strong></span> <span class='ocrx_word' id='word_1_158' title='bbox 514 2620 554 2668; x_wconf 88' lang='lat' dir='ltr'><strong>au</strong></span> <span class='ocrx_word' id='word_1_159' title='bbox 580 2600 771 2670; x_wconf 85' lang='lat' dir='ltr'><strong>huiusmodi</strong></span> <span class='ocrx_word' id='word_1_160' title='bbox 792 2602 1040 2670; x_wconf 87' lang='lat' dir='ltr'><strong>matrimonium</strong></span> <span class='ocrx_word' id='word_1_161' title='bbox 1060 2603 1103 2670; x_wconf 89' lang='lat' dir='ltr'><strong>sit</strong></span> <span class='ocrx_word' id='word_1_162' title='bbox 1116 2603 1186 2670; x_wconf 91' lang='lat' dir='ltr'><strong>nul-</strong></span> 
     </span>
     <span class='ocr_line' id='line_1_26' title="bbox 247 2692 1184 2784; baseline 0.004 -25"><span class='ocrx_word' id='word_1_163' title='bbox 247 2693 330 2774; x_wconf 91' lang='lat' dir='ltr'><strong>lum,</strong></span> <span class='ocrx_word' id='word_1_164' title='bbox 353 2693 402 2774; x_wconf 73' lang='lat' dir='ltr'><strong>rel</strong></span> <span class='ocrx_word' id='word_1_165' title='bbox 420 2692 589 2761; x_wconf 78' lang='lat' dir='ltr'><strong>validum?</strong></span> <span class='ocrx_word' id='word_1_166' title='bbox 606 2692 638 2761; x_wconf 89' lang='lat' dir='ltr'><strong>S.</strong></span> <span class='ocrx_word' id='word_1_167' title='bbox 656 2695 892 2763; x_wconf 66' lang='lat' dir='ltr'><strong>dasoundam</strong></span> <span class='ocrx_word' id='word_1_168' title='bbox 911 2717 961 2778; x_wconf 87' lang='lat' dir='ltr'><strong>ea,</strong></span> <span class='ocrx_word' id='word_1_169' title='bbox 984 2716 1072 2784; x_wconf 81' lang='lat' dir='ltr'><strong>quae</strong></span> <span class='ocrx_word' id='word_1_170' title='bbox 1088 2715 1184 2783; x_wconf 77' lang='lat' dir='ltr'><strong>expo</strong></span> 
     </span>
     <span class='ocr_line' id='line_1_27' title="bbox 247 2787 1182 2857; baseline 0.003 -5"><span class='ocrx_word' id='word_1_171' title='bbox 247 2796 374 2853; x_wconf 91' lang='lat' dir='ltr'><strong>nuntur</strong></span> <span class='ocrx_word' id='word_1_172' title='bbox 391 2787 520 2855; x_wconf 85' lang='lat' dir='ltr'><strong>censuit</strong></span> <span class='ocrx_word' id='word_1_173' title='bbox 546 2808 618 2856; x_wconf 90' lang='lat' dir='ltr'><strong>esse</strong></span> <span class='ocrx_word' id='word_1_174' title='bbox 637 2787 782 2855; x_wconf 88' lang='lat' dir='ltr'><strong>nullum.</strong></span> <span class='ocrx_word' id='word_1_175' title='bbox 806 2812 820 2854; x_wconf 79' lang='lat' dir='ltr'><strong>r</strong></span> <span class='ocrx_word' id='word_1_176' title='bbox 851 2787 995 2857; x_wconf 77' lang='lat' dir='ltr'><strong>Tandem</strong></span> <span class='ocrx_word' id='word_1_177' title='bbox 1018 2790 1058 2856; x_wconf 88' lang='lat' dir='ltr'><strong>ad</strong></span> <span class='ocrx_word' id='word_1_178' title='bbox 1083 2787 1182 2857; x_wconf 81' lang='lat' dir='ltr'><strong>Breve</strong></span> 
     </span>
     <span class='ocr_line' id='line_1_28' title="bbox 248 2877 1180 2971; baseline 0.005 -27"><span class='ocrx_word' id='word_1_179' title='bbox 248 2877 297 2946; x_wconf 89' lang='lat' dir='ltr'><strong>Pii</strong></span> <span class='ocrx_word' id='word_1_180' title='bbox 308 2877 376 2946; x_wconf 88' lang='lat' dir='ltr'><strong>Vlll</strong></span> <span class='ocrx_word' id='word_1_181' title='bbox 390 2890 423 2948; x_wconf 91' lang='lat' dir='ltr'><strong>et</strong></span> <span class='ocrx_word' id='word_1_182' title='bbox 435 2880 690 2950; x_wconf 85' lang='lat' dir='ltr'><strong>instructionem</strong></span> <span class='ocrx_word' id='word_1_183' title='bbox 707 2881 805 2950; x_wconf 83' lang='lat' dir='ltr'><strong>Card.</strong></span> <span class='ocrx_word' id='word_1_184' title='bbox 815 2882 931 2949; x_wconf 86' lang='lat' dir='ltr'><strong>Albani</strong></span> <span class='ocrx_word' id='word_1_185' title='bbox 946 2882 1034 2970; x_wconf 89' lang='lat' dir='ltr'><strong>quod</strong></span> <span class='ocrx_word' id='word_1_186' title='bbox 1046 2892 1180 2971; x_wconf 80' lang='lat' dir='ltr'><strong>spectat,</strong></span> 
     </span>
     <span class='ocr_line' id='line_1_29' title="bbox 247 2973 1182 3064; baseline 0.002 -24"><span class='ocrx_word' id='word_1_187' title='bbox 247 2993 333 3062; x_wconf 87' lang='lat' dir='ltr'><strong>qnae</strong></span> <span class='ocrx_word' id='word_1_188' title='bbox 351 2973 466 3042; x_wconf 90' lang='lat' dir='ltr'><strong>ultimo</strong></span> <span class='ocrx_word' id='word_1_189' title='bbox 485 2975 558 3044; x_wconf 90' lang='lat' dir='ltr'><strong>loco</strong></span> <span class='ocrx_word' id='word_1_190' title='bbox 578 2973 846 3058; x_wconf 88' lang='lat' dir='ltr'><strong>obiiciebantur,</strong></span> <span class='ocrx_word' id='word_1_191' title='bbox 867 2987 1092 3064; x_wconf 90' lang='lat' dir='ltr'><strong>opportunum</strong></span> <span class='ocrx_word' id='word_1_192' title='bbox 1114 2995 1182 3044; x_wconf 86' lang='lat' dir='ltr'><strong>esse</strong></span> 
     </span>
     <span class='ocr_line' id='line_1_30' title="bbox 248 3068 1182 3156; baseline 0.001 -22"><span class='ocrx_word' id='word_1_193' title='bbox 248 3068 427 3156; x_wconf 87' lang='lat' dir='ltr'><strong>ducoquae</strong></span> <span class='ocrx_word' id='word_1_194' title='bbox 442 3068 482 3136; x_wconf 89' lang='lat' dir='ltr'><strong>de</strong></span> <span class='ocrx_word' id='word_1_195' title='bbox 495 3068 560 3136; x_wconf 87' lang='lat' dir='ltr'><strong>hoo</strong></span> <span class='ocrx_word' id='word_1_196' title='bbox 573 3068 785 3150; x_wconf 87' lang='lat' dir='ltr'><strong>documento,</strong></span> <span class='ocrx_word' id='word_1_197' title='bbox 795 3068 916 3138; x_wconf 88' lang='lat' dir='ltr'><strong>iosuae</strong></span> <span class='ocrx_word' id='word_1_198' title='bbox 928 3069 1114 3138; x_wconf 87' lang='lat' dir='ltr'><strong>sententiae</strong></span> <span class='ocrx_word' id='word_1_199' title='bbox 1125 3069 1182 3135; x_wconf 80' lang='lat' dir='ltr'><strong>litl-</strong></span> 
     </span>
     <span class='ocr_line' id='line_1_31' title="bbox 248 3160 1184 3251; baseline 0.002 -23"><span class='ocrx_word' id='word_1_200' title='bbox 248 3160 355 3229; x_wconf 88' lang='lat' dir='ltr'><strong>eimeu</strong></span> <span class='ocrx_word' id='word_1_201' title='bbox 366 3161 608 3230; x_wconf 85' lang='lat' dir='ltr'><strong>ahauctoribus</strong></span> <span class='ocrx_word' id='word_1_202' title='bbox 620 3172 841 3249; x_wconf 84' lang='lat' dir='ltr'><strong>exponuntur,</strong></span> <span class='ocrx_word' id='word_1_203' title='bbox 862 3162 933 3230; x_wconf 87' lang='lat' dir='ltr'><strong>fuso</strong></span> <span class='ocrx_word' id='word_1_204' title='bbox 948 3162 1075 3230; x_wconf 85' lang='lat' dir='ltr'><strong>calamo</strong></span> <span class='ocrx_word' id='word_1_205' title='bbox 1093 3181 1184 3251; x_wconf 80' lang='lat' dir='ltr'><strong>expo</strong></span> 
     </span>
     <span class='ocr_line' id='line_1_32' title="bbox 248 3255 1180 3343; baseline 0 -22"><span class='ocrx_word' id='word_1_206' title='bbox 248 3274 355 3337; x_wconf 90' lang='lat' dir='ltr'><strong>nere,</strong></span> <span class='ocrx_word' id='word_1_207' title='bbox 380 3267 418 3322; x_wconf 93' lang='lat' dir='ltr'><strong>ut</strong></span> <span class='ocrx_word' id='word_1_208' title='bbox 436 3265 549 3343; x_wconf 85' lang='lat' dir='ltr'><strong>aperte</strong></span> <span class='ocrx_word' id='word_1_209' title='bbox 567 3266 696 3324; x_wconf 87' lang='lat' dir='ltr'><strong>constet</strong></span> <span class='ocrx_word' id='word_1_210' title='bbox 712 3255 791 3343; x_wconf 91' lang='lat' dir='ltr'><strong>quid</strong></span> <span class='ocrx_word' id='word_1_211' title='bbox 813 3275 852 3323; x_wconf 92' lang='lat' dir='ltr'><strong>eo</strong></span> <span class='ocrx_word' id='word_1_212' title='bbox 873 3256 1004 3324; x_wconf 91' lang='lat' dir='ltr'><strong>tandem</strong></span> <span class='ocrx_word' id='word_1_213' title='bbox 1023 3256 1180 3335; x_wconf 75' lang='lat' dir='ltr'><strong>affamur,</strong></span> 
     </span>
     <span class='ocr_line' id='line_1_33' title="bbox 250 3347 1182 3438; baseline 0 -24"><span class='ocrx_word' id='word_1_214' title='bbox 250 3367 287 3414; x_wconf 90' lang='lat' dir='ltr'><strong>ac</strong></span> <span class='ocrx_word' id='word_1_215' title='bbox 307 3347 516 3417; x_wconf 88' lang='lat' dir='ltr'><strong>decernitur.</strong></span> <span class='ocrx_word' id='word_1_216' title='bbox 537 3347 608 3416; x_wconf 87' lang='lat' dir='ltr'><strong>lluo</strong></span> <span class='ocrx_word' id='word_1_217' title='bbox 625 3358 715 3429; x_wconf 86' lang='lat' dir='ltr'><strong>sunt,</strong></span> <span class='ocrx_word' id='word_1_218' title='bbox 734 3369 862 3437; x_wconf 84' lang='lat' dir='ltr'><strong>reapse,</strong></span> <span class='ocrx_word' id='word_1_219' title='bbox 885 3369 970 3438; x_wconf 87' lang='lat' dir='ltr'><strong>quae</strong></span> <span class='ocrx_word' id='word_1_220' title='bbox 990 3347 1071 3418; x_wconf 87' lang='lat' dir='ltr'><strong>inihi</strong></span> <span class='ocrx_word' id='word_1_221' title='bbox 1092 3368 1182 3438; x_wconf 87' lang='lat' dir='ltr'><strong>prae·</strong></span> 
     </span>
     <span class='ocr_line' id='line_1_34' title="bbox 248 3438 1183 3530; baseline 0.002 -25"><span class='ocrx_word' id='word_1_222' title='bbox 248 3438 458 3523; x_wconf 80' lang='lat' dir='ltr'><strong>scribuntnr3</strong></span> <span class='ocrx_word' id='word_1_223' title='bbox 482 3442 625 3509; x_wconf 90' lang='lat' dir='ltr'><strong>alterum</strong></span> <span class='ocrx_word' id='word_1_224' title='bbox 647 3453 707 3524; x_wconf 90' lang='lat' dir='ltr'><strong>est,</strong></span> <span class='ocrx_word' id='word_1_225' title='bbox 731 3441 940 3511; x_wconf 83' lang='lat' dir='ltr'><strong>matrimonia</strong></span> <span class='ocrx_word' id='word_1_226' title='bbox 962 3441 1061 3511; x_wconf 83' lang='lat' dir='ltr'><strong>mixtu</strong></span> <span class='ocrx_word' id='word_1_227' title='bbox 1082 3460 1183 3530; x_wconf 86' lang='lat' dir='ltr'><strong>usqne</strong></span> 
     </span>
     <span class='ocr_line' id='line_1_35' title="bbox 249 3531 1181 3625; baseline 0.001 -27"><span class='ocrx_word' id='word_1_228' title='bbox 249 3531 289 3598; x_wconf 93' lang='lat' dir='ltr'><strong>ad</strong></span> <span class='ocrx_word' id='word_1_229' title='bbox 321 3532 407 3600; x_wconf 90' lang='lat' dir='ltr'><strong>diem</strong></span> <span class='ocrx_word' id='word_1_230' title='bbox 430 3532 470 3601; x_wconf 69' lang='lat' dir='ltr'><strong>ll</strong></span> <span class='ocrx_word' id='word_1_231' title='bbox 495 3534 602 3604; x_wconf 85' lang='lat' dir='ltr'><strong>Martii</strong></span> <span class='ocrx_word' id='word_1_232' title='bbox 632 3532 746 3620; x_wconf 78' lang='lat'><strong>1830,</strong></span> <span class='ocrx_word' id='word_1_233' title='bbox 768 3535 893 3625; x_wconf 88' lang='lat' dir='ltr'><strong>absque</strong></span> <span class='ocrx_word' id='word_1_234' title='bbox 918 3535 1056 3605; x_wconf 79' lang='lat' dir='ltr'><strong>Consilii</strong></span> <span class='ocrx_word' id='word_1_235' title='bbox 1082 3537 1181 3605; x_wconf 87' lang='lat' dir='ltr'><strong>forma</strong></span> 
     </span>
    </p>
   </div>
   <div class='ocr_carea' id='block_1_5' title="bbox 0 0 1326 4175">
    <p class='ocr_par' dir='ltr' id='par_1_5' title="bbox 0 0 1326 4175">
     <span class='ocr_line' id='line_1_36' title="bbox 0 0 1326 4175; baseline 0 1"><span class='ocrx_word' id='word_1_236' title='bbox 0 0 1326 4175; x_wconf 95' lang='lat' dir='ltr'><strong> </strong></span> 
     </span>
    </p>
   </div>
  </div>
 </body>
</html>
