<?xml version="1.0" encoding="UTF-8"?>
<!DOCTYPE html PUBLIC "-//W3C//DTD XHTML 1.0 Transitional//EN"
    "http://www.w3.org/TR/xhtml1/DTD/xhtml1-transitional.dtd">
<html xmlns="http://www.w3.org/1999/xhtml" xml:lang="en" lang="en">
 <head>
  <title>
</title>
<meta http-equiv="Content-Type" content="text/html;charset=utf-8" />
  <meta name='ocr-system' content='tesseract 3.04.00' />
  <meta name='ocr-capabilities' content='ocr_page ocr_carea ocr_par ocr_line ocrx_word'/>
</head>
<body>
  <div class='ocr_page' id='page_1' title='image "./septimiimariaev00veccgoog_0524.png"; bbox 0 0 2642 4175; ppageno 0'>
   <div class='ocr_carea' id='block_1_1' title="bbox 298 344 825 402">
    <p class='ocr_par' dir='ltr' id='par_1_1' title="bbox 298 344 825 402">
     <span class='ocr_line' id='line_1_1' title="bbox 298 344 825 402; baseline -0.006 -1"><span class='ocrx_word' id='word_1_1' title='bbox 298 344 364 402; x_wconf 78' lang='lat'><strong>500</strong></span> <span class='ocrx_word' id='word_1_2' title='bbox 609 356 770 401; x_wconf 68' lang='lat' dir='ltr'><strong>nrrrmmx</strong></span> <span class='ocrx_word' id='word_1_3' title='bbox 790 356 825 398; x_wconf 88' lang='lat' dir='ltr'><strong>u.</strong></span> 
     </span>
    </p>
   </div>
   <div class='ocr_carea' id='block_1_2' title="bbox 249 543 1186 1008">
    <p class='ocr_par' dir='ltr' id='par_1_2' title="bbox 249 543 1186 1008">
     <span class='ocr_line' id='line_1_2' title="bbox 249 543 1184 637; baseline 0.004 -23"><span class='ocrx_word' id='word_1_4' title='bbox 249 546 332 615; x_wconf 85' lang='lat' dir='ltr'><strong>vtlt.</strong></span> <span class='ocrx_word' id='word_1_5' title='bbox 353 545 512 614; x_wconf 78' lang='lat' dir='ltr'><strong>Normuto</strong></span> <span class='ocrx_word' id='word_1_6' title='bbox 529 545 660 634; x_wconf 77' lang='lat' dir='ltr'><strong>petendi</strong></span> <span class='ocrx_word' id='word_1_7' title='bbox 680 566 702 613; x_wconf 84' lang='lat' dir='ltr'><strong>a</strong></span> <span class='ocrx_word' id='word_1_8' title='bbox 721 543 845 614; x_wconf 80' lang='lat' dir='ltr'><strong>Sancta</strong></span> <span class='ocrx_word' id='word_1_9' title='bbox 872 544 954 614; x_wconf 85' lang='lat' dir='ltr'><strong>Sede</strong></span> <span class='ocrx_word' id='word_1_10' title='bbox 971 548 1184 637; x_wconf 70' lang='lat' dir='ltr'><strong>dispensatio·</strong></span> 
     </span>
     <span class='ocr_line' id='line_1_3' title="bbox 294 639 1186 730; baseline 0.004 -23"><span class='ocrx_word' id='word_1_11' title='bbox 294 660 369 707; x_wconf 81' lang='lat' dir='ltr'><strong>nem</strong></span> <span class='ocrx_word' id='word_1_12' title='bbox 380 640 417 707; x_wconf 83' lang='lat' dir='ltr'><strong>in</strong></span> <span class='ocrx_word' id='word_1_13' title='bbox 432 639 642 707; x_wconf 78' lang='lat' dir='ltr'><strong>matrimonio</strong></span> <span class='ocrx_word' id='word_1_14' title='bbox 654 646 830 719; x_wconf 82' lang='lat' dir='ltr'><strong>contracto,</strong></span> <span class='ocrx_word' id='word_1_15' title='bbox 845 659 942 727; x_wconf 81' lang='lat' dir='ltr'><strong>super</strong></span> <span class='ocrx_word' id='word_1_16' title='bbox 957 641 1186 730; x_wconf 81' lang='lat' dir='ltr'><strong>impedimento</strong></span> 
     </span>
     <span class='ocr_line' id='line_1_4' title="bbox 294 731 1184 824; baseline 0.006 -24"><span class='ocrx_word' id='word_1_17' title='bbox 294 733 597 820; x_wconf 79' lang='lat' dir='ltr'><strong>eoosonpuiuitotis</strong></span> <span class='ocrx_word' id='word_1_18' title='bbox 615 731 751 800; x_wconf 73' lang='lat' dir='ltr'><strong>secundi</strong></span> <span class='ocrx_word' id='word_1_19' title='bbox 768 733 915 819; x_wconf 76' lang='lat' dir='ltr'><strong>produn,</strong></span> <span class='ocrx_word' id='word_1_20' title='bbox 937 735 989 801; x_wconf 81' lang='lat' dir='ltr'><strong>oei</strong></span> <span class='ocrx_word' id='word_1_21' title='bbox 1012 756 1112 824; x_wconf 82' lang='lat' dir='ltr'><strong>super</strong></span> <span class='ocrx_word' id='word_1_22' title='bbox 1129 737 1184 804; x_wconf 85' lang='lat' dir='ltr'><strong>im-</strong></span> 
     </span>
     <span class='ocr_line' id='line_1_5' title="bbox 296 824 1186 915; baseline 0.004 -22"><span class='ocrx_word' id='word_1_23' title='bbox 296 825 483 915; x_wconf 81' lang='lat' dir='ltr'><strong>pedimento</strong></span> <span class='ocrx_word' id='word_1_24' title='bbox 497 824 630 912; x_wconf 80' lang='lat' dir='ltr'><strong>publico</strong></span> <span class='ocrx_word' id='word_1_25' title='bbox 658 825 831 913; x_wconf 75' lang='lat' dir='ltr'><strong>affinitatis</strong></span> <span class='ocrx_word' id='word_1_26' title='bbox 847 826 953 914; x_wconf 69' lang='lat' dir='ltr'><strong>prim</strong></span> <span class='ocrx_word' id='word_1_27' title='bbox 976 828 1029 895; x_wconf 86' lang='lat' dir='ltr'><strong>uel</strong></span> <span class='ocrx_word' id='word_1_28' title='bbox 1054 831 1186 897; x_wconf 79' lang='lat' dir='ltr'><strong>secundi</strong></span> 
     </span>
     <span class='ocr_line' id='line_1_6' title="bbox 297 917 837 1008; baseline -0.009 -19"><span class='ocrx_word' id='word_1_29' title='bbox 297 920 434 1008; x_wconf 75' lang='lat' dir='ltr'><strong>prudm,</strong></span> <span class='ocrx_word' id='word_1_30' title='bbox 450 925 551 988; x_wconf 85' lang='lat' dir='ltr'><strong>ortue</strong></span> <span class='ocrx_word' id='word_1_31' title='bbox 569 918 686 1007; x_wconf 81' lang='lat' dir='ltr'><strong>copulo</strong></span> <span class='ocrx_word' id='word_1_32' title='bbox 705 917 837 985; x_wconf 81' lang='lat' dir='ltr'><strong>illicito.</strong></span> 
     </span>
    </p>
   </div>
   <div class='ocr_carea' id='block_1_3' title="bbox 332 1119 1104 1208">
    <p class='ocr_par' dir='ltr' id='par_1_3' title="bbox 332 1119 1104 1208">
     <span class='ocr_line' id='line_1_7' title="bbox 332 1119 1104 1208; baseline 0.001 -17"><span class='ocrx_word' id='word_1_33' title='bbox 332 1119 558 1191; x_wconf 87' lang='lat' dir='ltr'><strong>illustrissime</strong></span> <span class='ocrx_word' id='word_1_34' title='bbox 579 1141 618 1188; x_wconf 87' lang='lat' dir='ltr'><strong>ao</strong></span> <span class='ocrx_word' id='word_1_35' title='bbox 640 1120 926 1190; x_wconf 82' lang='lat' dir='ltr'><strong>Reverendissime</strong></span> <span class='ocrx_word' id='word_1_36' title='bbox 947 1121 1104 1208; x_wconf 81' lang='lat' dir='ltr'><strong>Domine,</strong></span> 
     </span>
    </p>
   </div>
   <div class='ocr_carea' id='block_1_4' title="bbox 172 1287 1189 3242">
    <p class='ocr_par' dir='ltr' id='par_1_4' title="bbox 242 1287 1189 2312">
     <span class='ocr_line' id='line_1_8' title="bbox 296 1287 1186 1379; baseline 0.001 -17"><span class='ocrx_word' id='word_1_37' title='bbox 296 1294 436 1362; x_wconf 85' lang='lat' dir='ltr'><strong>Ioannes</strong></span> <span class='ocrx_word' id='word_1_38' title='bbox 461 1290 500 1359; x_wconf 91' lang='lat' dir='ltr'><strong>N.</strong></span> <span class='ocrx_word' id='word_1_39' title='bbox 522 1287 700 1379; x_wconf 87' lang='lat' dir='ltr'><strong>parochiae</strong></span> <span class='ocrx_word' id='word_1_40' title='bbox 721 1290 761 1358; x_wconf 85' lang='lat' dir='ltr'><strong>de</strong></span> <span class='ocrx_word' id='word_1_41' title='bbox 790 1290 828 1357; x_wconf 88' lang='lat' dir='ltr'><strong>N.</strong></span> <span class='ocrx_word' id='word_1_42' title='bbox 856 1290 1020 1361; x_wconf 85' lang='lat' dir='ltr'><strong>Dioecesis</strong></span> <span class='ocrx_word' id='word_1_43' title='bbox 1040 1293 1083 1361; x_wconf 89' lang='lat' dir='ltr'><strong>N.</strong></span> <span class='ocrx_word' id='word_1_44' title='bbox 1111 1295 1186 1362; x_wconf 87' lang='lat' dir='ltr'><strong>sub·</strong></span> 
     </span>
     <span class='ocr_line' id='line_1_9' title="bbox 250 1381 1185 1471; baseline -0.002 -15"><span class='ocrx_word' id='word_1_45' title='bbox 250 1387 353 1468; x_wconf 89' lang='lat' dir='ltr'><strong>ditus,</strong></span> <span class='ocrx_word' id='word_1_46' title='bbox 372 1397 405 1453; x_wconf 91' lang='lat' dir='ltr'><strong>et</strong></span> <span class='ocrx_word' id='word_1_47' title='bbox 420 1384 542 1452; x_wconf 86' lang='lat' dir='ltr'><strong>loonna</strong></span> <span class='ocrx_word' id='word_1_48' title='bbox 562 1382 601 1450; x_wconf 95' lang='lat' dir='ltr'><strong>N.</strong></span> <span class='ocrx_word' id='word_1_49' title='bbox 618 1381 920 1471; x_wconf 63' lang='lat' dir='ltr'><strong>parochianam,</strong></span> <span class='ocrx_word' id='word_1_50' title='bbox 937 1385 1185 1455; x_wconf 75' lang='lat' dir='ltr'><strong>matrimonium</strong></span> 
     </span>
     <span class='ocr_line' id='line_1_10' title="bbox 251 1475 1189 1564; baseline -0.001 -16"><span class='ocrx_word' id='word_1_51' title='bbox 251 1480 287 1549; x_wconf 91' lang='lat' dir='ltr'><strong>in</strong></span> <span class='ocrx_word' id='word_1_52' title='bbox 299 1479 417 1549; x_wconf 84' lang='lat' dir='ltr'><strong>faeiem</strong></span> <span class='ocrx_word' id='word_1_53' title='bbox 429 1475 596 1545; x_wconf 83' lang='lat' dir='ltr'><strong>Eooiesiae</strong></span> <span class='ocrx_word' id='word_1_54' title='bbox 610 1475 682 1543; x_wconf 84' lang='lat' dir='ltr'><strong>sine</strong></span> <span class='ocrx_word' id='word_1_55' title='bbox 697 1475 941 1564; x_wconf 76' lang='lat' dir='ltr'>dispensatione</span> <span class='ocrx_word' id='word_1_56' title='bbox 955 1490 1189 1548; x_wconf 84' lang='lat' dir='ltr'><strong>contraxerunt</strong></span> 
     </span>
     <span class='ocr_line' id='line_1_11' title="bbox 250 1569 1185 1655; baseline 0 -14"><span class='ocrx_word' id='word_1_57' title='bbox 250 1585 283 1642; x_wconf 91' lang='lat' dir='ltr'><strong>et</strong></span> <span class='ocrx_word' id='word_1_58' title='bbox 310 1569 481 1641; x_wconf 86' lang='lat' dir='ltr'><strong>bonafide</strong></span> <span class='ocrx_word' id='word_1_59' title='bbox 511 1580 809 1652; x_wconf 81' lang='lat' dir='ltr'><strong>consummarunt;</strong></span> <span class='ocrx_word' id='word_1_60' title='bbox 832 1569 896 1637; x_wconf 89' lang='lat' dir='ltr'><strong>iam</strong></span> <span class='ocrx_word' id='word_1_61' title='bbox 916 1591 994 1639; x_wconf 84' lang='lat' dir='ltr'><strong>vero</strong></span> <span class='ocrx_word' id='word_1_62' title='bbox 1019 1571 1185 1655; x_wconf 88' lang='lat' dir='ltr'><strong>innotuit,</strong></span> 
     </span>
     <span class='ocr_line' id='line_1_12' title="bbox 242 1659 1188 1753; baseline 0 -20"><span class='ocrx_word' id='word_1_63' title='bbox 242 1668 307 1733; x_wconf 89' lang='lat' dir='ltr'><strong>&#39;eos</strong></span> <span class='ocrx_word' id='word_1_64' title='bbox 331 1682 402 1732; x_wconf 87' lang='lat' dir='ltr'><strong>esse</strong></span> <span class='ocrx_word' id='word_1_65' title='bbox 422 1659 687 1748; x_wconf 75' lang='lat' dir='ltr'><strong>consanguineos</strong></span> <span class='ocrx_word' id='word_1_66' title='bbox 707 1663 740 1729; x_wconf 89' lang='lat' dir='ltr'><strong>in</strong></span> <span class='ocrx_word' id='word_1_67' title='bbox 761 1663 906 1731; x_wconf 85' lang='lat' dir='ltr'><strong>secundo</strong></span> <span class='ocrx_word' id='word_1_68' title='bbox 921 1673 955 1731; x_wconf 91' lang='lat' dir='ltr'><strong>et</strong></span> <span class='ocrx_word' id='word_1_69' title='bbox 971 1664 1070 1734; x_wconf 91' lang='lat' dir='ltr'><strong>tertio</strong></span> <span class='ocrx_word' id='word_1_70' title='bbox 1084 1666 1188 1753; x_wconf 81' lang='lat' dir='ltr'><strong>gradu</strong></span> 
     </span>
     <span class='ocr_line' id='line_1_13' title="bbox 250 1752 1188 1846; baseline 0.001 -21"><span class='ocrx_word' id='word_1_71' title='bbox 250 1755 433 1846; x_wconf 79' lang='lat' dir='ltr'><strong>inaequali,</strong></span> <span class='ocrx_word' id='word_1_72' title='bbox 454 1752 563 1822; x_wconf 85' lang='lat' dir='ltr'><strong>lineae</strong></span> <span class='ocrx_word' id='word_1_73' title='bbox 589 1753 812 1838; x_wconf 77' lang='lat' dir='ltr'><strong>collateralis,</strong></span> <span class='ocrx_word' id='word_1_74' title='bbox 833 1766 871 1822; x_wconf 86' lang='lat' dir='ltr'><strong>ut</strong></span> <span class='ocrx_word' id='word_1_75' title='bbox 889 1776 927 1823; x_wconf 82' lang='lat' dir='ltr'><strong>ex</strong></span> <span class='ocrx_word' id='word_1_76' title='bbox 947 1756 1076 1825; x_wconf 87' lang='lat' dir='ltr'><strong>adiecto</strong></span> <span class='ocrx_word' id='word_1_77' title='bbox 1097 1759 1188 1826; x_wconf 87' lang='lat' dir='ltr'><strong>sehe-</strong></span> 
     </span>
     <span class='ocr_line' id='line_1_14' title="bbox 250 1846 1188 1927; baseline 0 -8"><span class='ocrx_word' id='word_1_78' title='bbox 250 1863 341 1919; x_wconf 86' lang='lat' dir='ltr'><strong>mate</strong></span> <span class='ocrx_word' id='word_1_79' title='bbox 361 1858 514 1927; x_wconf 83' lang='lat' dir='ltr'><strong>constat3</strong></span> <span class='ocrx_word' id='word_1_80' title='bbox 536 1847 611 1914; x_wconf 86' lang='lat' dir='ltr'><strong>vel:</strong></span> <span class='ocrx_word' id='word_1_81' title='bbox 636 1846 701 1915; x_wconf 92' lang='lat' dir='ltr'><strong>iam</strong></span> <span class='ocrx_word' id='word_1_82' title='bbox 734 1867 812 1917; x_wconf 90' lang='lat' dir='ltr'><strong>vero</strong></span> <span class='ocrx_word' id='word_1_83' title='bbox 839 1859 916 1917; x_wconf 85' lang='lat' dir='ltr'><strong>ante</strong></span> <span class='ocrx_word' id='word_1_84' title='bbox 936 1870 1054 1918; x_wconf 87' lang='lat' dir='ltr'><strong>eorum</strong></span> <span class='ocrx_word' id='word_1_85' title='bbox 1076 1851 1188 1919; x_wconf 90' lang='lat' dir='ltr'><strong>matri·</strong></span> 
     </span>
     <span class='ocr_line' id='line_1_15' title="bbox 252 1939 1189 2032; baseline -0.002 -20"><span class='ocrx_word' id='word_1_86' title='bbox 252 1943 415 2023; x_wconf 88' lang='lat' dir='ltr'><strong>monium,</strong></span> <span class='ocrx_word' id='word_1_87' title='bbox 432 1952 548 2011; x_wconf 90' lang='lat' dir='ltr'><strong>notum</strong></span> <span class='ocrx_word' id='word_1_88' title='bbox 571 1951 644 2008; x_wconf 86' lang='lat' dir='ltr'><strong>erat</strong></span> <span class='ocrx_word' id='word_1_89' title='bbox 663 1939 817 2010; x_wconf 87' lang='lat' dir='ltr'><strong>omnibus</strong></span> <span class='ocrx_word' id='word_1_90' title='bbox 833 1941 902 2011; x_wconf 85' lang='lat' dir='ltr'><strong>sere</strong></span> <span class='ocrx_word' id='word_1_91' title='bbox 919 1943 1002 2012; x_wconf 88' lang='lat' dir='ltr'><strong>meis</strong></span> <span class='ocrx_word' id='word_1_92' title='bbox 1021 1945 1189 2032; x_wconf 84' lang='lat' dir='ltr'><strong>parochia-</strong></span> 
     </span>
     <span class='ocr_line' id='line_1_16' title="bbox 250 2033 1187 2126; baseline -0.001 -19"><span class='ocrx_word' id='word_1_93' title='bbox 250 2037 322 2120; x_wconf 83' lang='lat' dir='ltr'><strong>nis,</strong></span> <span class='ocrx_word' id='word_1_94' title='bbox 348 2035 530 2126; x_wconf 83' lang='lat' dir='ltr'><strong>praefatam</strong></span> <span class='ocrx_word' id='word_1_95' title='bbox 553 2033 710 2101; x_wconf 80' lang='lat' dir='ltr'><strong>loannem</strong></span> <span class='ocrx_word' id='word_1_96' title='bbox 732 2035 884 2124; x_wconf 81' lang='lat' dir='ltr'><strong>copulam</strong></span> <span class='ocrx_word' id='word_1_97' title='bbox 901 2036 1113 2106; x_wconf 80' lang='lat' dir='ltr'><strong>fornicariam</strong></span> <span class='ocrx_word' id='word_1_98' title='bbox 1133 2038 1187 2106; x_wconf 89' lang='lat' dir='ltr'><strong>ha·</strong></span> 
     </span>
     <span class='ocr_line' id='line_1_17' title="bbox 251 2127 1188 2264; baseline -0.002 -64"><span class='ocrx_word' id='word_1_99' title='bbox 251 2130 364 2200; x_wconf 87' lang='lat' dir='ltr'><strong>buisse</strong></span> <span class='ocrx_word' id='word_1_100' title='bbox 383 2150 459 2197; x_wconf 86' lang='lat' dir='ltr'><strong>oum</strong></span> <span class='ocrx_word' id='word_1_101' title='bbox 478 2129 580 2196; x_wconf 82' lang='lat' dir='ltr'><strong>fratre</strong></span> <span class='ocrx_word' id='word_1_102' title='bbox 598 2127 723 2215; x_wconf 83' lang='lat' dir='ltr'><strong>sponsi,</strong></span> <span class='ocrx_word' id='word_1_103' title='bbox 744 2148 844 2217; x_wconf 90' lang='lat' dir='ltr'><strong>super</strong></span> <span class='ocrx_word' id='word_1_104' title='bbox 864 2150 930 2219; x_wconf 91' lang='lat' dir='ltr'><strong>quo</strong></span> <span class='ocrx_word' id='word_1_105' title='bbox 951 2129 1188 2264; x_wconf 86' lang='lat' dir='ltr'><strong>impedimento</strong></span> 
     </span>
     <span class='ocr_line' id='line_1_18' title="bbox 250 2220 755 2312; baseline -0.01 -20"><span class='ocrx_word' id='word_1_106' title='bbox 250 2222 452 2312; x_wconf 76' lang='lat' dir='ltr'><strong>dispensatio</strong></span> <span class='ocrx_word' id='word_1_107' title='bbox 471 2220 553 2310; x_wconf 87' lang='lat' dir='ltr'><strong>petit</strong></span> <span class='ocrx_word' id='word_1_108' title='bbox 555 2241 572 2287; x_wconf 84' lang='lat' dir='ltr'><strong>a</strong></span> <span class='ocrx_word' id='word_1_109' title='bbox 592 2240 658 2288; x_wconf 90' lang='lat' dir='ltr'><strong>non</strong></span> <span class='ocrx_word' id='word_1_110' title='bbox 680 2220 755 2287; x_wconf 80' lang='lat' dir='ltr'><strong>tuit.</strong></span> 
     </span>
    </p>

    <p class='ocr_par' dir='ltr' id='par_1_5' title="bbox 251 2313 1188 2588">
     <span class='ocr_line' id='line_1_19' title="bbox 297 2313 1188 2401; baseline 0 -17"><span class='ocrx_word' id='word_1_111' title='bbox 297 2317 407 2399; x_wconf 83' lang='lat' dir='ltr'><strong>Quare</strong></span> <span class='ocrx_word' id='word_1_112' title='bbox 433 2313 621 2383; x_wconf 87' lang='lat' dir='ltr'><strong>humillime</strong></span> <span class='ocrx_word' id='word_1_113' title='bbox 646 2314 834 2401; x_wconf 80' lang='lat' dir='ltr'><strong>supplicant</strong></span> <span class='ocrx_word' id='word_1_114' title='bbox 852 2314 1111 2384; x_wconf 86' lang='lat' dir='ltr'><strong>llllustrissimae</strong></span> <span class='ocrx_word' id='word_1_115' title='bbox 1128 2316 1188 2384; x_wconf 85' lang='lat' dir='ltr'><strong>No·</strong></span> 
     </span>
     <span class='ocr_line' id='line_1_20' title="bbox 252 2406 1188 2496; baseline 0 -19"><span class='ocrx_word' id='word_1_116' title='bbox 252 2407 426 2478; x_wconf 81' lang='lat' dir='ltr'><strong>minutioni</strong></span> <span class='ocrx_word' id='word_1_117' title='bbox 449 2406 593 2488; x_wconf 80' lang='lat' dir='ltr'><strong>Vestrae,</strong></span> <span class='ocrx_word' id='word_1_118' title='bbox 610 2418 647 2475; x_wconf 89' lang='lat' dir='ltr'><strong>ut</strong></span> <span class='ocrx_word' id='word_1_119' title='bbox 661 2427 762 2494; x_wconf 90' lang='lat' dir='ltr'><strong>super</strong></span> <span class='ocrx_word' id='word_1_120' title='bbox 778 2407 835 2474; x_wconf 86' lang='lat' dir='ltr'><strong>iilo</strong></span> <span class='ocrx_word' id='word_1_121' title='bbox 856 2406 1095 2496; x_wconf 92' lang='lat' dir='ltr'><strong>impedimento</strong></span> <span class='ocrx_word' id='word_1_122' title='bbox 1111 2408 1188 2477; x_wconf 89' lang='lat' dir='ltr'><strong>San·</strong></span> 
     </span>
     <span class='ocr_line' id='line_1_21' title="bbox 251 2499 885 2605; baseline -0.005 -34"><span class='ocrx_word' id='word_1_123' title='bbox 251 2516 324 2573; x_wconf 82' lang='lat' dir='ltr'><strong>ctae</strong></span> <span class='ocrx_word' id='word_1_124' title='bbox 340 2501 434 2570; x_wconf 88' lang='lat' dir='ltr'><strong>Sedis</strong></span> <span class='ocrx_word' id='word_1_125' title='bbox 452 2499 653 2588; x_wconf 81' lang='lat' dir='ltr'><strong>dispensatio</strong></span> <span class='ocrx_word' id='word_1_126' title='bbox 676 2511 885 2605; x_wconf 79' lang='lat' dir='ltr'><strong>procuretur.</strong></span> 
     </span>
    </p>

    <p class='ocr_par' dir='ltr' id='par_1_6' title="bbox 249 2592 1183 2867">
     <span class='ocr_line' id='line_1_22' title="bbox 295 2592 1183 2676; baseline 0 -14"><span class='ocrx_word' id='word_1_127' title='bbox 295 2595 421 2662; x_wconf 80' lang='lat' dir='ltr'><strong>Cumae</strong></span> <span class='ocrx_word' id='word_1_128' title='bbox 440 2604 536 2658; x_wconf 89' lang='lat' dir='ltr'><strong>sunt:</strong></span> <span class='ocrx_word' id='word_1_129' title='bbox 571 2592 603 2658; x_wconf 85' lang='lat'><strong>1⁰</strong></span> <span class='ocrx_word' id='word_1_130' title='bbox 638 2592 892 2661; x_wconf 84' lang='lat' dir='ltr'><strong>matrimonium</strong></span> <span class='ocrx_word' id='word_1_131' title='bbox 925 2593 1052 2662; x_wconf 82' lang='lat' dir='ltr'><strong>uirile&#39;</strong></span> <span class='ocrx_word' id='word_1_132' title='bbox 1042 2594 1183 2676; x_wconf 89' lang='lat' dir='ltr'><strong>mitum,</strong></span> 
     </span>
     <span class='ocr_line' id='line_1_23' title="bbox 252 2684 1185 2775; baseline 0.001 -21"><span class='ocrx_word' id='word_1_133' title='bbox 252 2684 524 2775; x_wconf 89' lang='lat' dir='ltr'><strong>propterquod</strong></span> <span class='ocrx_word' id='word_1_134' title='bbox 516 2705 580 2751; x_wconf 89' lang='lat' dir='ltr'><strong>ram</strong></span> <span class='ocrx_word' id='word_1_135' title='bbox 602 2684 776 2753; x_wconf 76' lang='lat' dir='ltr'><strong>ductisunt</strong></span> <span class='ocrx_word' id='word_1_136' title='bbox 797 2686 1059 2774; x_wconf 88' lang='lat' dir='ltr'><strong>inseparabiles;</strong></span> <span class='ocrx_word' id='word_1_137' title='bbox 1082 2686 1119 2755; x_wconf 68' lang='lat'><strong>2⁰</strong></span> <span class='ocrx_word' id='word_1_138' title='bbox 1135 2709 1185 2755; x_wconf 91' lang='lat' dir='ltr'><strong>so·</strong></span> 
     </span>
     <span class='ocr_line' id='line_1_24' title="bbox 249 2774 957 2867; baseline -0.004 -18"><span class='ocrx_word' id='word_1_139' title='bbox 249 2781 343 2849; x_wconf 85' lang='lat' dir='ltr'><strong>boios</strong></span> <span class='ocrx_word' id='word_1_140' title='bbox 362 2791 451 2861; x_wconf 88' lang='lat' dir='ltr'><strong>nata;</strong></span> <span class='ocrx_word' id='word_1_141' title='bbox 467 2774 502 2844; x_wconf 76' lang='grc' dir='ltr'><strong>3ο</strong></span> <span class='ocrx_word' id='word_1_142' title='bbox 519 2778 637 2846; x_wconf 84' lang='lat' dir='ltr'><strong>damna</strong></span> <span class='ocrx_word' id='word_1_143' title='bbox 656 2779 767 2867; x_wconf 82' lang='lat' dir='ltr'><strong>gravia</strong></span> <span class='ocrx_word' id='word_1_144' title='bbox 787 2779 957 2851; x_wconf 82' lang='lat' dir='ltr'><strong>evitanda.</strong></span> 
     </span>
    </p>

    <p class='ocr_par' dir='ltr' id='par_1_7' title="bbox 172 2870 1184 3242">
     <span class='ocr_line' id='line_1_25' title="bbox 316 2870 1182 2953; baseline 0.001 -13"><span class='ocrx_word' id='word_1_145' title='bbox 316 2873 450 2953; x_wconf 79' lang='lat' dir='ltr'><strong>Testor,</strong></span> <span class='ocrx_word' id='word_1_146' title='bbox 481 2882 653 2952; x_wconf 89' lang='lat' dir='ltr'><strong>oratores,</strong></span> <span class='ocrx_word' id='word_1_147' title='bbox 684 2871 884 2939; x_wconf 79' lang='lat' dir='ltr'><strong>orthodoxae</strong></span> <span class='ocrx_word' id='word_1_148' title='bbox 915 2870 991 2938; x_wconf 87' lang='lat' dir='ltr'><strong>fidei</strong></span> <span class='ocrx_word' id='word_1_149' title='bbox 1021 2872 1182 2953; x_wconf 56' lang='lat' dir='ltr'><strong>cultorem</strong></span> 
     </span>
     <span class='ocr_line' id='line_1_26' title="bbox 250 2963 1184 3055; baseline -0.002 -21"><span class='ocrx_word' id='word_1_150' title='bbox 250 2978 316 3034; x_wconf 84' lang='lat' dir='ltr'><strong>tarn</strong></span> <span class='ocrx_word' id='word_1_151' title='bbox 338 2984 501 3055; x_wconf 86' lang='lat' dir='ltr'><strong>pauperes</strong></span> <span class='ocrx_word' id='word_1_152' title='bbox 521 2985 559 3031; x_wconf 85' lang='lat' dir='ltr'><strong>aa</strong></span> <span class='ocrx_word' id='word_1_153' title='bbox 587 2963 793 3031; x_wconf 80' lang='lat' dir='ltr'><strong>miserabiles</strong></span> <span class='ocrx_word' id='word_1_154' title='bbox 812 2984 908 3043; x_wconf 90' lang='lat' dir='ltr'><strong>esse,</strong></span> <span class='ocrx_word' id='word_1_155' title='bbox 931 2976 968 3032; x_wconf 91' lang='lat' dir='ltr'><strong>ut</strong></span> <span class='ocrx_word' id='word_1_156' title='bbox 991 2965 1117 3031; x_wconf 87' lang='lat' dir='ltr'><strong>nullam</strong></span> <span class='ocrx_word' id='word_1_157' title='bbox 1137 2976 1184 3034; x_wconf 90' lang='lat' dir='ltr'><strong>ta·</strong></span> 
     </span>
     <span class='ocr_line' id='line_1_27' title="bbox 172 3045 1184 3145; baseline -0.007 -15"><span class='ocrx_word' id='word_1_158' title='bbox 172 3117 178 3130; x_wconf 94' lang='lat'><strong>.</strong></span> <span class='ocrx_word' id='word_1_159' title='bbox 249 3080 323 3127; x_wconf 84' lang='lat' dir='ltr'><strong>xam</strong></span> <span class='ocrx_word' id='word_1_160' title='bbox 343 3058 470 3126; x_wconf 79' lang='lat' dir='ltr'><strong>solvere</strong></span> <span class='ocrx_word' id='word_1_161' title='bbox 484 3056 623 3145; x_wconf 87' lang='lat' dir='ltr'><strong>possint.</strong></span> <span class='ocrx_word' id='word_1_162' title='bbox 596 3056 705 3125; x_wconf 86' lang='lat' dir='ltr'><strong>tPro</strong></span> <span class='ocrx_word' id='word_1_163' title='bbox 723 3058 873 3145; x_wconf 82' lang='lat' dir='ltr'><strong>expensis</strong></span> <span class='ocrx_word' id='word_1_164' title='bbox 886 3056 1009 3125; x_wconf 87' lang='lat' dir='ltr'><strong>Romae</strong></span> <span class='ocrx_word' id='word_1_165' title='bbox 1028 3045 1184 3126; x_wconf 82' lang='lat' dir='ltr'><strong>iaciendis</strong></span> 
     </span>
     <span class='ocr_line' id='line_1_28' title="bbox 252 3148 933 3242; baseline -0.004 -22"><span class='ocrx_word' id='word_1_166' title='bbox 252 3151 340 3242; x_wconf 90' lang='lat' dir='ltr'><strong>apud</strong></span> <span class='ocrx_word' id='word_1_167' title='bbox 363 3170 416 3219; x_wconf 91' lang='lat' dir='ltr'><strong>me</strong></span> <span class='ocrx_word' id='word_1_168' title='bbox 435 3150 609 3239; x_wconf 81' lang='lat' dir='ltr'><strong>depositae</strong></span> <span class='ocrx_word' id='word_1_169' title='bbox 629 3159 707 3217; x_wconf 91' lang='lat' dir='ltr'><strong>sunt</strong></span> <span class='ocrx_word' id='word_1_170' title='bbox 725 3148 771 3217; x_wconf 75' lang='lat'><strong>15</strong></span> <span class='ocrx_word' id='word_1_171' title='bbox 789 3149 933 3218; x_wconf 87' lang='lat' dir='ltr'><strong>libellaa</strong></span> 
     </span>
    </p>
   </div>
   <div class='ocr_carea' id='block_1_5' title="bbox 531 3315 1092 3389">
    <p class='ocr_par' dir='ltr' id='par_1_8' title="bbox 531 3315 1092 3389">
     <span class='ocr_line' id='line_1_29' title="bbox 531 3315 1092 3389; baseline -0.005 -1"><span class='ocrx_word' id='word_1_172' title='bbox 531 3320 585 3389; x_wconf 91' lang='lat' dir='ltr'><strong>die</strong></span> <span class='ocrx_word' id='word_1_173' title='bbox 681 3318 805 3387; x_wconf 87' lang='lat' dir='ltr'><strong>mensis</strong></span> <span class='ocrx_word' id='word_1_174' title='bbox 1012 3315 1092 3387; x_wconf 88' lang='lat' dir='ltr'><strong>anni</strong></span> 
     </span>
    </p>
   </div>
   <div class='ocr_carea' id='block_1_6' title="bbox 623 3514 1088 3614">
    <p class='ocr_par' dir='ltr' id='par_1_9' title="bbox 623 3514 1088 3614">
     <span class='ocr_line' id='line_1_30' title="bbox 623 3514 1088 3614; baseline -0.002 -29"><span class='ocrx_word' id='word_1_175' title='bbox 623 3515 692 3585; x_wconf 94' lang='lat' dir='ltr'><strong>NN.</strong></span> <span class='ocrx_word' id='word_1_176' title='bbox 711 3514 828 3586; x_wconf 90' lang='lat' dir='ltr'><strong>Pastor</strong></span> <span class='ocrx_word' id='word_1_177' title='bbox 848 3514 1025 3606; x_wconf 81' lang='lat' dir='ltr'><strong>parochiae</strong></span> <span class='ocrx_word' id='word_1_178' title='bbox 1046 3559 1049 3562; x_wconf 21' lang='lat' dir='ltr'>x</span> <span class='ocrx_word' id='word_1_179' title='bbox 1077 3605 1088 3614; x_wconf 27' lang='grc' dir='ltr'>ι</span> 
     </span>
    </p>
   </div>
   <div class='ocr_carea' id='block_1_7' title="bbox 0 0 1328 4175">
    <p class='ocr_par' dir='ltr' id='par_1_10' title="bbox 0 0 1328 4175">
     <span class='ocr_line' id='line_1_31' title="bbox 0 0 1328 4175; baseline 0 0"><span class='ocrx_word' id='word_1_180' title='bbox 0 0 1328 4175; x_wconf 95' lang='lat' dir='ltr'><strong> </strong></span> 
     </span>
    </p>
   </div>
  </div>
 </body>
</html>
