2642 4175
416 371 458 414 nu
477 369 607 415 urruns
625 369 825 418 uernmoun
972 390 976 394 -
999 360 1064 417 117

167 465 352 555 Theologis
383 467 605 556 praesertim,
629 467 663 537 in
683 468 886 539 contrarium
911 468 1109 553 docuerint,

169 561 354 629 tenendum
387 572 439 629 est
473 559 724 630 matrimonium
756 583 867 632 eoram
902 560 1050 632 Paroeho
1080 577 1114 632 et

170 653 311 723 testibus
339 653 402 724 sub
430 655 619 724 conditione
646 665 876 739 contractum,
907 654 978 746 ipso
997 656 1112 725 eondi-

168 745 273 817 tiunis
289 747 505 837 implemento
526 748 636 819 statim
654 748 782 839 perlici,
803 749 929 839 absque
949 769 1031 818 nova
1051 748 1113 818 Pa·

167 839 265 906 roehi
288 853 345 909 aut
379 841 511 910 testium
544 842 755 930 praesentia,
782 843 834 913 vel
862 841 1113 912 denuntiatione

170 933 273 1001 buius
294 933 513 1023 implementi,
537 955 623 1023 quae
649 933 730 1024 ipsis
749 935 818 1005 fiat.
844 935 969 1024 Duplex
988 945 1110 1018 autem,

170 1037 274 1115 prout
293 1027 396 1096 relert
413 1029 589 1116 Fagnanus
602 1049 630 1097 e.
647 1048 750 1118 super
765 1048 804 1097 eu
821 1025 843 1096 5
859 1028 901 1096 de
921 1027 1018 1095 cond.
1035 1049 1110 1119 app.

169 1139 210 1186 n.
224 1117 258 1202 5,
274 1117 295 1186 6
309 1118 389 1188 huic
402 1122 585 1190 sententiae
604 1121 805 1209 suffragatur
824 1121 993 1190 decretum
1016 1118 1049 1188 S.
1074 1121 1112 1189 C.
1240 1114 1246 1127 ’

165 1213 379 1301 C.‚quorum
399 1214 540 1283 alterum
561 1222 578 1282 a
601 1213 634 1283 S.
656 1213 716 1283 Pio
731 1213 773 1298 V,
796 1224 830 1285 et
846 1214 987 1284 alterum
1007 1233 1024 1281 a
1042 1211 1115 1282 Cle·

172 1317 286 1374 mente
295 1305 616 1394 Vlllprobatumest.
628 1308 717 1376 Haec
734 1329 813 1377 sane
831 1305 995 1376 sententia
1009 1327 1115 1394 prono

165 1399 265 1468 alveo
285 1399 455 1468 descendit
467 1421 505 1468 ex
517 1401 585 1479 illa,
605 1400 658 1469 oui
673 1402 783 1490 paullo
796 1422 896 1490 supra
916 1398 1114 1489 subscripsi-

35 1500 40 1549 ἰ
168 1513 269 1573 mus3
292 1492 437 1581 prolecto
462 1514 529 1562 non
549 1492 660 1563 statim
693 1494 819 1583 absque
845 1514 928 1562 noro
948 1513 1109 1562 consensu

145 1583 394 1674 vperficeretur
430 1587 708 1670 matrimonium,
745 1587 773 1657 si
806 1608 887 1656 nova
925 1586 1111 1675 praesentia

170 1676 316 1747 Parocbi
340 1689 372 1746 et
391 1679 525 1748 testium
558 1680 643 1750 loret
669 1681 868 1751 necessaria.
899 1678 1115 1749 validissimis

174 1771 280 1839 etiam
313 1770 499 1842 rationibus
519 1774 747 1844 confirmatur.
772 1773 804 1843 Si
825 1773 913 1842 euim
935 1773 1023 1841 iuxta
1041 1772 1115 1839 Tri·

167 1864 269 1933 dent.
302 1866 487 1953 praesentia
515 1866 654 1937 Paroobi
685 1879 718 1936 et
747 1868 879 1936 testium
901 1886 941 1934 eo
959 1866 1116 1934 duntaxat

173 1971 327 2047 tempore
341 1959 539 2047 exposcitur,
556 1982 622 2049 quo
641 1959 891 2029 matrimonium
910 1958 1113 2041 celebratur,

169 2071 243 2120 uon
261 2052 394 2142 quando
417 2052 526 2122 existit
547 2053 717 2137 conditio,
742 2053 797 2122 sed
820 2050 954 2141 quando
974 2070 1011 2118 ea
1033 2049 1118 2118 adii-

167 2144 280 2225 oitur,
303 2145 369 2213 imo
387 2146 413 2213 si
435 2147 600 2229 conditio,
630 2148 762 2237 quando
783 2144 902 2221 existit,
922 2141 1118 2212 retrotrahi-

173 2251 230 2308 tur
266 2240 306 2306 ad
330 2249 481 2329 tempus,
504 2240 671 2330 quoluit
704 2238 880 2330 apposita,
917 2255 1016 2304 nemo
1051 2254 1119 2302 uon

169 2332 264 2400 videt
289 2352 405 2399 novam
426 2332 566 2403 Paroohi
585 2355 623 2402 ae
643 2333 781 2402 testium
803 2328 1026 2420 praesentiam
1048 2328 1119 2398 nul·

173 2425 307 2495 latenas
325 2425 467 2513 requiri.
495 2426 628 2496 decedit
668 2426 789 2510 etiam,
830 2424 919 2514 quod
958 2423 1032 2510 lege
1060 2442 1118 2491 ea-

174 2520 251 2587 dem
272 2520 459 2607 praesentia
479 2541 589 2610 neque
610 2519 651 2588 ad
672 2517 940 2589 constituendum
961 2535 1118 2605 procura-

173 2624 298 2693 torem,
321 2614 482 2701 nequead
505 2612 742 2683 exhibitionem
760 2608 1016 2702 dispensationis
1032 2608 1119 2678 inter
1187 2619 1192 2622 ’

176 2724 337 2794 personas
358 2704 543 2794 impeditas.
559 2718 596 2775 ut
608 2706 800 2795 quotidiana
818 2703 908 2794 praxi
927 2704 1117 2780 edocemur,
1182 2775 1186 2784 ,

178 2798 248 2867 υΙΙο
268 2798 368 2867 modo
388 2799 583 2888 requiritur,
603 2800 753 2889 quamvis
771 2796 1019 2869 matrimonium
1041 2795 1117 2863 abs·

173 2911 245 2981 que
273 2891 428 2960 mandato
458 2914 517 2982 per
547 2905 821 2983 procuratorem,
843 2892 893 2961 vel
914 2889 1039 2978 absque
1065 2887 1119 2955 di·

177 2984 393 3074 spensatione
413 2984 500 3054 inter
526 3007 685 3075 personas
716 2985 891 3075 impeditas
911 2992 1119 3054 contractum

176 3088 329 3166 nequeat
358 3077 550 3149 subsistere.
572 3080 648 3149 Pari
676 3100 756 3169 ergo
777 3078 905 3147 ratione
925 3075 1042 3146 eadem
1063 3072 1122 3141 Pa·

180 3169 275 3239 rochi
303 3182 338 3239 et
356 3171 491 3241 testium
514 3171 701 3263 praesentia
720 3173 758 3240 ad
778 3172 1044 3260 implementum,
1064 3175 1123 3234 aut

176 3262 441 3333 rarificationem
466 3266 665 3335 conditionis
692 3264 887 3353 neutiquam
911 3257 1120 3350 requiritur,

183 3355 262 3425 licet
279 3356 471 3427 conditione
483 3379 550 3428 non
564 3360 711 3448 impleta,
731 3369 787 3427 aut
804 3354 983 3437 verificata,
1003 3351 1119 3421 matri·

181 3447 336 3518 monium
350 3470 419 3518 uon
432 3452 635 3539 perficiatur.
651 3451 839 3534 Caeterum,
859 3447 1033 3518 deficiente
1048 3464 1124 3513 con·

180 3540 312 3613 ditione
331 3542 494 3634 apposita,
514 3554 646 3636 oportet
665 3546 776 3616 denuo
796 3539 1045 3614 matrimonium
1068 3554 1122 3603 eo·
