2642 4175
471 386 515 429 nn
533 385 747 432 senseramus
984 375 1029 443 27

135 482 288 565 tentiam,
308 481 368 572 qui
390 482 568 573 opinantur
587 481 779 555 huiusmodi
807 483 1059 558 conditiones
1028 510 1077 559 rt·

136 577 183 647 tia
203 578 239 660 i,-
250 588 287 647 ut
304 577 399 648 nullo
419 587 515 667 pacm
530 576 571 646 ab
592 598 629 646 ea
649 579 695 647 sit
713 580 949 663 recedendum,
964 592 1076 654 tanea

223 672 368 759 denegat
384 682 542 759 urgentes
564 690 635 742 esse
654 672 812 756 rationes,
837 693 925 763 quae
944 687 1076 752 mnua-

135 764 223 835 riam
240 763 442 834 sententiam
457 775 656 836 sustentent.
672 765 767 835 Ratio
781 767 959 857 praecipua
977 787 1020 839 ex
1034 789 1075 840 eo

137 859 339 941 desumitur,
359 860 448 948 quod
466 879 542 928 cum
573 858 608 930 in
640 858 715 928 iure
732 859 781 930 nil
799 873 961 932 statutum
979 883 1075 953 repe·

137 952 244 1022 riatur
263 952 353 1021 circa
376 952 436 1022 has
455 951 674 1035 conditiones,
697 954 787 1021 idem
806 955 1075 1044 desponsalibus

137 1066 174 1116 aa
189 1047 232 1116 de
253 1045 396 1118 caeteris
428 1046 653 1118 conuectibus
672 1046 772 1118 debet
791 1068 863 1117 esse
891 1048 1074 1129 iudicium,

137 1160 174 1209 ac
191 1140 339 1228 proinde
359 1140 446 1212 sicat
464 1141 527 1209 bac
547 1140 755 1212 conditiones
779 1139 813 1210 in
842 1141 982 1212 caeteris
1000 1164 1076 1212 con·

139 1234 298 1304 tractibus
319 1254 386 1302 non
405 1234 583 1318 uitiantur,
600 1235 658 1304 sed
678 1254 735 1304 eos
751 1234 882 1324 penitus
901 1233 1028 1319 vitiant,
1044 1250 1078 1305 ct

138 1327 252 1410 irritos
266 1327 428 1410 alliciunt,
450 1328 529 1416 ch.
547 1324 618 1397 3de
633 1328 769 1411 action,
785 1329 829 1398 ita
845 1340 878 1400 et
890 1328 954 1398 boc
966 1329 1075 1418 ipsum

136 1420 170 1491 ia
189 1421 405 1511 sponsalibus
423 1433 474 1491 est
492 1421 744 1506 affirmandum,
763 1423 945 1493 dummodo
964 1435 1075 1496 tamea

138 1515 286 1586 conditio
308 1527 465 1605 concepta
481 1515 527 1585 sit
544 1516 750 1599 affirmative,
776 1529 875 1606 puta,
898 1517 925 1586 si
943 1518 1072 1588 coelum

136 1608 338 1691 ascenderis,
356 1620 414 1679 aul
432 1608 537 1698 digito
559 1610 723 1698 tetigeris.
745 1609 779 1679 Si
799 1610 888 1680 enim
922 1610 1074 1700 negative

137 1703 363 1792 concipiatur,
398 1724 429 1771 r.
450 1725 517 1791 gr,
546 1702 575 1773 si
606 1706 737 1774 coelum
757 1724 824 1773 non
852 1703 1070 1787 escenderiS,

136 1797 323 1886 sponsalia,
344 1798 613 1886 quamadmodum
633 1798 754 1867 caeteri
784 1810 984 1881 contractus,
1006 1818 1073 1870 uon

137 1891 315 1973 vitiantur;
337 1891 395 1959 sed
416 1902 592 1960 censentur
610 1913 693 1979 pure
723 1890 906 1974 celebrata,
929 1892 1014 1960 acsi
1034 1913 1072 1962 ea

137 1986 282 2053 conditio
302 2006 369 2052 non
388 1985 504 2053 fuisset
520 1986 682 2073 apposita;
704 1985 739 2055 b.
762 1985 978 2054 lurossrarcrs
994 1983 1013 2051 7
1031 1987 1072 2054 de

135 2076 168 2147 ll.
195 2078 234 2148 0.
259 2077 333 2169 §10
353 2078 432 2148 last.
456 2079 497 2148 de
517 2078 596 2147 inst.
618 2079 731 2166 stipul.
767 2078 853 2147 Cum.
883 2079 971 2147 enim
989 2079 1074 2147 affir-

138 2173 258 2241 mativa
277 2174 420 2242 conditio
440 2174 483 2241 sit
500 2172 726 2260 impossibilis,
755 2171 894 2258 proinde
926 2171 998 2240 eins
1018 2191 1074 2240 ne-

136 2267 241 2354 gativa
264 2267 328 2335 erit
347 2265 545 2348 necessarie,
563 2287 640 2335 vera
660 2276 695 2335 et
714 2285 884 2354 praesens,
901 2285 987 2352 quae
1011 2276 1073 2332 sta·

140 2360 195 2429 tim
216 2361 315 2429 inest.
533 2418 536 2422 .

179 2453 295 2534 Quoad
316 2453 522 2522 conditiones
541 2465 669 2542 turpes,
693 2472 780 2542 quae
800 2472 866 2520 non
883 2464 1070 2540 repugnant

136 2547 339 2617 matrimonii
359 2547 574 2629 substantiae,
591 2567 657 2616 non
676 2547 772 2635 pauci
794 2545 998 2616 contendunt
1014 2567 1069 2615 eas

135 2659 196 2709 uec
214 2641 336 2722 vitiari,
358 2661 420 2709 nec
436 2642 552 2710 vitiare
569 2640 747 2729 sponsalia,
767 2640 811 2711 ita
830 2652 867 2709 ut
879 2639 957 2708 licet
969 2658 1070 2729 spon·

137 2734 229 2816 salia,
253 2746 431 2824 antequam
466 2736 644 2823 impleatur
677 2734 847 2816 conditio,
873 2733 1068 2822 neutiquam

137 2827 297 2916 obligent,
321 2840 465 2898 attamen
490 2829 610 2911 valent,
633 2838 667 2897 et
698 2828 871 2915 obligant,
894 2838 1068 2917 postquam

136 2918 270 3010 impieta
302 2921 428 3003 luerit,
462 2922 600 3010 perinde
631 2941 670 2989 aa
694 2922 722 2992 si
754 2921 890 2991 honesta
924 2920 1068 2990 conditio

135 3016 346 3103 sponsalibus
366 3015 492 3085 adiecta
512 3016 573 3097 sit,
596 3034 635 3085 ac
660 3015 810 3104 impleta.
839 3015 960 3084 Contra
984 3013 1071 3086 bane

135 3110 358 3191 sententiam,
380 3118 479 3198 quarn
510 3108 725 3178 lleilleastuel
745 3120 857 3179 tuetur
882 3108 942 3176 lib.
963 3106 997 3189 d,
1016 3108 1070 3177 de·

136 3214 219 3272 aret.
241 3217 265 3272 t.
290 3199 324 3285 5,
347 3222 381 3270 u.
402 3200 469 3284 58,
492 3203 573 3271 illud
599 3213 833 3290 argumentum
867 3199 1066 3282 adducitur,

134 3297 226 3384 qood
245 3296 282 3364 in
298 3296 378 3364 ¹iure
393 3295 598 3365 conditiones
617 3309 744 3384 turpes,
760 3306 929 3383 tamqnam
951 3292 1070 3382 impos

134 3389 465 3478 sibilesreputaatur,
480 3389 515 3456 L.
532 3387 697 3457 arenata
710 3388 797 3456 lide
810 3384 908 3470 V.0.,
925 3387 1067 3477 ideoque

134 3479 221 3552 idam
240 3483 420 3561 dicendum
449 3484 490 3551 de
514 3482 762 3553 conditionibus
774 3479 947 3570 turpibus,
970 3500 1009 3548 ac
1026 3481 1068 3549 dc

135 3575 387 3647 conditionibus
407 3575 677 3669 impossibilibus.
703 3574 825 3645 llerum
851 3574 892 3645 de
912 3573 953 3669 iis
973 3571 1068 3658 plura
