2642 4175
308 365 351 424 30
656 381 795 429 carons.
828 409 830 413 ι

261 478 466 550 domicilium
498 480 610 550 mariti
642 481 695 554 sui
731 491 905 569 sequatur.
942 479 1043 548 Nobis
1082 493 1200 549 tomen

261 572 388 643 metius
413 576 538 644 sentire
569 575 723 644 ridentur
750 574 826 657 itti,
859 573 917 663 qni
944 573 979 641 in
1007 575 1070 641 hoc
1095 585 1199 661 pacto·

260 668 308 737 sic
340 668 611 760 distinguendum
641 667 859 737 arbitrantur.
894 667 951 735 Vol
978 666 1070 735 enim
1090 664 1196 734 mori·

260 774 313 831 tus
332 783 349 830 o
367 762 440 831 loeo
460 773 621 831 convento
652 773 767 831 contra
793 761 893 830 fidem
920 761 1029 829 dstsm
1050 759 1197 829 discedit

260 856 394 940 iniuste,
416 857 508 924 nuda
527 856 653 926 scilicet
684 855 925 925 interveniente
944 854 1091 942 legitima
1112 874 1195 922 cam

259 970 318 1033 sa,
351 962 450 1039 atque
476 950 511 1018 in
532 950 584 1018 hia
604 948 862 1020 circumstantiis
888 948 995 1016 virum
1021 948 1065 1015 ita
1093 947 1195 1016 dece·

229 1113 231 1118 ,
259 1045 392 1112 dentem
412 1044 507 1132 sequi
527 1065 593 1112 non
622 1055 755 1113 tenetur
773 1062 878 1123 uror,
908 1043 975 1109 irno
993 1041 1049 1110 ille
1068 1041 1112 1110 ab
1129 1040 1193 1110 iste

258 1137 418 1211 vindicari
442 1149 499 1205 out
517 1138 765 1226 recuperandae
791 1136 1009 1226 possessionis
1033 1135 1195 1204 remediis

257 1231 363 1321 repeti
396 1251 435 1299 ac
461 1232 613 1320 compelli
633 1242 764 1319 potest,
796 1242 833 1299 ut
862 1231 902 1298 ad
930 1230 1034 1318 ipsam
1054 1250 1193 1299 uxorem

257 1336 462 1394 revertatur:
480 1325 531 1392 vel
545 1324 685 1393 maritus
699 1346 716 1393 a
730 1325 802 1392 loco
815 1335 973 1392 convento
986 1322 1129 1393 discedit
1141 1324 1196 1391 iu·

258 1418 493 1506 ste‚quianova
504 1433 537 1486 et
549 1416 839 1507 quidemlegitima
854 1417 1196 1486 ceusaemerseritre-

258 1511 409 1594 cedendi;
421 1523 498 1600 puta
508 1513 535 1580 si
552 1512 638 1580 a'e'ris
650 1512 864 1601 intemperies
882 1510 1105 1580 valetudinem
1121 1513 1194 1580 eius

257 1603 291 1672 in
311 1605 489 1674 discrimen
509 1606 669 1690 adducet,
688 1606 738 1673 vel
760 1606 802 1673 ob
823 1604 978 1693 capitales
999 1603 1194 1673 inimicitias

259 1719 326 1766 non
342 1699 445 1787 possit
466 1711 536 1768 tuto
557 1700 647 1768 eoin
678 1701 750 1768 loco
780 1698 997 1781 commorari,
1019 1709 1123 1787 atque
1158 1699 1192 1767 in

260 1791 312 1861 his
333 1793 474 1881 aliisque
493 1793 751 1862 circumstantiis
770 1814 853 1861 uxor
876 1792 974 1881 sequi
994 1792 1104 1859 virum
1135 1792 1193 1861 de·

261 1885 331 1969 bet,
352 1886 492 1975 perinde
512 1887 593 1955 acsi
614 1899 746 1975 pactum
768 1907 835 1955 non
855 1886 971 1955 fuisset
987 1887 1191 1974 oppositum.

259 1978 314 2046 Vir
330 1981 432 2062 enim,
449 1979 596 2050 discessu
614 2001 687 2063 suo,
698 1979 791 2047 uxori
806 1979 962 2048 iniuriam
978 1998 1045 2046 uon
1066 1978 1189 2062 intulit,
1248 2059 1249 2064 ἵ

256 2094 397 2163 eamque
417 2074 491 2142 iure
510 2097 570 2144 suo
590 2096 657 2143 non
679 2074 847 2165 spoliavit,
869 2094 964 2142 secus
985 2074 1121 2162 qnando
1142 2073 1192 2141 in-

256 2168 379 2247 iuste‘e
399 2169 472 2237 loco
489 2181 648 2238 convento
669 2169 837 2251 discessit,
861 2170 948 2258 quod
969 2168 1098 2235 dictum
1129 2178 1189 2235 est.

257 2261 291 2328 ld
306 2262 415 2330 locum
435 2261 535 2330 hahet
552 2264 665 2344 etiam,
681 2264 759 2330 licet
776 2274 905 2350 pactum
927 2263 1118 2330 iuramento
1135 2261 1191 2327 fir·

256 2367 381 2422 matum
402 2367 499 2427 esset:
524 2357 707 2425 cumcuim
730 2357 952 2424 iuramentum
983 2356 1026 2423 sit
1050 2375 1192 2424 accesso·

257 2447 344 2514 rium
365 2459 479 2535 poeto,
499 2449 608 2518 induit
628 2450 850 2518 conditionem
884 2450 989 2537 ipsius
1009 2449 1116 2538 pacti,
1136 2446 1188 2514 cui

256 2539 422 2608 adiicitur.
457 2539 592 2610 Pactum
610 2565 688 2612 uero
721 2544 783 2610 hoc
816 2544 1010 2633 implicitam
1044 2540 1189 2611 continet

255 2633 489 2717 conditionem,
511 2636 574 2705 nisi
593 2658 675 2705 nore
697 2637 780 2705 iusta
809 2637 985 2705 recedendi
1015 2655 1112 2704 causa
1137 2655 1188 2701 su·

256 2727 452 2817 pervenerit.
490 2728 582 2808 Quod
605 2732 772 2818 profertor
799 2752 816 2799 a
844 2733 972 2820 primae
1004 2727 1187 2798 sententiae

257 2821 414 2907 patronis,
434 2822 529 2890 facile
549 2825 699 2907 solvitur,
722 2823 798 2913 quia
817 2827 869 2892 lex
889 2824 996 2892 divina
1011 2844 1050 2892 ac
1071 2823 1186 2889 humo·

258 2933 298 2980 na
314 2925 392 2983 tunc
411 2918 518 2983 solum
539 2917 686 3001 obtinet„
711 2939 784 2986 cum
805 2919 854 2986 vel
889 2919 1019 2986 nultum
1056 2925 1184 3002 pactum

258 3006 469 3078 habitationis
488 3011 552 3078 fuit
580 3012 786 3100 appositum,
806 3013 856 3080 vel
889 3032 927 3079 eo
958 3010 1107 3099 apposito
1137 3004 1187 3070 vir

257 3101 341 3170 iuste
364 3123 400 3170 eo
417 3103 563 3192 legitima
586 3126 683 3173 causa
704 3105 955 3194 superveniente
975 3103 1119 3170 recedet·
