2642 4175
275 323 341 385 518
575 338 739 385 arrasum
757 340 806 384 nr.

223 434 344 523 teriam
362 454 420 504 seu
441 453 513 502 rem
530 435 722 505 sensibilem
743 435 967 505 determinant
993 436 1034 503 ad
1056 457 1162 524 pecu·

226 528 344 597 liarem
375 528 574 598 sacramenti
605 529 745 617 gratiam
781 541 851 599 tunt
886 529 1162 618 significandam,

227 632 296 690 tum
319 620 538 692 alliciendam.
566 621 650 691 Hinc
684 624 771 712 apud
804 621 919 693 Patres
948 622 1163 693 Sacramenta

228 715 384 786 dicuntur
403 712 523 797 rebus,
542 736 601 785 sou
621 716 795 785 elementis
813 738 852 785 ac
871 716 979 787 uerbis
1009 728 1166 788 constare

230 832 245 875 ‹
265 809 390 879 accedit
410 809 548 878 verbum
568 810 607 877 ad
629 811 845 892 elementum,
868 823 901 880 et
920 811 957 881 lit
975 831 1163 881 sacramen·

229 914 299 971 tum
318 927 332 968 ι
356 903 465 994 inquit
482 903 689 991 Augustinus
707 915 848 973 tractatu
869 902 914 974 80
933 906 968 972 in
987 904 1163 973 loannem.

227 995 308 1076 Quia
328 1018 406 1066 vero
425 998 530 1065 lorma
548 1018 607 1066 seu
623 997 735 1080 verba,
756 1009 901 1087 spectata
915 997 1080 1088 cuiusque
1102 998 1160 1068 Sa·

228 1092 389 1160 crumenti
408 1104 550 1173 natura,
580 1111 679 1180 supra
701 1093 875 1181 materiam
901 1093 1021 1160 cadere
1039 1092 1167 1162 debant
1293 1088 1295 1151 ἶ

228 1203 369 1273 eamque
388 1183 611 1254 determinare
625 1195 747 1254 etcum
764 1206 802 1255 ea
820 1207 923 1254 unum
938 1186 1161 1274 adaequatum

228 1279 360 1366 signum
393 1279 614 1360 constituerc;
654 1279 777 1347 idcirco
807 1280 848 1347 ad
874 1279 1015 1346 validam
1045 1277 1163 1348 Sacra·

228 1371 332 1441 menti
351 1372 589 1445 conlectionem
610 1392 647 1441 ea
670 1372 757 1442 inter
774 1373 946 1442 materiam
969 1383 1001 1440 et
1018 1372 1160 1441 formam

136 1550 141 1557 ὁ
172 1472 177 1487 ’
228 1465 412 1555 requiritur
444 1465 656 1547 coniunctio,
692 1478 729 1535 ut
759 1465 886 1537 formae
917 1465 1057 1554 prolatio
1086 1487 1164 1535 cum

230 1560 388 1630 materiae
407 1558 627 1648 applicatione
645 1581 711 1628 una
733 1559 904 1628 moraliter
923 1558 1007 1627 actio
1027 1579 1163 1629 censea-

230 1664 296 1723 tur.
328 1651 464 1741 Oportet
492 1651 591 1720 etiam
625 1652 659 1722 in
694 1651 918 1733 sacramentis,
947 1652 1167 1735 conficiendis

183 1792 186 1797 ·
230 1747 402 1815 materiam
421 1757 454 1815 ct
472 1745 610 1813 sormam
628 1746 800 1827 adbibere,
817 1766 903 1836 quae
918 1766 955 1814 er
972 1745 1095 1816 Christi
1113 1747 1164 1814 in-

229 1839 401 1910 stitutione
417 1838 458 1907 ab
474 1837 618 1908 Ecclesia
634 1841 795 1909 catholica
811 1852 1003 1928 usurpatur.
1016 1839 1079 1908 Sed
1096 1860 1165 1907 mu·

230 1933 311 2003 tatio
342 1933 531 2002 huiusmodi
565 1933 614 2005 rel
635 1932 862 2004 substantialis
888 1953 964 2002 esse
989 1935 1165 2023 potestvel

231 2028 458 2100 accidentalis.
503 2026 771 2097 Substantialitar
808 2027 951 2110 materia
988 2038 1158 2109 mutatur,

230 2124 363 2213 quando
385 2134 443 2194 aut
462 2122 597 2213 physice
617 2133 650 2192 et
669 2123 849 2204 entitatem,
867 2113 924 2190 aut
943 2121 1115 2190 moraliter
1132 2134 1168 2191 et

231 2217 404 2305 theolopioe
418 2216 544 2285 diuersa
562 2216 740 2285 adhibetur
758 2215 799 2284 ab
820 2236 857 2284 ea
879 2214 1040 2296 materia,
1063 2237 1162 2304 quam

231 2309 382 2379 Christus
396 2310 430 2378 in
441 2308 644 2380 Sacramenti
665 2309 755 2378 illius
771 2308 979 2378 institutione
994 2307 1166 2397 ingerere

228 2403 308 2473 ιιι
300 2424 334 2471 rn
347 2402 457 2492 specie
472 2404 675 2492 designauit:
694 2416 808 2471 contra
822 2422 900 2470 uero
917 2401 1164 2473 accidentaliter

230 2496 437 2592 immutatur,
455 2517 531 2564 cum
557 2495 696 2568 mutatio
716 2497 827 2603 aliqua
848 2507 975 2564 tantum
996 2495 1098 2565 afficit
1117 2496 1165 2567 rei

230 2578 435 2679 qualitatem,
457 2590 568 2659 salva
560 2591 663 2686 ipsius
677 2611 726 2658 rer
717 2587 936 2660 substantia.
955 2587 1037 2658 ltem
1058 2590 1164 2659 forma

229 2682 493 2752 substantialiter
513 2695 661 2753 mutatur
687 2704 762 2752 cum
784 2682 1065 2772 transpositione,
1086 2684 1163 2752 sub·

230 2776 401 2853 tructione,
422 2776 601 2859 additione,
619 2776 858 2867 corruptione,
881 2786 947 2843 aut
972 2776 1036 2843 alia
1057 2791 1164 2846 muta·

231 2870 324 2941 tione
357 2869 533 2942 vorborum
569 2870 719 2940 aufertur
742 2890 858 2939 sensus
879 2881 912 2939 et
938 2868 1164 2958 significatio
1202 2897 1207 2901 ·

232 2986 334 3055 quam
353 2963 504 3034 Christus
536 2964 715 3046 intellexit;
749 2963 996 3033 accidentaliter
1015 2975 1166 3043 tantum,

231 3079 306 3128 cum
326 3058 423 3127 rerba
442 3070 623 3139 mutantur,
646 3057 775 3145 integro
795 3068 949 3126 manente
965 3076 1080 3138 sensu.
1097 3058 1165 3127 lam

231 3174 308 3222 vero
328 3152 385 3243 qui
414 3151 587 3222 materiam
614 3152 667 3220 uel
693 3153 833 3220 lormam
861 3148 969 3220 sciens
984 3163 1022 3224 et
1038 3152 1161 3253 volens,

232 3258 291 3316 aut
310 3266 348 3315 ex
365 3245 521 3334 culpabili
540 3244 742 3333 negligentia
765 3242 1025 3317 substantialiter
1045 3256 1161 3326 mutat,

231 3339 412 3428 sacrilegus
425 3352 485 3422 cst,
500 3360 575 3410 cum
596 3335 874 3408 Sacramentum
866 3337 998 3410 irritum
1018 3349 1054 3406 et
1068 3339 1167 3408 inane

232 3432 363 3514 afficiat,
379 3446 412 3502 et
425 3432 555 3522 Christo
578 3429 761 3504 instituenti
778 3453 818 3501 ac
833 3423 959 3499 bomini
974 3428 1166 3520 suscipienti

232 3524 389 3596 iniuriam
411 3517 547 3617 irroget.
571 3525 738 3596 Verum
713 3547 740 3594 sr
761 3523 898 3594 mutatio
917 3523 961 3593 sit
980 3524 1167 3648 accidenta-
