2642 4175
360 359 405 403 nn
421 356 658 404 macomariam
677 355 877 401 narnrarouu
972 344 1035 404 331

154 499 156 506 ·
192 452 1084 542 Affirmamussecundo,principibuslaicispotectetem

145 546 1085 636 nonesseimpedimentamatrimoniumdirimentiacon-

146 638 1086 728 stitnendi.ldantemintelligimusdematrimoniistlbri·

146 734 356 815 stianorum,
375 755 451 802 cum
471 733 574 821 probe
592 733 736 802 sciamus
755 753 822 801 non
840 733 953 802 deesse
974 733 1084 821 magni

147 827 297 896 nominis
312 838 476 907 auctores,
487 824 545 914 qui
559 824 697 895 minime
716 825 880 909 dubitant,
896 825 978 914 quin
992 827 1084 914 prin·

148 917 1083 1009 cipestuminlideles,tumchristianiraleantinfidelium

146 1013 360 1082 subditorum
379 1011 533 1100 nuptias,
553 1032 638 1099 quae
668 1023 857 1081 contractus
876 1030 968 1080 mere
988 1023 1086 1080 netu·

147 1106 251 1190 rales,
274 1105 447 1193 religiosi,
473 1104 672 1187 domestici,
705 1115 738 1173 et
757 1102 869 1173 civiles
894 1113 990 1187 sunt,
1016 1114 1085 1172 turn

149 1201 239 1287 quod
256 1199 297 1267 ad
311 1198 422 1268 ciuiles
436 1197 583 1282 effectus,
594 1207 665 1267 tom
676 1197 764 1287 qnod
778 1196 819 1265 ad
832 1193 1087 1266 vinculumoon·

149 1291 265 1380 iugale
292 1291 459 1380 pertinet,
481 1290 715 1378 impedimenta
744 1309 888 1378 ponere,
907 1288 1087 1357 dummodo

151 1383 347 1454 essentiales
371 1382 575 1453 matrimonii
600 1383 843 1472 proprietates,
862 1382 925 1452 boc
943 1392 994 1452 est
1012 1381 1087 1451 uni·

71 1465 83 1487 ⁶
148 1489 253 1546 tatem
281 1489 314 1547 et
344 1475 694 1560 indissolubilitatem,
723 1477 764 1545 ab
785 1474 857 1565 ipso
882 1475 949 1545 Deo
969 1475 1004 1544 in
1025 1475 1087 1545 bo-

148 1570 252 1640 minis
283 1570 451 1640 creatione
482 1568 634 1657 explicite
654 1570 804 1653 additas,
825 1568 1019 1640 nullomodo
1040 1578 1086 1638 at·

147 1663 292 1752 tingant,
311 1663 382 1752 ipsa
397 1662 430 1732 S.
451 1661 545 1731 Sedis
565 1663 655 1751 praxi
677 1662 710 1730 id
730 1661 979 1751 comprobante,
999 1681 1085 1750 quae

148 1776 217 1826 non
246 1778 344 1839 raro,
378 1768 414 1825 ut
439 1754 486 1824 ait
512 1754 552 1822 ll.
571 1755 612 1822 ll.
631 1756 842 1825 Perrocheau
860 1775 917 1844 op.
940 1778 955 1822 r
978 1754 1086 1824 'l'beo-

149 1849 241 1937 logia
256 1850 295 1918 ad
312 1847 566 1919 osumllission.
588 1847 804 1917 Sutohuensis
822 1871 837 1913 a
858 1859 885 1916 t.
903 1846 937 1931 d,
954 1869 986 1935 p.
1002 1844 1083 1930 346,

151 1965 165 2007 r
195 1942 374 2011 declaravit
397 1941 538 2011 inualida
559 1960 630 2010 esse
650 1940 837 2009 infidelium
860 1939 1084 2023 matrimonia,

150 2055 239 2125 quae
257 2035 387 2126 legibus
407 2034 534 2125 patriae
554 2033 763 2104 irritantibus
779 2032 1005 2114 adversentur,
1022 2031 1086 2102 nisi

149 2149 213 2216 per
231 2129 506 2200 consuetudinem
525 2126 704 2216 abrogatae
717 2124 843 2195 luerint
858 2123 935 2193 illae
952 2126 1054 2212 leges.
1068 2148 1082 2191 s

148 2221 231 2290 Vide
250 2222 291 2292 de
311 2223 374 2291 bac
393 2219 599 2312 quaestione,
613 2240 674 2309 pro
695 2216 888 2287 affirmativa
907 2218 1083 2300 sententia,

151 2315 306 2385 Carridre
327 2316 368 2385 de
383 2315 459 2384 liat.
481 2328 503 2382 t.
524 2312 559 2392 l,
576 2335 610 2402 p.
633 2309 668 2395 3,
691 2324 771 2382 sect.
791 2311 832 2392 ll,
854 2331 883 2379 c.
906 2307 940 2392 E,
962 2330 996 2378 n.
1017 2306 1085 2378 550

151 2419 186 2477 et
197 2408 290 2477 lcard
309 2409 389 2478 diss.
406 2410 446 2476 de
462 2408 585 2493 imped.
601 2408 679 2476 llat.
694 2406 767 2474 inre
784 2402 871 2472 ciuili
889 2401 1031 2472 inductis
1051 2402 1085 2471 in

152 2500 232 2570 edit.
248 2500 388 2571 Eilluart
399 2500 493 2570 Paris
506 2496 610 2583 atat,
626 2512 660 2570 et
671 2521 732 2589 pro
746 2496 895 2586 negativa
912 2497 992 2566 clar.
1009 2496 1086 2566 Per·

151 2614 234 2663 rone
257 2595 299 2663 de
317 2595 410 2663 llatr.
433 2593 505 2663 chr.
527 2605 553 2663 t.
574 2595 614 2678 l,
632 2616 667 2683 p.
691 2591 759 2661 ddd
784 2602 817 2661 et
837 2603 862 2661 t.
886 2589 924 2672 E,
942 2613 977 2680 p.
999 2587 1080 2659 345.

150 2687 192 2755 At
207 2686 413 2756 matrimonii
440 2687 611 2758 christiani
627 2687 794 2756 vinculum
815 2682 1006 2773 Principum
1028 2705 1084 2753 ro-

152 2779 272 2849 luntati
285 2800 352 2848 non
364 2779 552 2864 subiicitur;
568 2801 711 2868 namque
729 2801 746 2847 a
767 2777 897 2846 christo
914 2777 1083 2847 instituto-

152 2893 201 2955 re,
223 2884 257 2942 et
273 2873 440 2942 Ecclesiae
459 2874 642 2942 canonibus
655 2871 753 2940 unice
769 2870 902 2958 pendet,
920 2890 974 2939 res
989 2891 1081 2939 sacra

153 2977 186 3035 et
205 2965 391 3054 spiritualis
411 2966 525 3036 effecta
547 2977 616 3049 est,
635 2986 674 3035 er
692 2974 812 3032 natura
832 2983 891 3031 sua
911 2973 946 3033 ct
970 2964 1079 3052 quoad

151 3058 297 3129 valorem
314 3080 413 3128 suurn
430 3059 471 3128 ab
494 3058 584 3128 omni
604 3056 715 3148 specie
732 3057 844 3142 legum
863 3054 1079 3143 profanarum

151 3150 391 3240 independens,
413 3172 452 3222 ao
469 3152 608 3240 proinde
629 3148 782 3240 potestati
802 3146 967 3215 Ecclesiae
987 3147 1081 3215 attri-

151 3243 244 3314 buta.
260 3246 310 3313 Ad
324 3246 430 3314 solam
447 3244 642 3327 Ecclesiam,
665 3241 719 3311 cui
739 3249 806 3311 tota
828 3240 868 3308 de
888 3236 1082 3311 Sacramen-

150 3336 192 3406 tis
212 3350 262 3408 est
281 3358 360 3408 cura
380 3338 581 3421 concredita,
602 3337 770 3406 insomne
789 3342 992 3422 acpotestas
1011 3352 1083 3421 per-

150 3428 233 3500 tinet
252 3452 347 3501 suam
369 3430 557 3519 assignandi
575 3433 716 3500 formam
744 3427 823 3496 buio
837 3425 1020 3497 contractui
1041 3425 1081 3509 ad

146 3522 376 3595 sublimiorem
398 3523 601 3593 sacramenti
621 3521 814 3613 dignitatern
839 3531 973 3605 evecto,
1000 3543 1015 3586 t
1037 3517 1083 3587 ait
