2642 4175
340 449 384 493 un
399 448 635 493 mrunnrnnrrs
654 450 854 495 unrnnnonn
952 438 1018 495 247

139 547 175 638 do
191 557 454 615 consummatum
476 546 557 615 illud
578 567 645 615 non
663 547 775 630 luerit,
798 546 877 617 etsi
900 549 1068 619 rationum

139 640 240 708 adsint
260 651 452 723 momenta,
474 660 512 708 ac
536 661 655 710 causae
675 652 875 731 suppetant,
899 642 1068 732 proposito

139 733 253 820 duplici
272 734 374 802 dubio
393 734 627 823 respondetur;
650 733 689 803 ad
711 734 999 823 depromuntur
1033 735 1068 808 in

140 824 183 910 2⁰3
200 828 238 896 ad
259 827 442 896 secundum
464 826 669 909 affirmative,
686 828 736 897 vel
760 826 967 916 simpliciter,
985 829 1011 898 si
1029 830 1070 900 de

140 920 281 1009 coniugis
302 919 496 1009 impotentia
530 941 597 988 non
629 920 714 990 adsit
734 920 885 1005 dubium,
906 922 957 991 vel
978 921 1070 991 addi·

141 1025 167 1081 ta
187 1013 332 1082 clausula
354 1015 388 1081 in
407 1034 485 1083 casu
504 1013 621 1097 dubii,
650 1013 750 1084 vetito
771 1012 905 1104 coniugi
928 1014 1070 1084 transitu

141 1108 176 1174 ad
195 1107 274 1177 alias
295 1106 441 1195 nuptias,
466 1106 649 1176 inconsulta
672 1105 770 1175 Sacra
791 1104 1068 1196 Congregatione.

142 1198 261 1271 sivero
282 1199 373 1269 haud
392 1200 552 1290 probatur
572 1199 825 1269 matrimonium
843 1199 945 1270 luisse
959 1212 1070 1271 ratum

141 1294 375 1377 tautummodo,
392 1294 542 1383 adeoque
559 1294 745 1377 dubitatur,
764 1293 847 1383 quin
861 1313 1071 1363 consumma·

143 1399 203 1454 tum
220 1386 395 1471 exstiterit,
405 1386 530 1475 duplici
551 1387 652 1458 dubio
668 1387 859 1477 negativum
873 1407 1087 1476 responsum,

142 1481 243 1548 datur.
353 1501 355 1505 ·

185 1572 272 1653 Quae
287 1571 433 1642 diximus
450 1573 491 1641 de
506 1571 745 1662 impedimento
761 1572 974 1663 impotentiae
987 1572 1073 1643 viam

143 1666 228 1735 uobis
247 1676 426 1749 sternunt,
450 1676 487 1733 ut
516 1678 651 1756 propter
686 1666 844 1736 materiae
878 1666 1071 1738 affinitatem

142 1758 382 1849 investigemus,
407 1778 493 1849 quae
518 1760 556 1828 ad
579 1759 784 1830 matrimonii
807 1760 952 1829 valorem
982 1770 1073 1829 aetas

148 1854 345 1942 requiratur.
362 1853 407 1921 b'a
423 1873 500 1920 vero
513 1853 554 1921 de
575 1852 647 1922 iure
661 1852 826 1923 Canonico
841 1865 890 1922 est
902 1854 1072 1942 pubertas,

145 1964 198 2013 seu
216 1967 324 2016 annus
356 1945 403 2012 ld
422 1945 455 2013 in
477 1946 622 2014 masculo
653 1958 687 2015 et
706 1944 751 2012 ld
771 1946 805 2013 in
822 1946 945 2015 femina
966 1947 1073 2015 utrin-

146 2059 203 2127 que
223 2040 432 2130 completus,
454 2039 505 2108 vel
534 2039 768 2108 mathematice
789 2039 830 2108 de
850 2050 1018 2108 momento
1039 2039 1073 2107 in

146 2145 355 2216 momentum,
376 2132 428 2200 vel
448 2133 565 2202 saltem
585 2132 770 2213 moraliter,
792 2131 1074 2220 quemadmodum

144 2237 224 2311 patet
242 2248 280 2297 ex
301 2226 454 2315 pluribus
486 2225 661 2315 capitibus,
687 2245 772 2314 quae
791 2235 941 2313 prostant
966 2223 999 2292 in
1019 2223 1072 2293 tit.

143 2318 178 2387 de
203 2319 464 2410 Desponsatione
498 2319 748 2409 impubercrum
771 2328 804 2386 et
825 2338 865 2387 ex
884 2316 1075 2406 interpreti·

144 2409 198 2480 bus
218 2415 257 2482 ad
277 2414 434 2482 eumdem
454 2411 603 2481 titulum.
618 2414 666 2481 An
687 2412 768 2480 haec
782 2422 872 2480 aetas
886 2410 1073 2480 necessaria

144 2503 233 2574 etiam
254 2506 299 2575 sit
319 2507 360 2576 de
381 2506 454 2573 iure
474 2505 633 2590 naturali,
652 2505 856 2596 disputatur,
875 2503 976 2574 etalii
990 2505 1075 2574 affir-

144 2599 309 2682 mativam,
335 2599 391 2667 alii
410 2599 596 2687 negativam
620 2612 757 2670 tuentur
775 2597 987 2669 sententiam.
1008 2598 1074 2669 Nos

144 2702 244 2761 autern
266 2693 408 2761 dicimus
428 2694 498 2760 solo
518 2692 592 2763 iure
611 2693 845 2778 ecclesiastico,
868 2693 909 2762 ad
928 2693 1074 2762 valorem

144 2786 340 2855 matrimonii
362 2785 571 2875 pubertatem
592 2787 733 2876 requiri,
756 2786 834 2876 quia
852 2786 926 2854 iure
944 2798 1074 2855 natura·

143 2875 175 2959 li,
195 2891 328 2967 praeter
347 2899 544 2948 consensum
565 2879 612 2948 nil
631 2881 722 2949 aliud
747 2878 954 2969 requiritur,
973 2899 1074 2968 quam

144 2968 291 3042 habilitas
325 2993 530 3061 corporum,
564 2972 626 3041 etsi
649 2973 733 3041 haec
752 2971 903 3062 proxime
935 2983 968 3041 et
999 2983 1075 3041 actu

144 3082 203 3132 uon
232 3065 435 3136 verificetur.
470 3064 555 3135 Sane
576 3065 771 3156 impotentia
793 3064 1007 3153 impuberum
1027 3076 1077 3133 est

145 3159 352 3247 temporalis,
386 3170 499 3248 utpote
533 3179 618 3248 quae
651 3157 846 3228 adveniente
880 3166 986 3224 aetate
1017 3176 1075 3244 pe·

144 3248 226 3319 uitus
244 3250 385 3336 tollitur;
405 3252 540 3321 aliunde
558 3251 643 3320 nihil
664 3265 730 3322 tam
751 3261 879 3319 certum
898 3259 959 3332 est,
975 3268 1074 3337 quam

143 3339 231 3427 illud,
255 3346 345 3434 quod
365 3344 485 3436 nempe
504 3345 610 3415 aalide
642 3344 716 3434 quis
736 3343 884 3433 obligare
912 3342 1016 3432 possit
1035 3342 1075 3410 ad

33 3464 34 3513 v
144 3439 374 3522 praestandum
396 3439 442 3522 id,
465 3439 554 3528 quod
575 3449 649 3507 actu
672 3437 805 3529 quidem
827 3446 996 3527 praestare
1009 3455 1075 3504 non

143 3540 258 3615 potest,
280 3543 390 3620 potest
408 3544 532 3615 tamen,
553 3542 610 3602 aut
629 3533 745 3602 saltem
760 3552 852 3622 spem
869 3529 969 3599 habet
985 3547 1077 3617 prae-

143 3622 245 3692 standi
264 3625 298 3691 in
318 3625 481 3696 futurum.
503 3625 583 3695 Vide
595 3624 718 3695 Bened.
733 3624 922 3695 XlVConst.
938 3622 1076 3691 ducum
