2642 4175
503 354 667 399 unnnnunx
684 355 719 399 u.
966 346 1032 404 493

25 422 26 513 Ξ
138 460 233 531 runt,
256 469 322 519 nec
354 449 538 543 quidquam
568 452 690 534 iuveni,
713 453 801 545 quod
835 453 907 523 eins
935 453 1081 524 libertati

25 546 27 619 l
137 540 240 630 possit
257 542 419 626 obstare,
439 555 496 615 out
525 544 797 633 impedimentum
818 547 953 637 aliquod
981 570 1080 618 enno·

25 706 26 727 ¹
137 632 248 704 uicum
269 635 446 707 inducere.
469 637 543 709 Vel:
565 637 719 726 Diligenti
739 641 822 709 lacta
843 641 1079 731 inquisitione,

25 730 27 799 l
139 727 219 796 nibil
253 729 393 811 inueni,
422 732 511 820 quod
538 732 610 801 eius
640 732 808 816 libertati,
828 745 885 803 out
905 748 1079 824 parentum

25 878 27 911 ἶ
139 823 316 910 consensui
335 825 455 893 obstet.
468 823 577 905 Quare
596 825 842 897 llluutrissimne
858 827 1082 898 [dominationi

25 928 27 1015 g
139 912 273 989 Vestrae
294 918 461 1006 supplico,
486 928 522 988 ut
544 917 640 1001 mibi,
659 919 741 1008 qnid
760 920 947 989 lacimdnm
967 921 1021 1005 sit,
1043 922 1085 1006 si·

25 1018 26 1053 ³
139 1008 301 1095 grisione
323 1011 493 1100 dunelm.

25 1110 27 1143 ;
425 1142 480 1213 die
577 1143 703 1213 mensis
911 1145 988 1215 anni

490 1276 559 1347 NN
581 1275 699 1347 Pastor
718 1277 897 1366 parochiae

172 1431 211 1486 De
235 1436 311 1503 vagis
323 1433 384 1485 vide
414 1449 463 1513 uae
477 1434 504 1514 in
522 1449 600 1501 opere
612 1432 682 1485 dicta
693 1443 764 1512 sunt.
774 1433 885 1514 blutatio
898 1435 1028 1517 faciende,
1039 1436 1088 1490 ubl

142 1501 1089 1641 ttdttt‘tt⁸tn⁰l¹¹ttsbdtttlttt'’‘dtlttttlttt

140 1652 232 1758 gorlqm
258 1608 319 1760 tlibtp
342 1637 467 1758 eqebrari
485 1654 580 1707 posse,
597 1648 642 1692 aut
659 1639 738 1692 etiarn
763 1609 926 1693 ad’vitanda
949 1641 1090 1695 innumera

141 1720 180 1759 ma
209 1724 267 1770 ,ee
315 1722 361 1759 ran
383 1723 426 1759 um
444 1723 509 1759 esse.

509 1850 712 1862 ἡ...

25 2016 27 2069 l
144 1985 193 2055 lv.
210 1987 377 2056 Formitlo
392 1988 526 2075 petendi
544 1988 818 2074 dispensationem
836 2009 935 2077 super
952 1946 1092 2077 impedi·

188 2084 307 2153 mentio
331 2081 629 2170 consanguinitatis
648 2081 698 2149 uel
716 2081 911 2169 affinitatis,
934 2103 1016 2170 quoe
1033 2104 1083 2150 se·

188 2178 338 2245 eandum
362 2177 503 2264 gradum
522 2196 592 2244 uon
614 2175 803 2263 cllinpcal,·.
830 2175 908 2242 item
925 2177 1088 2263 cognatio·

189 2271 242 2338 ais
261 2270 461 2360 spiritualia,
482 2277 541 2337 not
559 2268 711 2357 publicae
729 2269 918 2336 ltooeotulis.

25 2535 27 2564 r
121 2507 126 2520 .
224 2452 456 2524 illustrissime
476 2473 513 2519 ac
532 2450 819 2521 Reverendissime
840 2449 996 2536 Domine,

204 2594 349 2665 loannes
368 2592 532 2663 Henricus
549 2593 588 2662 N.
687 2593 803 2664 aetatis
829 2591 874 2662 38
895 2614 1086 2679 annorum,

148 2688 330 2775 parochiae
353 2688 399 2756 do
414 2686 453 2755 N.
570 2699 604 2758 ct
620 2686 764 2756 Henrica
790 2689 910 2758 loom
932 2687 972 2757 N.

148 2782 265 2852 aetatis
284 2779 332 2849 25
350 2801 534 2862 annorum,
568 2781 767 2869 parochiana
799 2802 891 2863 mea,
916 2780 1089 2850 matrimo-

148 2873 243 2945 nium
262 2876 349 2944 inire
376 2873 528 2962 cupiunt.
551 2871 665 2941 Obstat
684 2894 761 2940 vero
782 2873 1085 2960 impedimentum:

150 2964 185 3032 1⁰
202 2967 499 3056 consanguinitatis
526 2965 615 3034 tertii
649 2977 682 3034 et
708 2965 818 3054 quarti
851 2965 975 3052 gradus
993 2966 1089 3034 inae·

25 3045 26 3086 ³
150 3062 279 3148 qualis,
317 3062 425 3130 lineae
456 3057 680 3141 collateralis3
717 3056 754 3125 2⁰
787 3057 955 3126 affinitatis
995 3058 1085 3127 ‘eslii

151 3157 275 3241 gradus
305 3154 477 3245 aequalis,
511 3153 620 3222 lineae
649 3152 873 3233 collateralis,
906 3150 983 3239 qnia
1010 3171 1086 3220 ora·

151 3256 202 3315 tor
222 3250 343 3318 ducere
377 3248 519 3317 intendit
548 3246 827 3334 consanguineam
861 3244 972 3313 uxoris
1005 3265 1088 3313 suae

153 3338 327 3412 defunctae
346 3341 381 3410 in
401 3341 655 3428 eodemmodo,
678 3350 715 3407 ut
741 3360 778 3409 en
795 3337 915 3407 additis
935 3336 1086 3406 schema·

153 3431 239 3503 tibus
259 3446 398 3519 constat;
421 3431 457 3502 3⁰
475 3432 680 3523 cognationis
699 3432 894 3522 spiritualia,
917 3431 994 3521 qnia
1011 3453 1087 3499 ora·

156 3526 216 3595 trix
236 3530 362 3620 prolem
380 3527 521 3598 oratoris
541 3526 574 3595 in
593 3524 758 3617 baptismo
782 3524 944 3616 suscepit;
963 3526 1031 3594 vel:
1051 3524 1087 3592 in
