2642 4175
354 345 357 351 ·
377 343 420 386 00
438 341 672 387 [0000000000
690 343 888 390 000οΙ0000
986 333 1051 389 275

157 442 309 523 ratione,
321 450 469 527 exempta
486 447 546 508 est.
563 440 711 508 Alterum
731 452 791 510 est:
808 441 1014 512 Matrimonia
1030 442 1113 512 hae·

161 536 362 617 reticorum,
385 553 470 623 quae
491 553 557 601 non
577 545 704 602 servata
730 534 895 605 Ecclesiae
914 536 1019 606 forma
1040 536 1111 606 solo
1150 593 1156 604 .

159 631 215 699 vel
239 639 355 696 mutuo
376 647 558 709 consensu,
582 627 707 717 absque
728 629 913 716 praesentia
936 630 1111 719 magistra·

161 721 368 805 tus'civilis‚
391 732 448 788 aut
468 719 637 789 ministelli
656 721 849 806 acatholici,
872 723 1108 807 celebrantur,

165 828 241 887 rata
259 826 293 883 01
312 814 407 883 lirma
429 814 554 903 absque
572 814 673 882 dubio
694 826 790 900 sunt,
812 837 849 884 ac
868 817 1051 888 consistunt
1070 818 1110 886 iis

167 910 204 978 in
224 908 333 992 locis,
356 908 390 975 in
422 908 544 997 quibus
573 906 666 976 Trid.
700 909 837 978 Concilii
871 910 1040 979 decretum
1060 913 1111 980 vel

166 1023 356 1092 numquam
376 1001 593 1089 publicatum,
615 1014 673 1070 aut
691 1004 820 1085 saltem,
844 1001 886 1070 ob
906 1023 1017 1071 rerum
1037 1025 1113 1093 per-

99 1103 103 1110 ’
167 1096 380 1166 turbationes
415 1115 453 1163 ac
480 1094 736 1178 vicissitudines,
756 1116 939 1185 numquam
960 1096 1114 1165 observa-

167 1203 244 1259 tum
261 1201 322 1272 est,
343 1199 514 1277 tamquam
536 1188 684 1257 eiusdem
705 1188 843 1262 Consilii
864 1190 1047 1274 decretum,
1063 1191 1114 1257 vel

166 1286 197 1353 si
235 1283 366 1371 quando
400 1295 572 1371 receptum
606 1292 639 1351 et
659 1282 867 1351 observatum
900 1283 986 1367 luit,
1013 1283 1114 1372 longo

167 1377 295 1446 deinde
314 1374 476 1463 temporis
495 1373 669 1443 intervallo
689 1375 722 1444 in
741 1376 995 1472 desuetudinem
1017 1377 1111 1460 abiit,

170 1482 211 1540 ut
231 1469 331 1538 babet
349 1467 427 1537 Pius
456 1467 508 1535 Vll
530 1467 624 1535 Brevi
648 1493 663 1534 c
684 1467 795 1538 Paoan
823 1489 921 1539 novin
945 1494 960 1536 ›
993 1471 1033 1540 ad
1053 1473 1115 1539 dr-

169 1562 286 1652 chiep.
307 1561 536 1649 Mogontinum
557 1560 610 1629 die
628 1558 650 1630 8
669 1561 738 1631 Oct.
759 1560 851 1631 1803
871 1564 998 1648 datum,
1016 1564 1067 1633 vel
1086 1564 1113 1635 si

168 1658 263 1745 viget
275 1655 392 1739 adhuc,
407 1676 445 1724 ac
460 1657 477 1723 a
490 1654 660 1724 catholicis
675 1656 706 1724 in
724 1658 957 1727 contrahendis
975 1658 1064 1726 inter
1079 1679 1115 1727 se

170 1763 294 1819 mutuo
308 1748 529 1818 matrimoniis
555 1760 678 1817 etcum
695 1749 925 1835 heterodoxiS,
945 1762 1112 1834 servetur,

173 1842 343 1934 parochus
364 1855 473 1912 tamen
493 1841 675 1912 catholicus
692 1843 811 1913 absens
832 1856 892 1926 est,
915 1845 965 1913 vel
984 1845 1117 1914 nonnisi

172 1936 371 2025 difficillime
390 1944 449 2003 out
467 1935 741 2024 pmictcloslssa'mc
763 1936 847 2004 adiri
869 1947 993 2025 potest,
1016 1950 1053 2006 ut
1072 1940 1118 2006 ait

173 2031 257 2099 Pius
276 2029 314 2096 lll
335 2030 375 2097 ad
400 2028 598 2119 Episcopum
625 2027 847 2098 Genevenscm
867 2030 988 2099 litteris
1007 2029 1073 2099 diei
1095 2030 1116 2098 5

171 2124 248 2192 Oct.
267 2121 372 2192 1793.
395 2121 635 2192 Intellecimus.
658 2121 739 2190 Vide
755 2122 852 2192 Card.
875 2123 916 2197 de
935 2122 1051 2190 Zelada
1069 2124 1119 2190 lit.

175 2215 226 2286 28
246 2217 318 2305 llaii
343 2213 435 2284 1783
455 2218 494 2284 ad
516 2216 625 2305 Episc.
648 2215 844 2297 bunionem,
866 2236 1061 2304 responsum
1084 2215 1118 2283 S.

173 2312 217 2381 C.
240 2332 299 2398 pro
319 2309 462 2397 negotiis
481 2309 569 2377 Eccl.
593 2308 771 2377 Galliarum
793 2307 837 2376 ab
858 2310 940 2398 000.
966 2305 1059 2376 1793
1087 2323 1121 2379 01

175 2404 277 2474 Card.
294 2404 436 2492 Caprara
449 2402 494 2471 15
509 2405 587 2491 hpr.
608 2399 701 2470 18113
723 2400 810 2493 apud
830 2403 938 2472 Moser
958 2401 998 2471 de
1017 2402 1122 2492 Impe-

175 2497 262 2567 dim.
285 2497 370 2586 App.
392 2517 426 2562 n.
450 2493 508 2579 78,
530 2518 563 2586 q.
583 2493 643 2563 16.

231 2591 329 2658 Hisce
348 2588 476 2678 positis,
496 2590 671 2678 quaeritur
685 2588 722 2655 1ο
736 2590 783 2659 dn
799 2588 855 2659 ubi
877 2590 1046 2659 decretum
1064 2612 1123 2679 pu·

179 2684 342 2753 blicatum
365 2696 436 2765 est,
461 2682 793 2774 constantissimeque
810 2684 1016 2753 observatum
1035 2733 1044 2763 ,
1062 2705 1124 2752 nec

179 2777 250 2846 ulla
271 2778 402 2845 faveant
422 2775 458 2844 S.
479 2773 573 2844 Sedis
594 2775 747 2858 indulta,
771 2777 981 2846 matrimonia
1004 2776 1123 2846 haere-

180 2869 327 2939 ticorum
345 2872 456 2938 coram
475 2869 628 2938 ministro
649 2869 845 2953 acatholico,
863 2870 914 2937 001
932 2890 1042 2939 coram
1057 2891 1125 2937 ma·

180 2963 327 3051 gistratu
348 2962 434 3031 civili
456 2961 555 3045 inita,
579 2962 705 3050 absque
722 2962 826 3030 forma
845 2961 1010 3046 Consilii,
1032 2964 1122 3031 nulla

182 3055 371 3145 generatim
392 3057 470 3139 sint,
486 3077 523 3123 ac
543 3055 661 3124 irrita‘l
679 3054 750 3124 Non
765 3055 945 3123 defuerunt
958 3066 1122 3137 auctores,

182 3149 244 3237 qni
265 3148 454 3237 negativam
475 3149 675 3218 sententiam
696 3158 861 3231 tenerent,
876 3145 944 3215 sive
965 3147 1053 3235 quod
1074 3147 1126 3215 len

185 3241 382 3311 Tridentino
404 3241 590 3311 haereticos
609 3263 676 3310 non
696 3241 832 3330 obligat,
852 3250 967 3329 utpote
983 3259 1068 3329 quoe
1085 3240 1126 3308 ab

186 3334 229 3404 iis
249 3356 316 3404 non
336 3334 401 3403 luit
421 3346 607 3424 acceptata,
630 3345 688 3403 aut
708 3335 742 3403 in
763 3355 859 3404 usum
880 3333 1037 3417 deducta,
1060 3332 1127 3402 sive

138 3462 141 3465 ·
184 3429 278 3517 quod
295 3449 331 3498 ea
350 3429 442 3497 nullo
456 3428 555 3497 modo
565 3428 627 3496 luit
640 3430 681 3497 de
694 3430 779 3498 lacto
793 3427 958 3517 publicata
968 3427 1001 3496 in
1010 3447 1127 3496 eornm
1158 3498 1159 3507 ,

67 3606 69 3615 ,
185 3521 346 3611 religiosa
368 3522 551 3606 societate,
574 3542 613 3591 ae
632 3523 885 3608 communitate,
905 3520 973 3591 sive
993 3522 1130 3590 demum
