2642 4175
270 392 335 455 118
610 400 714 449 esem
730 401 766 445 11.

223 513 296 575 rani
317 497 466 574 Puroeho
500 515 533 572 et
551 499 697 571 testibus
713 498 905 583 celebrere,
928 496 956 567 si
975 498 1061 568 forte
1081 520 1161 572 oen·

222 598 393 667 trahentes
410 596 557 679 retient,
579 614 647 663 uon
670 592 822 663 obstante
850 590 1049 661 conditionis
1068 594 1160 662 dete·
1257 590 1261 597 ’

221 703 301 775 otu,
327 689 455 779 priores
473 687 606 777 nuptias
626 686 837 770 confirmare3
857 706 1001 774 namque
1019 704 1160 755 eonsen-

222 804 279 853 sus
296 783 388 872 prior
406 782 492 851 nihil
509 781 644 870 prodest
664 779 818 868 amplius,
835 798 910 847 eum
928 779 970 848 ob
992 778 1159 862 defeetum

223 873 422 947 conditionis
441 875 576 944 omnino
597 872 767 943 defecerit.

645 1092 735 1188 §23⁷ae

381 1249 425 1307 loe
444 1249 543 1320 medo,
560 1262 665 1325 eones,
682 1249 714 1305 et
731 1247 1003 1325 demonstratione,

272 1427 522 1498 Conditionibus
542 1426 651 1496 affinia
672 1439 749 1497 sunt
768 1427 897 1508 modus,
920 1446 1029 1508 eausa,
1050 1435 1083 1492 et
1102 1425 1161 1493 de·

225 1520 433 1590 monstratio.
455 1521 568 1588 Modus
588 1532 640 1590 est
670 1522 833 1611 quaedam
863 1518 1004 1588 adiectio
1028 1518 1165 1600 oneris,

226 1635 292 1704 quo
323 1614 393 1681 vult
415 1614 613 1685 contrahens
647 1614 788 1683 aiterum
823 1612 1072 1682 contrahentem
1104 1612 1161 1679 ad·

95 1722 99 1742 ⁸
225 1707 388 1793 stringere
408 1706 442 1775 in
463 1706 675 1776 matrimonio
691 1706 849 1790 ineundo,
866 1727 917 1775 ex.
932 1725 983 1793 gr.
1001 1703 1163 1773 contraho

225 1813 347 1882 tecum,
370 1810 402 1866 nt
424 1799 553 1869 divitias
572 1800 620 1868 vei
638 1800 807 1890 publicum
829 1819 950 1867 munus
969 1796 1051 1865 mihi
1074 1817 1161 1865 eom·

225 1913 334 1982 pares.
355 1892 458 1962 Causa
489 1903 539 1962 est
570 1895 735 1982 expressio
765 1891 905 1962 alieuius
924 1890 1085 1972 rationis,
1118 1890 1163 1959 eb

226 2005 325 2075 quam
345 1985 574 2067 contrahitur,
598 1985 646 2054 uti
669 1986 828 2056 contraho
848 1996 981 2068 tecum,
1004 1985 1081 2072 quia
1100 2003 1160 2051 no-

226 2079 301 2149 bilis
318 2100 365 2149 es.
386 2079 535 2169 Denique
552 2080 789 2151 demonstratio
810 2091 860 2149 est
877 2075 1061 2168 designatio
1082 2098 1160 2165 qua·

226 2173 338 2257 litatis,
361 2195 460 2262 quam
489 2185 643 2263 putamus
665 2175 771 2245 inesse
791 2192 978 2262 personae,
1001 2191 1076 2238 eum
1094 2192 1160 2259 qua

229 2267 469 2349 contrahimus,
494 2266 543 2334 uti
563 2268 723 2337 contrahe
742 2279 863 2361 tecum,
885 2285 970 2355 quae
989 2263 1055 2332 tilia
1071 2264 1163 2331 Prin·

227 2382 308 2450 erprs
326 2380 373 2427 es.
460 2402 468 2407 -

220 2453 223 2458 “
274 2451 341 2519 lam
357 2470 434 2518 vere
450 2450 699 2537 demonstratio,
714 2455 763 2523 rel
779 2473 889 2536 eausa,
907 2450 975 2520 sive
987 2449 1080 2532 falsa,
1095 2448 1165 2517 sire

226 2563 315 2626 vera,
339 2542 406 2611 sive
427 2541 577 2628 honesta,
599 2545 666 2616 sive
693 2547 811 2637 turpis,
843 2544 1085 2635 qualiscunque
1105 2542 1161 2610 de·

227 2656 319 2704 mum
339 2635 393 2719 sit,
413 2655 481 2703 non
508 2636 648 2708 destruit
669 2641 916 2709 matrimonium
940 2658 1002 2706 nee
1022 2655 1162 2724 suspen·

228 2728 287 2811 dit,
309 2747 412 2817 quum
443 2739 584 2819 utraque
614 2734 832 2803 substantiam
853 2741 1041 2801 contractus
1068 2727 1164 2796 nulio

227 2822 326 2890 modo
346 2821 497 2911 attingat
524 2844 622 2895 eausa
640 2826 774 2915 quidem
795 2825 960 2907 sehabet,
982 2834 1018 2892 ut
1032 2820 1164 2890 oeeasio

228 2915 413 3004 quaedam,
448 2933 534 3004 quae
567 2920 607 2987 ad
639 2920 900 2989 contrahendum
934 2915 1059 2997 allicit,
1094 2934 1161 2982 nen

228 3021 397 3099 tamquam
413 3028 603 3088 vera-eausa
625 3025 658 3082 et
675 3013 833 3096 conditio,
857 3033 874 3081 a
895 3030 959 3099 qua
981 3027 1165 3077 consensus

229 3100 326 3171 unice
340 3103 495 3192 pendeat;
518 3104 756 3178 demonstratio
769 3106 868 3175 etiam
888 3102 973 3172 nihii
994 3101 1084 3170 aliud
1098 3112 1159 3183 est,

227 3217 329 3285 ,quam
350 3195 463 3285 opinio
489 3196 531 3265 de
550 3199 765 3287 qualitatibus
785 3217 971 3289 personae,
994 3215 1068 3263 eum
1096 3214 1162 3283 qua

229 3288 447 3359 contrahitur.
470 3287 606 3360 Accedit
621 3293 738 3377 etiam,
759 3292 848 3383 quod
868 3311 930 3360 nee
951 3289 1031 3357 salsa
1047 3307 1160 3367 eausa,

124 3439 127 3446 .
229 3402 290 3449 nee
305 3382 385 3452 false
405 3383 642 3455 demonstratio
661 3386 778 3456 vitiant
795 3387 939 3475 legatum
961 3383 978 3471 ᾗ
999 3378 1044 3449 30
1061 3392 1095 3449 et
1116 3377 1156 3447 31

229 3472 308 3542 lust.
336 3475 376 3544 de
395 3476 537 3565 legerim
560 3499 623 3548 nee
652 3479 756 3568 igitur
774 3479 889 3549 vitiare
908 3476 1030 3545 debent
1047 3472 1162 3542 matri·

231 3566 390 3653 monium,
408 3571 495 3658 quod
518 3583 567 3641 est
588 3571 917 3661 iegatosarorabilis.
939 3568 973 3638 Si
994 3580 1105 3638 tamen
1126 3566 1163 3635 in
