2642 4175
407 318 410 321 ’
497 358 660 405 aarum
678 360 701 404 1.
741 322 745 328 ’
951 346 1017 406 438

134 455 229 539 liuns
246 474 351 525 nnnc
363 454 480 546 itoquu
492 454 576 524 mihi
595 470 801 542 succenseat,
820 459 910 549 quod
927 458 1068 549 impedi·
1101 510 1105 517 .

135 559 246 619 mento
259 548 366 619 ciridia
381 549 495 640 postte
506 549 614 618 insius
627 554 864 637 enumeranda,
876 553 1068 642 exponenda

135 663 172 711 ac
201 642 408 712 enucleanda
441 662 515 713 osse
533 642 696 712 duxerim.
719 644 808 715 Haec
827 645 1068 736 praeminando

135 755 206 805 csse
226 735 336 817 enini,
360 747 398 806 ut
419 747 487 806 tota
505 735 637 805 caputii
663 737 730 806 mei
749 738 834 808 ratio
851 738 950 809 etiam
968 748 1069 827 atque

135 828 237 899 ctiam
257 839 373 917 aperta
388 828 445 898 sit.
462 829 510 899 lta
528 829 653 918 legonti
669 831 808 902 cuilibet
822 832 998 921 scrupuiue
1012 832 1071 898 dn·

134 921 323 1011 bitatiopoc
342 920 462 1005 ononis,
481 921 509 990 si
530 942 616 1010 qaue
632 922 719 992 sorte
735 925 918 1013 irrepserit,
937 921 1070 1012 penitus

134 1014 311 1097 eximetur,
333 1034 401 1103 quo
418 1014 548 1084 sociiius
560 1014 627 1083 irui
641 1016 703 1084 nac
717 1016 940 1106 disputatione
952 1013 1068 1103 possit.

180 1105 382 1176 insecundo
404 1120 500 1195 porte
520 1108 733 1197 quaestiones
762 1110 931 1198 madores
950 1128 1071 1197 propo-

134 1219 228 1284 nam,
247 1200 449 1290 iaciiemque
466 1201 591 1271 eisdem
609 1201 809 1272 solationem
826 1203 926 1272 dabo.
948 1199 997 1270 Sit
1009 1201 1071 1269 ita·

26 1290 28 1337 t
134 1313 199 1383 que

354 1493 455 1552 md
477 1492 604 1551 nsua
622 1523 661 1537 ·-
683 1495 854 1555 mnenon.

179 1653 338 1727 Potestati
370 1655 457 1726 cirili
489 1658 668 1731 admodum
699 1658 882 1746 interesse,
917 1671 955 1730 ut
985 1680 1072 1749 quae

138 1748 346 1820 celebrantur
366 1752 531 1821 manubia
550 1764 627 1823 nota
648 1752 711 1840 ipsi
728 1753 805 1835 sint,
828 1775 866 1822 ac
885 1764 1069 1843 perspecta,

138 1860 233 1913 nemo
253 1844 380 1933 estqui
407 1845 528 1915 audeat
547 1845 725 1932 denegare.
754 1845 873 1916 Verum
900 1846 981 1934 quin
1002 1867 1072 1915 ma·

26 1996 28 2027 ᾖ
138 1933 284 2005 trimonii
305 1936 412 2026 ipsius
437 1937 605 2007 vinculum
626 1938 752 2007 directe
775 1939 940 2025 attingat,
960 1958 1072 2008 osson-

26 2048 27 2104 i
141 2025 301 2120 tialesque
322 2030 395 2102 cius
408 2031 628 2121 proprietatos
647 2030 797 2119 impetat,
811 2050 1000 2120 aoprcrsus
1016 2031 1074 2099 dc·

138 2131 267 2206 struat,
296 2124 360 2193 alia
382 2125 491 2194 media
517 2124 637 2196 Moneo
664 2143 703 2194 ac
722 2122 871 2211 legitima
898 2125 939 2192 ad
969 2122 1073 2192 finem

26 2233 28 2302 2
138 2234 233 2289 suum
264 2216 482 2288 obtinendum
514 2216 620 2304 civilis
646 2217 826 2286 auctoritas
857 2216 892 2284 in
916 2225 1070 2305 promptu

26 2355 28 2402 ἒ
140 2305 252 2378 habat.
272 2309 416 2393 Etenim,
440 2311 580 2380 cacteris
610 2308 731 2393 missis,
753 2310 781 2379 si
800 2320 936 2391 statuat,
958 2319 994 2377 ut
1013 2328 1072 2376 cae

26 2409 27 2412 ’
138 2412 266 2471 tantam
293 2403 432 2492 nuptiae
458 2403 570 2472 civiles
601 2403 738 2474 effectus
759 2403 964 2491 producant,
987 2421 1074 2489 quae

139 2493 269 2581 publice
289 2495 322 2564 in
355 2495 473 2568 faciem
495 2494 660 2566 Ecclesiae
691 2497 952 2578 contraduntur,
983 2494 1071 2585 quod

26 2595 28 2648 t
138 2605 199 2655 nec
217 2588 379 2660 absonum
400 2611 462 2659 uec
491 2589 684 2660 indecorum
714 2589 778 2659 dici
804 2601 936 2679 potest,
959 2601 1016 2660 aut
1043 2588 1071 2657 si

138 2680 226 2762 velit,
242 2694 280 2749 ut
296 2681 525 2764 matrimonio,
549 2704 623 2753 cum
650 2682 684 2750 iu
703 2682 848 2756 Ecclesia
870 2683 1070 2765 celebratur,

140 2772 292 2844 minister
311 2775 414 2845 civilis
438 2776 524 2845 adut
543 2797 581 2845 ac
601 2795 758 2865 praesens
776 2776 829 2857 sit,
851 2776 909 2864 qui
935 2776 1074 2862 insuper

138 2866 279 2955 recipiat
305 2888 323 2938 a
356 2866 506 2937 Paracho
524 2869 692 2955 exemplar
715 2868 904 2949 librorum,
925 2867 981 2934 ubi
1003 2885 1073 2934 ma·

140 2958 295 3032 trimonia
310 2960 522 3044 adnotantur,
541 2960 629 3042 finis,
648 2959 706 3049 qui
725 2959 913 3048 prepositus
934 2969 995 3040 est,
1014 2978 1073 3046 ap·

26 3057 27 3110 1
139 3052 259 3140 prime,
279 3074 318 3124 ac
334 3053 433 3142 piene
452 3054 635 3134 obtinetur,
656 3054 738 3141 quin
758 3051 961 3122 Gubernium
979 3050 1074 3120 civiie

26 3147 27 3218 3
139 3146 292 3233 proprios
307 3168 387 3218 suae
401 3146 607 3218 auctoritatis
620 3147 743 3215 limites
754 3143 1071 3234 praetergrediatur,

66 3252 87 3342 ’ἡ
139 3235 374 3329 Ecclesiaequo
388 3241 460 3312 iura
475 3240 665 3329 pessundet.
675 3235 1074 3326 Verumaiiterpcrapiri·

141 3330 271 3400 domus.
293 3332 450 3401 Novimus
468 3334 615 3422 prosectu
634 3332 865 3400 auctoritatem
883 3330 1009 3398 civilem
1027 3329 1074 3398 ic·

141 3443 199 3510 ges
214 3426 413 3509 condidisse,
425 3447 510 3515 quae
525 3426 631 3513 ipsunt
648 3423 851 3495 matrimonii
867 3433 1074 3492 contractum

141 3516 265 3589 directe
286 3519 321 3595 in
347 3541 412 3592 sua
443 3517 586 3589 essentia
612 3517 803 3606 attingunt,
825 3529 858 3588 ct
876 3515 1074 3606 quibusdam

239 3652 277 3705 De
295 3650 456 3703 Matrimonia
836 3649 839 3656 ⁴
973 3646 1007 3697 28
