2642 4175
276 348 342 406 344
612 361 715 408 creor
732 364 779 408 111.

229 470 292 529 test
307 458 499 549 dispensare
512 480 613 549 super
626 460 740 549 aliquo
753 460 912 537 canonico
925 461 1170 551 impedimento

229 553 328 621 etiam
346 552 381 620 in
400 573 490 636 casu,
513 573 580 641 quo
599 572 664 621 una
685 573 827 643 persona
849 554 891 621 ab
925 554 1171 643 impedimento

230 644 332 734 ligata
350 656 401 715 est
418 666 499 716 suae
518 646 697 728 dioecesis,
724 648 826 716 altera
845 646 1000 730 alienae,
1027 647 1104 737 quia
1123 668 1170 717 ea

228 738 367 807 facultas
384 759 401 806 a
421 736 508 828 Papa
527 739 700 827 procedit,
723 750 757 809 et
775 739 906 809 sublmo
926 739 1170 828 impedimento

229 851 270 898 ex
287 852 352 900 uua
373 844 492 920 parte,
518 852 594 900 cum
614 853 679 921 qua
714 831 908 921 dispensare
938 834 1036 917 ualet,
1059 833 1166 902 etiam

228 944 305 1012 pars
322 925 425 993 altera
445 924 548 994 libera
569 925 689 1008 evadit,
710 946 814 1015 quum
833 926 978 1015 ligamen
1003 946 1068 995 uon
1088 945 1168 994 am-

229 1016 317 1105 plius
336 1016 424 1087 inter
442 1028 762 1107 utramquepartem
780 1018 844 1086 iam
865 1018 993 1087 existat.
1015 1042 1030 1085 1
1052 1019 1168 1088 Altera

229 1109 380 1198 quaestio
400 1121 474 1194 est,
511 1131 553 1180 an
584 1111 803 1199 apostolicum
825 1111 1007 1193 indultum,
1027 1131 1093 1201 quo
1113 1112 1129 1179 1
1153 1111 1160 1116 “

229 1203 334 1271 cultas
355 1201 516 1292 Episcopo
536 1205 619 1273 lacta
641 1214 691 1273 est
709 1202 921 1293 dispensandi
940 1206 979 1272 111
994 1206 1170 1274 matriaco»

227 1295 296 1363 niis
310 1295 379 1364 iam
397 1296 534 1365 nutriter
551 1298 749 1380 contractis,
771 1296 985 1386 protrahatur
1005 1297 1104 1366 etiam
1117 1298 1166 1366 ad

227 1387 394 1457 connubia
422 1410 534 1459 coram
555 1401 717 1479 potestate
746 1389 835 1459 civili
862 1390 1030 1459 dumtaxat
1050 1389 1168 1459 inita‘l

228 1478 289 1560 Qui
309 1482 494 1569 negativam
514 1493 629 1553 tenent
648 1483 847 1554 sententiam
864 1481 906 1552 ab
922 1483 1014 1551 omni
1026 1481 1171 1551 difficul-

227 1583 295 1641 tate
314 1573 410 1644 facile
429 1595 465 1644 se
485 1573 628 1645 liberare
648 1588 777 1665 putant,
800 1576 880 1644 dum
901 1575 936 1644 iu
955 1576 1102 1645 medium
1116 1576 1170 1644 af·

228 1664 340 1737 lerunt
371 1687 398 1735 s.
436 1666 715 1739 Poenitentiariae
745 1689 940 1758 responsum
973 1666 1018 1736 18
1051 1668 1167 1738 martii
1234 1707 1238 1712 ·

230 1754 334 1840 1816,
358 1759 449 1829 hisce
465 1760 574 1831 verbis
594 1782 805 1851 expressum:
830 1786 845 1827 c
867 1761 902 1830 in
921 1761 1029 1831 verbis
1047 1762 1080 1830 in
1093 1782 1169 1830 ma·

230 1850 396 1920 trimoniis
415 1851 588 1944 hucusque
608 1855 747 1938 nulliter
768 1854 883 1938 initis,
907 1854 1046 1943 intelligi
1066 1855 1169 1923 dum·

228 1954 316 2011 taxat
337 1946 547 2016 matrimonia
567 1948 705 2018 nulliter
733 1958 900 2017 contracta
920 1967 1032 2016 coram
1051 1946 1170 2015 Eccle-

228 2036 289 2106 sia.
314 2060 328 2103 1
352 2037 473 2124 Contra
492 2060 570 2111 vero
590 2040 649 2131 qui
681 2040 910 2111 affirmativam
936 2050 1071 2111 tuentur
1086 2058 1169 2109 seu·

228 2130 378 2212 tentiam,
398 2154 502 2225 quum
532 2134 614 2223 ipsis
639 2133 793 2204 videatur
811 2133 946 2204 citatum
968 2153 1167 2223 responsum

227 2244 295 2292 non
314 2226 355 2294 ad
374 2228 525 2315 regulam
546 2228 765 2315 generalem,
799 2228 855 2296 sed
874 2228 915 2297 ad
935 2227 1167 2316 exceptionem

227 2318 376 2405 regulae,
396 2339 456 2389 sou
478 2321 519 2389 ad
539 2340 651 2389 casum
673 2319 876 2409 peculiarem
901 2320 1038 2400 referri,
1057 2319 1167 2388 altero

232 2407 266 2475 S.
288 2408 566 2483 Poeniteutiariae
578 2433 738 2502 responso
752 2412 799 2482 ll
815 2410 1002 2483 1111111117
1020 2411 1170 2481 innitun-

210 2513 294 2585 tur,
316 2524 383 2593 quo
402 2505 564 2597 Episcopo
579 2507 719 2576 dubium
734 2506 946 2597 proponenti,
961 2517 1075 2574 utrum
1091 2503 1168 2593 ipse

230 2595 334 2682 possit
347 2598 523 2668 extendere
532 2620 632 2688 quam
646 2598 942 2691 habetfacultatem
952 2599 1165 2689 dispensandi

230 2685 264 2754 iu
282 2688 504 2761 matrimoniis
516 2691 619 2777 initis,
636 2695 677 2763 ad
692 2713 730 2762 ea
744 2693 857 2777 etiam,
876 2712 962 2782 quae
976 2712 1085 2762 coram
1103 2712 1168 2780 po·

228 2791 346 2850 testate
365 2781 451 2851 civili
471 2806 547 2854 oum
568 2785 681 2877 aliquo
701 2786 939 2876 impedimento
957 2785 1165 2854 contrahuu·

228 2883 294 2956 tur,
315 2895 511 2965 responsum
532 2889 600 2948 ast:
621 2904 636 2948 1
654 2880 869 2964 lacultatem,
890 2880 934 2948 de
949 2899 1016 2968 qua
1036 2879 1070 2949 in
1086 2896 1168 2967 pre·

229 2965 336 3051 cibus,
359 2968 510 3040 adhiberi
530 2993 638 3061 posse,
660 2973 784 3041 nedum
798 2992 877 3062 erga
892 2992 961 3055 eos,
975 2970 1034 3061 qui
1046 2970 1089 3040 ob
1103 2969 1168 3038 ali·

229 3061 318 3149 quod
340 3060 615 3152 impedimentum
643 3065 781 3135 nulliter
799 3076 1035 3135 contraxerunt
1050 3083 1165 3135 curam

228 3154 374 3242 parocho
394 3168 428 3224 et
446 3158 577 3228 duobus
595 3159 758 3238 testibus,
777 3160 835 3229 sed
855 3178 935 3247 erga
955 3178 1013 3227 eos
1032 3157 1160 3239 etiam,

229 3246 286 3335 qui
297 3248 431 3339 aliquod
445 3271 482 3320 er
497 3251 730 3322 dirimentibus
743 3250 989 3342 impedimentis
1002 3249 1166 3320 habentes

228 3360 340 3409 coram
360 3343 556 3431 magistratu
575 3344 704 3414 civilem
736 3357 845 3415 actum
872 3344 1104 3414 emiserunt.»
1128 3341 1167 3409 111

229 3431 292 3500 hac
311 3434 506 3521 opinionum
524 3438 762 3528 discrepantia,
785 3439 862 3507 licet
881 3437 978 3507 nobis
997 3436 1033 3506 in
1052 3434 1166 3505 auimo

229 3524 381 3607 haudsit
399 3530 628 3619 quaestionem
649 3553 710 3621 pro
731 3531 783 3603 rei·
798 3529 961 3622 grauitate
976 3527 1164 3609 rimantes
