2642 4175
282 312 350 371 620
584 325 747 371 sermon
765 325 812 371 111.

234 423 359 494 habent
376 423 485 493 lasum
519 421 711 507 Christum
734 422 811 513 quia
832 422 922 492 sulus
952 422 1039 492 Dens
1059 424 1170 511 putuit

234 516 386 587 virtutem
406 517 594 587 fundandae
613 517 740 604 gratiae
760 516 861 586 rebus
882 517 1097 587 sensibilibus
1116 519 1165 587 al·

233 610 350 699 ligare.
367 609 451 685 Cum
468 631 545 680 vero
563 610 649 680 Deus
668 609 878 680 Sacramenta
900 610 1091 694 instituerit,
1113 633 1166 682 ea·

233 724 298 793 (pue
314 704 456 775 voluerit
468 704 510 774 ab
524 703 716 774 horninibus
735 703 870 794 quidem
886 704 1080 791 viatoribus,
1096 726 1164 775 non

232 797 362 886 singula
379 810 490 868 tamen
503 819 521 869 a
536 799 691 886 singulis,
706 797 825 868 conlici
835 799 1072 887 etdispensari,
1091 820 1166 869 con·

232 892 385 982 sequitur
404 891 441 960 l⁰
462 891 613 961 homiues
627 891 916 962 Sacramentorum
936 892 1105 963 ministros
1117 915 1166 962 es·

232 984 364 1070 amelin
378 985 444 1055 illis
461 985 731 1056 administrandis
743 984 974 1075 ipsiustrisli
987 1008 1162 1074 personam

233 1098 370 1167 gerere;
393 1077 428 1147 2⁰
445 1101 521 1149 cnm
541 1080 649 1149 solum
670 1101 742 1151 essa
760 1079 1049 1150 Sacramentorum
1072 1081 1165 1149 ruini·

232 1184 351 1255 strum,
374 1173 431 1262 qui
453 1193 513 1263 per
525 1173 708 1262 legitimam
727 1173 971 1243 ordinationem
992 1186 1025 1243 et
1039 1175 1165 1244 missio·

232 1286 310 1335 nem
329 1267 415 1336 sacri
433 1266 608 1337 ministerii
626 1279 820 1356 potestatem
842 1288 881 1337 ex
902 1267 1010 1336 diviua
1032 1268 1164 1338 institu-

232 1359 322 1430 tione
341 1361 519 1450 acceperit.
538 1358 576 1429 3⁰
597 1360 885 1432 Sacramentorum
904 1362 1060 1430 uirtutem
1077 1375 1111 1431 et
1122 1360 1164 1430 ei·

194 1452 197 1465 “
232 1452 379 1524 licauiam
401 1475 466 1524 non
493 1455 637 1542 pendere
657 1476 675 1524 a
697 1455 859 1543 probitate
880 1454 1047 1536 ministri,
1070 1456 1165 1524 seda

233 1546 374 1629 Christo,
390 1546 447 1636 qui
462 1569 499 1617 ea
513 1547 675 1632 instituit,
696 1560 729 1619 et
744 1548 777 1617 in
793 1549 841 1617 eis
858 1560 1032 1637 operatur:
1048 1569 1166 1637 quaru-

232 1641 280 1707 vis
298 1640 449 1709 minister
468 1640 612 1729 graviter
637 1654 773 1731 peccet,
803 1643 860 1731 qni
888 1638 1020 1711 lethalis
1048 1643 1166 1730 cnlpae

232 1732 294 1803 eibi
312 1733 463 1803 conscius
484 1731 695 1805 Sacramenta
724 1736 856 1805 conficit
888 1748 945 1804 aut
967 1736 1162 1823 dispensat,

231 1847 307 1895 cum
327 1827 453 1915 mande
473 1828 564 1899 naias
593 1829 637 1898 sit
669 1850 751 1918 pura
785 1830 825 1898 ab
847 1829 987 1918 impuris
1022 1829 1111 1916 tangi
1132 1841 1165 1896 et

231 1931 343 1990 sancta
360 1941 428 1991 non
445 1933 557 1991 sancte
572 1925 731 2007 tractari;
753 1923 791 1991 40
809 1922 1018 1992 Sacramenta
1033 1922 1076 1990 ab
1092 1924 1165 1990 bae·

233 2014 369 2099 raucis,
391 2015 634 2100 schismaticis,
664 2029 698 2086 et
717 2017 1011 2086 excommunicatis
1046 2017 1162 2085 collata

233 2109 352 2190 valere,
371 2112 398 2178 si
428 2110 491 2180 rite
510 2112 744 2193 conferantur,
768 2111 808 2180 iis
825 2112 967 2200 exceptis
988 2110 1023 2178 iu
1043 2111 1163 2199 quibus

232 2202 452 2286 conserendis,
474 2217 606 2293 praeter
622 2204 749 2274 ordinis
763 2206 1000 2287 characterem,
1024 2216 1164 2291 potestas

234 2295 473 2367 iurisdictionis
490 2299 713 2368 desideratur.
736 2298 773 2367 50
793 2299 937 2388 denique
968 2296 1161 2367 Sacramen-

232 2401 343 2458 torum
364 2391 556 2474 ministros,
592 2394 673 2461 dum
693 2391 904 2462 Sacramenta
934 2390 1118 2461 conficiunt
1134 2402 1165 2458 et

233 2484 431 2567 conterunt,
456 2485 577 2554 debere
606 2486 753 2555 humano
783 2488 881 2554 modo
913 2485 1070 2573 operari,
1105 2484 1165 2552 boc

233 2588 284 2645 est
296 2575 408 2644 animo
423 2578 607 2648 deliberato
618 2579 814 2649 conficiendi
830 2578 1094 2660 Sacramentum,
1111 2590 1165 2645 aut

233 2669 349 2737 saltem
364 2692 439 2740 cum
456 2671 639 2741 intentione
653 2674 794 2742 faciendi
809 2674 897 2762 quod
914 2672 992 2741 lacit
1009 2671 1165 2749 Ecclesia,
1198 2719 1199 2724 η

233 2763 513 2852 quamadmodum
535 2765 720 2842 Concilium
751 2767 981 2835 Tridentinnnr
1001 2765 1161 2833 delinivit.

233 2855 322 2930 Haec
340 2868 451 2927 autem
472 2858 612 2931 intentio
628 2860 802 2949 multiplex
819 2879 891 2929 esse
908 2870 1028 2948 potest,
1045 2878 1163 2948 nempe

233 2950 283 3019 rel
303 2952 456 3034 actualis,
475 2954 525 3026 vel
545 2955 706 3035 virtualis,
722 2956 771 3023 vel
787 2953 976 3034 habitualis,
995 2952 1045 3020 vel
1062 2953 1163 3020 inter·

235 3046 406 3131 prolativa.
426 3046 571 3116 batuelis
591 3059 640 3116 est
661 3067 817 3135 praesens
836 3046 936 3116 animi
954 3045 1160 3127 deliberatio,

233 3156 292 3206 san
314 3138 463 3211 uolontas
482 3140 622 3211 faciendi
644 3162 751 3228 opus,
778 3142 866 3229 quod
886 3139 1040 3220 lauimus,
1063 3137 1161 3206 veluti

233 3230 261 3300 si
292 3235 446 3302 sacerdos
479 3254 554 3303 cum
591 3234 755 3322 praesenti
784 3235 951 3304 voluntate
976 3230 1163 3321 baptizandi

233 3324 382 3395 conlerat
407 3326 621 3415 baptismum.
644 3327 800 3397 Virtualis
819 3342 869 3398 est
897 3326 1028 3415 praeuia
1050 3325 1163 3394 volun·

233 3427 284 3486 tas
303 3418 444 3488 laciandi
464 3421 598 3510 operis,
624 3443 710 3511 quae
731 3441 793 3492 nec
816 3422 915 3509 longo
934 3433 1085 3508 ternpore
1104 3436 1163 3486 nec

233 3508 351 3581 alienis
370 3524 427 3581 aut
447 3514 623 3585 contrariis
645 3514 773 3585 actibus
792 3526 970 3597 revocata,
990 3512 1041 3581 vel
1061 3510 1163 3580 iuter·
