2642 4175
238 331 303 389 tlh
579 339 681 387 cteu'r
700 340 735 383 11.

189 443 301 512 minus
319 439 485 529 obligetur
504 437 648 528 quamsi
670 446 773 506 novus
789 448 971 525 poneretur
987 458 1128 509 consen·

189 557 257 606 sus.
285 534 329 603 Ex
348 553 415 623 qua
435 531 597 602 sententia
617 529 805 611 descendit,
829 540 997 619 tamquam
1018 532 1127 620 legiti-

189 630 281 698 rdnm
301 624 561 707 consectarium,
582 624 805 694 necessarium
831 643 897 692 nnn
918 644 1010 708 esse,
1037 627 1125 714 quod
1235 700 1241 709 ,

191 722 254 812 ipsi
281 720 513 790 contrahentes
533 716 755 787 conditionem
781 716 845 784 iem
864 716 1025 788 exstitisse
1041 740 1128 788 com·

190 815 352 904 pererint.
374 810 545 902 Siquidem
564 810 675 881 statim
699 829 737 877 ao
755 808 934 892 exstiterit,
953 811 1127 898 perficitur

191 905 456 989 matrimonium,
477 905 576 975 sicuti
594 902 706 974 statim
726 923 765 971 ac
783 915 980 990 procurator
1001 917 1128 974 contra·

189 1004 248 1071 hat
267 1012 300 1070 et
319 997 525 1082 consentiat,
553 996 689 1068 nomine
708 994 759 1065 sui
780 994 995 1084 principalis,
1019 998 1126 1087 ipsum

191 1092 439 1163 matrimonium
458 1092 633 1173 formatur,
653 1089 730 1158 licet
750 1088 908 1157 mandans
928 1088 960 1157 id
981 1090 1125 1179 ignoret.

189 1190 343 1257 Attamen
356 1208 395 1256 co
410 1185 444 1252 in
458 1205 534 1254 casu
556 1183 789 1253 contrahentes
809 1182 856 1250 uti
874 1197 1045 1273 nequeunt
1058 1205 1126 1253 ma·

189 1279 361 1362 trimcnin,
375 1277 440 1347 nisi
456 1291 629 1368 postquam
648 1277 690 1345 de
707 1275 841 1363 impleta
856 1275 1043 1349 conditione
1059 1298 1129 1347 cer-

189 1374 292 1443 tiores
311 1371 386 1439 lacti
405 1370 541 1453 luerint3
558 1370 639 1440 alias
658 1368 749 1438 enim
770 1368 955 1456 periculum
976 1370 1128 1440 subirent

190 1463 430 1547 fornicationis,
451 1462 479 1532 si
500 1464 585 1534 forte
617 1475 686 1532 tum
708 1461 853 1530 conditio
872 1482 938 1531 non
959 1476 1045 1533 esset
1066 1463 1128 1531 int·

191 1559 303 1647 pleta,
326 1558 413 1646 quod
451 1576 530 1626 sane
564 1577 643 1646 prae
678 1552 783 1624 oculis
810 1554 924 1624 baberi
946 1557 1043 1627 debet
1062 1578 1128 1626 non

191 1664 320 1720 tanturn
338 1651 371 1718 iu
391 1650 453 1720 hac
473 1650 660 1719 conditione
680 1649 721 1717 de
741 1647 874 1730 tuturo,
894 1650 951 1718 sed
973 1652 1071 1719 etiam
1094 1650 1129 1718 in

191 1742 436 1823 conditionibus
458 1744 499 1812 de
526 1742 730 1833 praeterite,
752 1753 785 1810 et
809 1741 850 1810 de
877 1744 1066 1832 praesenti,
1087 1744 1127 1812 de

192 1836 313 1927 quibus
341 1857 440 1926 supra
470 1848 579 1906 actum
607 1849 670 1906 est.
691 1835 737 1903 hd
767 1835 950 1923 parochum
969 1836 1130 1925 spectabit

192 1930 424 2000 contrahentes
441 1950 588 2014 monere,
606 1941 674 1998 uta
695 1929 979 1999 consummatione
993 1951 1130 2020 prorsus

192 2024 389 2107 abstineant,
410 2023 515 2093 donec
541 2024 581 2093 de
598 2022 733 2112 impleta
752 2021 940 2093 conditione
959 2024 1037 2113 ipsis
1049 2044 1129 2093 con·

190 2117 323 2188 stiterit.
340 2117 539 2207 Contingere
559 2117 647 2187 enim
666 2116 761 2185 facilc
776 2128 893 2205 potest,
912 2130 949 2186 ut
965 2119 1040 2206 quis
1057 2130 1130 2208 post

192 2211 440 2280 matrimonium
455 2223 732 2291 consummatum,
743 2221 776 2278 et
789 2211 915 2297 prolem
929 2225 1128 2301 susceptam,

191 2304 414 2374 conditionem
433 2304 521 2372 haud
536 2304 637 2372 fuisse
655 2304 825 2392 impletam
842 2304 962 2374 videat.
977 2306 1055 2373 Vide
1069 2306 1130 2373 Fa-

190 2416 335 2484 gnanum
354 2416 427 2484 cap.
446 2397 507 2464 ult.
528 2395 568 2464 de
588 2397 712 2465 condit.
731 2416 764 2464 n.
780 2395 839 2476 ts.
861 2397 1020 2477 Alterum,
1039 2400 1129 2488 quod

192 2492 225 2555 in
246 2489 467 2577 disputatione
487 2488 645 2577 ponitur,
674 2489 755 2558 illud
777 2501 850 2572 est;
874 2512 916 2559 an
935 2504 1008 2581 post
1027 2492 1129 2569 Cone.

190 2580 282 2648 Trid.
310 2580 349 2647 ad
380 2581 523 2650 valorem
557 2582 761 2652 matrimonii
797 2585 1011 2675 requiratur,
1039 2586 1129 2674 quod

190 2671 360 2742 Porcchus
377 2686 410 2743 et
435 2686 532 2744 testes
559 2675 713 2745 intersint
733 2676 946 2766 implemento
967 2677 1129 2747 conditio·

191 2765 254 2848 uis,
281 2766 332 2834 vel
348 2766 463 2836 saltem
484 2769 572 2859 quod
590 2770 823 2839 contrahentes
842 2792 952 2840 coram
972 2772 1050 2861 ipsis
1075 2792 1129 2839 as-

193 2871 317 2942 serant,
340 2872 396 2928 aut
415 2862 555 2931 doceant
574 2863 796 2932 conditionem
818 2864 987 2952 impletam
1007 2864 1130 2933 inisse?

193 2953 336 3021 Consors
356 2965 406 3022 est
424 2955 596 3025 doctorum
617 2957 791 3038 sententia,
812 2958 943 3046 quando
964 2958 1129 3026 conditio-

161 3107 170 3116 ,
193 3045 243 3114 uis
263 3045 513 3134 implementum
534 3049 576 3118 sit
602 3050 783 3128 notorium,
800 3072 883 3140 opus
901 3071 967 3119 non
987 3071 1070 3132 esse,
1092 3062 1133 3119 ut

191 3139 340 3210 Porocbo
358 3152 390 3209 et
419 3141 558 3211 testibus
582 3142 811 3211 denuntietur.
837 3144 926 3223 Quae
946 3143 1034 3212 enim
1058 3164 1128 3210 ma·

97 3233 99 3236 ’
191 3234 309 3303 uilesta
329 3245 407 3303 suut
421 3255 459 3302 ac
472 3235 614 3319 notoria,
630 3236 937 3305 denuntiationibus
954 3258 992 3305 ac
1011 3236 1131 3325 proba·

192 3326 338 3395 tionibus
358 3346 424 3395 non
449 3326 610 3416 indigent,
632 3328 792 3409 Quocirca
814 3341 880 3399 tota
898 3329 1077 3419 disputatio
1095 3329 1130 3396 in

194 3439 233 3487 eo
247 3419 415 3488 dumtaxat
433 3432 493 3503 est,
513 3423 646 3511 quando
665 3422 917 3511 implementum
932 3421 1131 3491 conditionis

193 3531 260 3580 non
280 3525 408 3583 constat
433 3514 589 3603 publice,
613 3527 646 3586 et
678 3515 840 3607 quidquid
870 3537 935 3588 non
956 3515 1065 3606 pauci,
1092 3535 1131 3582 ex
