2642 4175
235 375 238 382 ·
264 365 331 423 318
600 375 705 420 carun
721 375 769 419 ιιι.

218 497 352 568 quaque
384 475 541 544 societate
573 473 803 544 continentur.
836 474 928 543 lianc
956 475 1166 545 sententiam

219 570 430 640 anathemate
449 567 592 657 perculit
611 566 796 637 Concilium
816 567 1048 638 Tridentinum
1070 590 1162 640 sess.

218 664 326 746 lllllll,
348 663 389 731 de
410 659 503 730 Sacr.
524 661 669 730 llatrim.
689 661 772 731 Can.
791 659 838 728 l:
860 661 922 731 ‹Si
942 663 1018 752 quis
1034 664 1166 732 dixerit

218 755 398 826 Ecclesiam
420 775 487 824 aon
507 755 654 843 potuisse
684 754 886 824 constituere
914 755 1164 846 impedimenta

221 849 468 919 matrimonium
486 847 698 931 dirimenda,
719 847 895 917 anathema
915 849 970 919 sit.
993 873 1008 915 ι
1096 925 1110 938 Ι

265 942 524 1013 Protestantium
553 941 752 1011 sententiam
779 954 941 1031 sequutus
958 956 1007 1013 est
1025 943 1162 1012 llarcus

220 1037 382 1106 Antonius
399 1037 444 1105 lle
463 1034 611 1104 Dominis
643 1034 919 1124 trehiepiscop'us
951 1035 1162 1126 spalatensis

221 1130 278 1198 tin.
299 1129 333 1214 5,
359 1131 399 1198 de
418 1127 549 1218 Repub.
569 1128 755 1198 Christiana
784 1149 859 1218 cap.
877 1129 943 1213 lli,
966 1152 1002 1199 ιι.
1023 1128 1058 1212 1,
1081 1127 1106 1197 5
1128 1142 1164 1199 et

220 1222 277 1305 EO,
296 1244 437 1312 eamque
456 1222 544 1292 tueri
562 1222 725 1291 acerrime
742 1234 880 1290 conatus
900 1234 961 1291 est.
977 1222 1165 1293 Contendit

219 1317 309 1386 enim
328 1341 342 1382 ι
366 1327 571 1384 contractum
592 1315 760 1384 societatis
786 1316 874 1383 inter
896 1316 1002 1383 virum
1023 1326 1058 1384 et
1075 1337 1164 1385 uxo·

219 1430 303 1491 rem,
323 1430 399 1477 cum
416 1409 459 1477 sit
478 1421 565 1479 totus
585 1409 754 1478 humanus
773 1421 807 1477 et
826 1410 1029 1498 corporalis,
1052 1419 1088 1477 et
1119 1410 1163 1478 ad

219 1503 372 1571 ellectum
393 1503 580 1570 naturalem
599 1502 725 1571 directe
746 1502 878 1585 initum,
897 1503 938 1570 ad
958 1514 1164 1592 potestatem

220 1594 503 1678 ecclesiasticam,
537 1615 623 1684 quae
643 1606 711 1663 tota
732 1595 766 1664 in
795 1615 830 1664 se
850 1595 1032 1683 spiritualis
1054 1607 1108 1664 est
1130 1606 1166 1665 et

219 1689 261 1757 ad
282 1687 467 1776 spiritualia
485 1701 648 1777 spectans,
664 1708 732 1757 non
749 1709 846 1777 posse
867 1689 938 1757 iure
958 1689 1069 1757 divino
1086 1711 1165 1777 per·

220 1782 341 1850 tinere.
368 1804 383 1846 ι
405 1781 526 1850 Verum
547 1783 627 1850 dum
648 1781 730 1852 llaec
754 1783 795 1851 de
819 1783 1040 1851 matrimoniis
1061 1783 1166 1851 Chri·

221 1874 406 1943 stianorum
424 1873 592 1958 dicuntur,
612 1875 695 1943 nihil
713 1875 746 1943 in
765 1873 812 1943 eis
826 1877 969 1957 est-nisi
989 1877 1110 1945 falsum
1130 1886 1166 1945 et
1250 1937 1254 1941 .

221 1969 355 2057 quidem
374 1990 391 2037 a
412 1968 478 2037 fide
497 1968 663 2037 Catholica
685 1969 843 2037 alienum.
868 1969 904 2037 ln
926 1969 1042 2059 primis
1067 1969 1166 2037 enim

222 2063 397 2151 Apostolus
412 2061 533 2133 Paulus
547 2063 586 2131 ad
603 2061 764 2152 Ephesios
778 2083 849 2151 cap.
860 2062 896 2147 V,
914 2086 943 2132 v.
962 2060 1079 2146 tt-to,
1097 2060 1161 2131 32:

225 2156 349 2238 «sicut,
366 2155 485 2245 inquit,
502 2156 647 2225 Ecclesia
670 2156 816 2225 subiecta
834 2169 885 2225 est
897 2156 1040 2240 Christo,
1061 2157 1109 2224 ita
1133 2168 1168 2227 et

222 2251 383 2320 mulieres
395 2250 474 2318 viris
487 2250 556 2318 suis
570 2250 604 2318 in
618 2250 785 2318 omnibns:
803 2249 882 2332 Viri,
900 2250 1028 2337 diligite
1039 2271 1167 2319 uxores

224 2355 361 2426 vestras,
383 2343 469 2412 sicut
488 2354 520 2412 et
540 2342 691 2413 Christus
711 2343 824 2412 dilexit
844 2343 1022 2413 Ecclesiam
1044 2356 1078 2412 et
1096 2343 1167 2412 sei·

224 2456 321 2524 psum
343 2436 479 2505 tradidit
499 2456 560 2525 pro
578 2456 629 2504 ea.
649 2489 656 2504 .
678 2489 685 2504 .
705 2485 713 2503 .
736 2435 985 2505 Sacramentum
1006 2437 1071 2504 hoc
1091 2457 1168 2504 ma·

223 2550 328 2616 gnum
349 2539 409 2611 est,
433 2548 494 2615 ego
516 2540 626 2597 autem
647 2530 720 2598 dico
742 2529 774 2597 in
791 2529 922 2603 Christo
943 2542 976 2598 et
996 2530 1030 2598 in
1047 2530 1167 2597 Eccle-

224 2621 289 2689 sia.
308 2642 322 2685 ι
342 2621 389 2688 Ex
404 2621 526 2708 quibus
546 2622 709 2705 innuitur,
729 2622 976 2692 matrimonium
997 2622 1164 2690 l'idelinm

225 2713 261 2781 in
278 2714 351 2801 lege
371 2734 453 2781 nova
475 2713 718 2784 coniunctionis
749 2715 872 2784 Christi
905 2736 979 2783 cum
1012 2716 1166 2785 Ecclesia

226 2806 360 2894 signnm
381 2827 477 2889 esse,
499 2821 533 2875 et
553 2808 637 2877 siout
657 2809 808 2879 Christus
825 2830 903 2898 ,per
935 2809 1109 2877 caritatem
1132 2819 1168 2877 et

226 2899 368 2987 gratiam
387 2899 553 2969 Ecclesiae
570 2901 797 2990 coniungitur,
814 2901 858 2969 ita
876 2903 975 2971 etiam
996 2902 1030 2970 in
1047 2902 1167 2970 matri-

228 2992 342 3060 monio
364 2992 522 3082 coniuges
552 3016 612 3083 per
638 2996 778 3082 gratiam
799 2994 919 3064 Christi
948 2995 1165 3084 copulantur.

228 3085 443 3153 Potissimum
472 3105 550 3155 vero
580 3088 828 3157 matrimonium
862 3087 1024 3157 Fidelium
1054 3108 1168 3156 sacra·

230 3192 378 3248 mentum
401 3200 473 3248 esse
493 3182 702 3269 apertissime
732 3204 769 3250 ex
801 3180 978 3249 universali
998 3180 1174 3248 Ecclesiae

227 3273 408 3342 traditione
436 3274 696 3342 demonstratur.
718 3273 834 3342 Patres
854 3275 943 3343 enim
965 3287 998 3342 et
1016 3273 1169 3343 Concilio

228 3366 351 3452 passim
369 3366 618 3435 matrimonium
637 3388 708 3436 rem
725 3388 850 3436 sacram
873 3379 905 3436 et
925 3366 1081 3447 divinam,
1094 3386 1171 3453 gra·

230 3456 276 3523 tia
295 3460 489 3545 praeditam,
506 3480 568 3528 nec
587 3481 653 3529 nou
675 3482 828 3551 expresse
845 3459 1095 3529 Sacramentum
1116 3478 1171 3525 ro-

229 3561 324 3633 cant;
347 3573 489 3640 quorum
511 3554 700 3624 testimonia
719 3556 806 3644 apud
824 3553 1010 3643 Theologos
1031 3554 1173 3641 dogma·
