2642 4175
338 358 383 402 nn
398 357 675 403 rnornrnrnrmna
689 356 889 402 ucramonrr
965 336 1035 401 tta

148 454 357 542 coniugatus,
380 456 508 539 virente
531 476 727 540 uxore-sua,
749 454 848 526 aliam
867 455 998 525 duxerit
1013 472 1081 524 non

149 549 314 639 consciam
333 549 573 640 impedimenti,
590 551 700 639 proles
713 570 773 640 pro
790 549 936 639 legitima
952 549 1081 620 denun-

148 644 263 717 tiatur.
286 643 356 713 lita
376 644 475 714 etiam
496 645 660 734 pendente
677 644 718 714 da
737 643 850 712 valore
861 641 1078 725 matrimonii,
1107 661 1109 668 ·

151 738 249 807 modo
272 738 433 807 alteruter
452 736 630 826 coniugum
648 737 782 807 inbono
797 736 863 807 tide
880 746 1079 826 perseveret,

150 830 248 903 liberi
267 851 305 901 ea
326 831 490 920 pendente
516 830 583 901 nati
623 831 732 900 adhuc
761 830 902 920 legitimi
938 827 1080 899 habendi

151 936 240 1008 sunt;
263 945 339 993 nam
360 925 444 992 mala
466 924 547 994 fides
566 926 703 1014 legalis,
724 944 809 1014 quae
828 923 976 1013 perlitis
1003 941 1082 996 conr

151 1017 358 1088 testationem
378 1017 547 1088 inducitur
566 1018 600 1086 in
617 1017 857 1108 praeiudicium
875 1016 979 1107 prolis
997 1015 1082 1084 nihil

26 1108 28 1193 ζ
151 1112 262 1181 efficit.
285 1111 447 1181 Eumdem
465 1112 617 1183 effectum
636 1112 805 1201 legitimae
825 1110 927 1200 protis
942 1110 1083 1179 reddan-
1186 1168 1189 1172 ,

26 1202 28 1277 i
151 1206 212 1275 dae
228 1207 319 1293 leges
338 1226 472 1298 quoque
491 1206 682 1276 tribuerunt
700 1203 912 1275 matrimonio
932 1201 1083 1274 nativita-

150 1313 215 1368 tem
237 1299 340 1389 prolia
357 1300 593 1389 subsequenti,
615 1299 642 1369 si
673 1310 783 1369 tamen
808 1299 896 1368 inter
914 1308 1081 1387 parentes,

152 1413 216 1481 qno
237 1404 389 1482 tempora
408 1394 557 1463 camdem
578 1406 792 1483 generarunt,
816 1404 874 1464 aut
891 1392 1004 1482 aliquo
1022 1391 1084 1459 sai·

151 1500 217 1555 tem
235 1498 386 1575 tempore
403 1487 602 1558 intermedio
627 1508 734 1577 usque
766 1488 806 1557 ad
839 1486 944 1578 ipsius
979 1483 1082 1575 prolis

150 1579 365 1662 nativitatem,
389 1581 573 1669 legitimum
598 1581 846 1652 matrimonium
873 1600 945 1650 essa
965 1590 1082 1671 potue·

152 1675 205 1743 rit.
227 1674 378 1762 Denique
397 1675 463 1743 duo
483 1675 605 1766 reliqui
624 1688 704 1745 sunt
721 1675 914 1764 nuptiarum
947 1673 1083 1743 adactus
1110 1720 1112 1726 ι

152 1780 303 1856 respectu
319 1766 510 1851 filiorum,
501 1790 553 1838 rua
571 1790 692 1858 nempe
712 1769 867 1838 alimenta
883 1780 916 1838 et
935 1766 1082 1837 subsidia

153 1861 307 1932 truncatae
328 1872 361 1930 et
386 1861 585 1932 christianae
617 1861 822 1932 educationis
850 1859 1083 1953 aparentibus

26 1986 28 2063 f
150 1955 311 2043 angendi,
334 1955 547 2025 etsubiectio
567 1956 720 2045 potestati
761 1954 904 2043 patriae,
926 1955 967 2027 de
987 1952 1083 2022 cuius

151 2048 320 2172 affectibus
341 2049 436 2139 plura
457 2050 583 2119 dabunt
598 2049 685 2119 luris
705 2047 831 2118 civilis
822 2058 1035 2136 interpretes.

568 2269 585 2366 ᾗ
615 2269 674 2340 80.

259 2428 305 2486 lta
320 2428 506 2488 maternitate
525 2427 557 2485 at
574 2417 741 2498 princerni
766 2424 968 2485 matrimonii.
1065 2465 1068 2472 ⁴

195 2604 346 2675 Divinum
379 2575 583 2677 matrimonii
603 2567 817 2696 praeceptum
849 2604 989 2694 singuiis
1021 2604 1083 2673 ho·

152 2699 302 2770 minibus.
315 2699 409 2769 initio
427 2702 542 2772 mundi
561 2700 751 2791 impositum
773 2701 814 2769 ab
834 2699 899 2769 iilis
918 2697 1084 2770 Geuescos
1183 2757 1193 2784 p

151 2793 276 2864 verbis:
303 2817 317 2860 r
335 2793 490 2877 Crescite,
512 2807 546 2866 et
565 2793 834 2884 muutpltcamint
860 2813 965 2874 »anon
985 2792 1084 2881 pauci

152 2896 317 2977 repetunt.
341 2887 456 2958 Melius
476 2898 587 2957 tamen
607 2888 787 2977 opinantur
813 2886 869 2955 alii
889 2884 982 2956 hisce
1008 2905 1084 2955 rer«

26 3007 27 3022 ¹
152 2982 203 3050 tris
219 2980 362 3051 divinam
384 2982 554 3051 dumtaxat
568 2979 799 3050 foecunditatis
815 2977 1085 3048 benedictionem

26 3101 27 3180 ἐ
151 3075 239 3146 inter
258 3074 411 3146 homiues
430 3074 608 3164 designari.
625 3072 736 3143 Brutis
749 3073 838 3142 enim
858 3071 1083 3141 animantibus

152 3169 276 3240 dictum
297 3167 421 3258 pariter
441 3169 521 3239 suit:
546 3193 561 3236 c
585 3168 722 3238 crescite
736 3164 1082 3255 etmultipiioamiuia

152 3263 272 3351 quibus
291 3274 400 3332 tamen
420 3263 554 3370 proprie
573 3263 697 3333 dictum
718 3272 930 3351 praeceptum
946 3257 1082 3329 omnino

152 3358 337 3439 condatur
353 3355 719 3445 quoorcamatumonn
735 3365 946 3444 praeceptum
962 3352 1026 3423 mel
1030 3352 1082 3422 ius

26 3479 27 3490 ³
152 3445 620 3559 erioranaturaercpetimus‚
631 3447 1085 3558 siquidemnaturaipaasug·

26 3613 27 3634 p
151 3543 238 3629 gerit
248 3544 489 3616 concertationi
504 3555 537 3613 ct
550 3543 781 3654 propagationi
798 3542 930 3632 generis
943 3541 1081 3611 humani
