2642 4175
278 729 333 789 DE
355 729 684 793 PROPBIETATIBUS
706 730 945 796 MATRIMONII

563 1123 579 1212 5
597 1122 656 1191 rc.

405 1276 450 1332 lle
469 1275 590 1333 unitate
608 1276 812 1335 Matrimonii·

179 1455 254 1525 lam
274 1468 437 1545 superest,
458 1470 495 1527 ut
526 1458 567 1528 de
588 1459 793 1529 matrimonii
821 1455 1079 1549 proprietatibus

132 1560 239 1639 atque
262 1550 431 1619 effectibus
451 1551 615 1622 dicamus.
639 1552 674 1622 S.
688 1554 893 1641 Augustinus
912 1549 975 1619 tria
992 1551 1078 1621 bona

132 1643 344 1712 matrimonii
365 1664 403 1713 ex
421 1642 592 1733 Scriptura
614 1647 778 1730 observat,
798 1647 911 1727 fidam,
932 1645 1075 1734 prolem,

131 1747 166 1805 et
186 1735 455 1808 Sacramentum.
474 1738 570 1808 Fides
588 1740 750 1810 unitatem
768 1738 985 1821 matrimonii;
1000 1759 1078 1828 pro·

22 1868 23 1871 =
130 1829 180 1899 les
195 1830 464 1919 procreationem
476 1831 621 1901 liliorum
635 1854 821 1922 eorumque
832 1831 1075 1915 educationem,

131 1935 165 1994 et
186 1922 384 2011 religiosam
406 1925 920 2009 institutionem3sacramentum
941 1924 1080 1993 indisso·

131 2016 337 2086 lubilitatem
357 2017 460 2107 ipsius
490 2018 694 2089 matrimonii
721 2017 896 2107 designat,
919 2037 1078 2107 quaeres

130 2111 337 2199 praecipuae
369 2123 448 2181 sunt
486 2112 691 2182 matrimonii
724 2112 958 2201 proprietates.
988 2108 1079 2188 Quae

131 2203 202 2273 sint
236 2217 412 2294 parentum
446 2216 479 2275 et
504 2205 655 2274 liliorum
689 2205 819 2288 cilicia,
852 2204 950 2295 quive
969 2213 1080 2271 rectus

132 2298 343 2375 matrimonii
361 2319 462 2381 usus,
482 2298 646 2388 theologis
670 2298 853 2367 disserendi
874 2294 1077 2387 provinciam

132 2389 281 2459 libenter
293 2392 423 2460 damus.
439 2392 505 2462 Nos
519 2392 561 2462 de
575 2392 702 2462 unitate
720 2390 923 2461 matrimonii
939 2387 1078 2479 eiusque

22 2519 23 2522 π
133 2482 432 2554 indissolubilitate
450 2484 596 2555 breviter
617 2486 782 2556 dicemus.

181 2576 267 2647 Cum
285 2577 405 2649 unitati
425 2578 629 2649 matrimonii
650 2590 840 2670 opponatur
864 2575 1078 2669 Polygamia‚

22 2679 23 2694 ³
132 2689 196 2739 seu
216 2691 377 2754 uxorum,
398 2672 449 2741 vel
469 2673 668 2743 maritorum
685 2673 871 2762 pluralitas
894 2671 991 2741 facile
1011 2693 1076 2762 qua

135 2763 170 2831 in
191 2784 230 2832 re
250 2764 455 2834 matrimonii
472 2766 581 2836 unitas
600 2767 759 2836 consistat
775 2765 1027 2856 perspiciemus,
1049 2765 1076 2834 si

135 2855 209 2926 eius
229 2858 446 2941 eontrarium,
467 2879 587 2948 nempe
606 2860 752 2929 diversas
770 2857 983 2949 Polygamiae
1002 2877 1078 2946 spe·

134 2948 215 3030 cies,
224 2951 483 3041 perpendamus.
505 2950 696 3042 Polygamia
712 2951 814 3040 igitur
827 2951 877 3020 vel
895 2948 1078 3020 successiva

135 3053 197 3127 est,
219 3064 296 3111 cunr
317 3065 436 3135 nempe
456 3055 589 3114 mortuo
606 3065 674 3114 uno
695 3043 849 3133 coniuge,
871 3044 929 3134 qui
960 3059 1078 3132 snper·

22 3163 23 3166 ¹
135 3146 203 3205 stes
224 3148 285 3221 est,
302 3139 342 3206 ad
363 3139 524 3207 secundas
538 3140 587 3207 vel
601 3138 779 3209 ulteriores
796 3139 916 3206 transit
931 3135 1076 3224 nuptias;

135 3230 186 3297 vel
207 3240 258 3298 est
276 3230 499 3316 simultatum,
522 3252 599 3300 eum
617 3251 738 3321 nempe
755 3229 872 3299 eodem
900 3241 1076 3317 tempore,

22 3369 23 3376 .
136 3334 195 3393 aut
213 3323 263 3391 vir
283 3324 396 3413 plures
416 3346 547 3409 uxores,
570 3337 630 3395 aut
649 3324 770 3393 mulier
799 3324 912 3414 plures
941 3320 1080 3393 maritos

136 3412 257 3501 liabet3
277 3417 320 3486 de
340 3429 483 3510 utraque
503 3419 643 3489 seorsim
664 3418 843 3507 agendum.
