2642 4175
278 358 324 432 rt
570 370 767 428 amour

230 490 287 554 re;
307 487 374 559 quo
394 467 479 539 laeto
494 467 607 539 statim
627 467 818 559 sponsalia,
838 488 925 559 quae
943 470 1036 559 prius
1055 470 1165 542 inser·

230 561 382 632 titudinis
400 561 479 632 vitio
503 562 595 632 nulla
615 573 721 644 erant
741 563 928 640 redduntur
947 576 1036 633 certa
1056 576 1090 634 et
1108 586 1164 635 vn·

228 656 319 741 lida,
342 666 375 734 et
404 653 679 748 impedimentum·
711 657 865 747 publicae
897 656 1079 728 honestatis
1104 680 1163 750 pn·

229 749 341 833 riunt

655 974 734 1065 §5-

482 1131 528 1188 lto
544 1130 644 1190 ulna
661 1145 695 1189 aa
724 1130 896 1202 obligandi.

273 1308 386 1379 Tertio
403 1306 608 1398 requiritur,
628 1321 665 1377 ut
684 1309 860 1399 promissio
892 1309 935 1380 sit
965 1330 1065 1393 vera,
1090 1328 1164 1380 non

227 1403 395 1486 simulata,
416 1401 494 1493 quia
514 1401 691 1474 simulatae
703 1402 840 1493 nuptiae
859 1402 985 1472 nullius
998 1403 1160 1476 momenti

227 1508 316 1580 sunt,
337 1495 537 1588 utloqoitur
556 1494 591 1565 t.
614 1495 803 1566 Suttuensis
819 1493 864 1565 30
885 1496 920 1566 n.
940 1496 981 1568 de
1000 1496 1068 1567 ritu
1097 1517 1162 1566 nu·

226 1590 325 1680 ptiar.
342 1589 415 1660 Nou
434 1589 523 1659 enim
542 1590 654 1676 rerba,
673 1611 734 1659 seu
751 1589 881 1660 sonitus
895 1589 1086 1673 verborum,
1102 1591 1162 1661 sod

228 1685 380 1756 internus
398 1703 597 1768 consensus,
618 1695 653 1754 et
682 1683 815 1754 animus
834 1704 908 1754 sese
936 1705 1012 1754 oum
1043 1684 1163 1755 ellectu

227 1777 397 1866 obligandi
417 1776 654 1866 obligationem
671 1777 844 1862 inducunt,
863 1777 1033 1866 euplus,
1055 1774 1100 1847 ab
1121 1778 1163 1849 de

228 1871 377 1962 Sponsnl.
394 1882 428 1941 et
449 1870 591 1941 llatrim.
612 1871 789 1941 Enimvero
809 1830 968 1959 obligatio
995 1870 1164 1972 quaelibet

229 1987 247 2035 a
267 1963 341 2053 lego
355 1984 423 2034 non
443 1965 642 2048 dimanans,
665 1964 796 2034 oriatur
820 1975 952 2053 oportet
970 1985 1010 2034 ex
1035 1953 1162 2056 privata

227 2056 556 2130 bominisroluntnto
570 2057 654 2151 ‚qui
684 2058 792 2129 libera
813 2059 893 2129 velit
923 2057 1162 2149 obligationem

229 2154 334 2245 ipsam
351 2153 540 2244 suscipere:
563 2173 601 2222 ex
622 2174 689 2244 quo
714 2153 821 2236 litut,
848 2151 1026 2223 deficiente
1051 2153 1164 2224 animo

228 2247 458 2356 suscipiendae
477 2245 703 2336 obligationis,
723 2247 883 2335 obligatio
899 2265 966 2316 non
978 2246 1161 2332 exoriatur,

229 2352 346 2431 astque
359 2340 394 2410 in
415 2341 489 2412 iure
508 2352 637 2411 eertum
653 2353 688 2410 et
710 2341 916 2430 exploratum
934 2353 1052 2410 «aetus
1065 2360 1163 2429 apen·
1210 2389 1212 2396 .

174 2448 184 2469 ·
231 2434 313 2502 tium
329 2454 397 2502 non
417 2432 550 2523 operari
568 2435 654 2503 ultra
674 2433 893 2503 intentionem
915 2432 1122 2503 eorumdem.
1143 2456 1159 2499 r

229 2525 394 2615 Obligatio
414 2539 526 2595 nutam
546 2526 580 2595 in
610 2527 820 2616 sponsalibus
835 2547 902 2599 non
929 2548 945 2596 a
974 2528 1047 2616 lege
1069 2527 1163 2604 seda

230 2620 400 2693 voluntate
421 2620 527 2689 libera
547 2620 772 2710 promittentis
802 2620 1037 2711 proficiscitur.
1066 2621 1164 2690 Nulla
1206 2702 1208 2705 v

230 2713 333 2803 igitur
352 2713 593 2803 eritobligatio
612 2713 749 2784 ineundi
777 2714 1007 2798 matrimonii,
1029 2715 1163 2805 quando

230 2808 264 2876 in
279 2807 493 2896 promittente
515 2808 621 2878 deluit
639 2808 771 2877 animus
788 2820 820 2877 et
840 2809 989 2878 voluutas
1016 2828 1089 2878 sese
1108 2806 1165 2876 ob·

229 2901 368 2988 ligandi.
389 2899 469 2970 tine
484 2900 521 2969 P.
541 2901 659 2991 loseph
678 2901 828 2971 Pauwels
848 2902 889 2971 de
906 2900 1058 2991 Sponsal.
1080 2900 1162 2983 ob,

230 2995 247 3083 ᾗ
266 2992 347 3063 381.
364 2993 543 3063 Simulator
559 3007 669 3064 autem
698 3007 811 3085 peceat
829 2995 994 3083 graviter,
1019 2995 1107 3085 quod
1129 2994 1164 3063 in

232 3107 270 3157 re
284 3088 374 3177 gravi
396 3086 557 3159 mentitur
575 3100 608 3158 et
624 3089 766 3158 alterum
786 3088 928 3178 deripit,
959 3109 997 3156 ae
1026 3088 1165 3179 insuper

232 3183 362 3252 ratione
383 3182 511 3251 lraurlis
531 3193 565 3251 et
583 3182 726 3257 iniuriae
743 3182 855 3251 illatae
887 3193 1022 3251 tenetur
1053 3183 1094 3251 ad
1125 3182 1166 3250 sr-

230 3275 372 3346 etionem
394 3276 592 3358 tollendam,
619 3296 679 3345 seu
708 3277 749 3345 ad
778 3296 975 3345 eonsensum
997 3275 1164 3345 exanimo

231 3370 475 3456 praestandum,
487 3380 559 3437 -aut
573 3370 689 3440 saltem
710 3372 748 3438 ad
774 3371 892 3439 damna
907 3370 1161 3460 compensanda,

231 3463 258 3531 si
279 3483 366 3551 quae
386 3484 462 3552 pars
482 3462 618 3552 decepta
639 3484 734 3552 passa
754 3464 869 3533 fuerit.

276 3556 396 3626 Verum
417 3557 500 3626 haec
528 3557 562 3625 in
585 3557 658 3626 loro
688 3558 925 3627 conscientiae.
960 3556 1040 3627 Nam
1075 3557 1164 3647 quod
