2642 4175
378 378 423 422 nn
438 378 674 427 menomnunra
693 383 891 430 uarnmomr
987 373 1052 432 297

164 479 290 549 factum
313 478 433 561 luerat,
457 479 535 548 item
568 501 625 549 an.
646 477 739 550 1833
770 480 1100 570 ad-Pooaieericiom,

164 584 200 641 et
220 569 265 640 88
286 572 384 641 Febr.
407 570 710 664 1811111111111
730 573 763 643 S.
785 572 874 645 Petri
896 574 1099 648 Suburbium

163 679 271 755 prope
289 666 413 736 Mosam
431 667 650 736 Traiectinam
668 667 836 738 Benedicti
862 669 928 738 XlV
953 671 1101 742 declara·

163 759 292 829 tionem
313 759 500 849 applicerit;
518 761 575 829 sed
592 762 632 833 ad
647 761 808 834 cautelam
828 773 968 848 tautum,
990 766 1098 855 quoad

163 852 322 922 ultimum
344 854 466 937 locum,
486 853 574 938 fecit,
596 867 774 945 prepterea
793 858 887 946 quod
902 857 1099 929 suburbium

164 944 233 1014 iam
250 959 380 1036 partem
398 947 537 1018 civitatis
558 948 753 1020 efformabot
765 970 820 1018 an.
842 946 946 1037 1881,
962 972 1028 1041 quo
1048 952 1102 1023 de-

162 1040 247 1108 clar.
269 1038 438 1112 Benedicti
458 1064 476 1110 1
498 1041 605 1111 Leone
623 1042 681 1111 llll
701 1054 833 1113 extensa
856 1043 931 1114 luit.

212 1132 296 1204 Loca
316 1155 410 1218 vero,
429 1135 462 1203 in
483 1134 606 1225 quibus
625 1136 799 1226 rescripto,
816 1148 874 1207 aut
891 1137 1097 1227 indulgentia

162 1225 204 1294 8.
220 1225 313 1296 Sedis
332 1228 545 1298 matrimonia
566 1229 810 1300 baereticorum
828 1250 865 1302 ae
879 1231 979 1301 mixta
995 1230 1100 1301 relide

162 1320 345 1404 habentur,
368 1321 452 1391 boec
468 1333 562 1392 sunt:
584 1322 715 1394 omissis
736 1322 906 1407 Hibernia,
938 1323 1098 1409 Helvetia,

163 1413 357 1484 Provinciis*
366 1414 546 1499 Rhenanis,
569 1437 607 1486 ac
625 1415 850 1506 Westpholia,
872 1417 1041 1508 lluugaria
1063 1438 1101 1487 ac

162 1506 412 1599 Transylvania,
432 1508 578 1593 Bovario,
599 1512 640 1578 de
660 1510 781 1600 quibus
800 1512 954 1601 superios
970 1512 1100 1602 loquuti

161 1621 293 1685 sumus,
310 1604 454 1672 notanda
469 1603 719 1674 suntl⁰diritas
736 1604 1098 1695 Constantinopolitaua

162 1693 305 1784 eiusque
321 1695 532 1781 suburbium,
556 1698 612 1766 ubi
628 1719 667 1766 ex
681 1696 715 1766 S.
729 1695 768 1768 Ο.
783 1699 854 1768 dee.
874 1699 900 1767 1.
917 1697 950 1781 b,
968 1697 1013 1767 80
1034 1698 1102 1769 du-

161 1789 255 1875 gusti
271 1786 363 1858 1789
385 1790 595 1861 matrimonia
627 1790 872 1860 haereticorum
887 1792 992 1861 valida
1006 1802 1098 1861 sunt.

163 1880 414 1954 nunterston
431 1884 609 1974 imperium
624 1883 797 1960 Rurssieurn
817 1896 850 1954 et
869 1882 1031 1963 Poloniae
1046 1906 1100 1953 rc·

166 1995 273 2062 gnum
296 1997 334 2045 ex
353 1978 424 2046 dec.
448 1976 483 2046 S.
501 1976 539 2047 0.
563 1976 704 2047 81111111
727 1973 823 2046 1780
839 1989 872 2048 et
892 1975 924 2045 8.
948 1978 985 2050 d.
1004 1997 1104 2066 nego·

168 2067 298 2139 tiorum
316 2071 654 2154 extraordinariorum
673 2070 727 2140 die
746 2068 889 2159 19111.
910 2067 1105 2143 181111111-

163 2161 271 2243 sione,
291 2185 354 2252 qua
373 2165 496 2234 dietum
520 2178 587 2235 est:
617 2190 630 2232 a
648 2164 917 2254 respondendum
949 2174 1105 2237 oretenus

167 2256 384 2327 matrimonia·
400 2259 498 2329 nrixta
515 2281 575 2348 pro
594 2259 711 2328 validis
730 2257 894 2329 habenda.
914 2280 929 2323 a
951 2253 1105 2327 3111111-

166 2348 248 2438 gia,
280 2371 334 2418 an.
359 2349 475 2435 1815,
500 2365 533 2422 et
557 2354 627 2423 loca
656 2353 779 2423 Terrae
806 2350 944 2423 Sanctae
970 2347 1105 2420 nomine

164 2457 357 2531 nuncupata
374 2497 385 2526 ,
403 2445 523 2517 Ciuitas
544 2445 753 2538 smyrnensis
774 2456 807 2514 et
822 2444 949 2515 Natalia
960 2467 969 2530 ;
993 2442 1029 2513 1ο
1047 2443 1105 2513 de·

166 2557 260 2607 mum
279 2537 444 2608 llioeeesis
471 2540 689 2610 Detroitensie
719 2540 752 2610 in
772 2539 934 2623 Amerina,
958 2559 998 2609 ex
1014 2536 1103 2609 deei-

165 2629 261 2701 sione
282 2630 315 2699 S.
338 2631 378 2701 0.
398 2633 454 2703 die
471 2631 517 2702 86
546 2633 622 2703 lun.
642 2631 760 2716 1818,
787 2655 855 2723 que
872 2631 1019 2704 decrevit
1038 2651 1103 2700 nou

167 2744 242 2794 esse
272 2724 529 2815 inquietandos,
552 2729 609 2817 qui
642 2727 853 2797 matrimonia
893 2726 937 2795 ibi
972 2735 1104 2797 eontra·

166 2818 277 2900 hunt,
298 2840 365 2888 non
384 2832 510 2892 serrata
532 2820 715 2891 Tridentini
730 2821 850 2902 larana,
871 2831 1005 2909 excepto
1026 2817 1104 2889 ciri·

167 2912 245 2983 tatis
267 2912 415 2982 eiusdem
435 2914 580 2983 nominis
599 2914 765 3003 paroecia.
787 2912 878 2983 lbltto
894 2912 949 2981 hie
969 2931 1103 3000 respon·

166 3026 202 3074 sa
225 3005 259 3077 S.
286 3004 325 3075 0.
347 3005 391 3074 18
412 3009 497 3097 Aug.
519 3004 612 3077 1881
640 3019 673 3075 et
691 3004 736 3075 85
756 3005 837 3095 Apo.
857 3002 966 3087 1885,
985 3002 1106 3094 quibus

168 3099 275 3169 valida
297 3100 564 3173 decernebantur
583 3099 797 3171 matrimonia
817 3097 914 3169 mixta
943 3096 1030 3169 inter
1049 3097 1108 3164 aa·

168 3192 277 3263 dictos
292 3193 396 3284 copiis
426 3194 625 3264 militaribus
644 3193 738 3286 regni
760 3192 883 3281 belgici
910 3187 1109 3294 (111111111-

167 3285 219 3354 rio
240 3299 311 3356 tum
332 3288 491 3377 temporis
521 3286 697 3358 aeethelici
714 3284 875 3357 Willelmi
898 3283 936 3374 l)
954 3301 1108 3355 munten-

169 3378 261 3451 tibus
278 3380 348 3449 loca
372 3393 464 3451 extra
482 3380 686 3451 territorium
707 3380 772 3449 iarn
795 3378 900 3468 Belgii
924 3375 1105 3459 foederati,

120 3548 126 3557 ‚
166 3492 233 3541 nou
255 3473 463 3544 obstantibus
483 3473 723 3544 mutationibus
754 3472 820 3543 iam
844 3471 940 3541 lactis
964 3469 1105 3543 urbibus

167 3565 333 3652 finitimis,
355 3589 532 3658 quousque
546 3566 643 3637 aliter
656 3565 718 3635 18.
731 3564 842 3635 Snon
857 3565 1103 3655 disponeretur.
