2642 4175
312 377 379 436 486
584 417 587 424 -
648 392 813 438 mausum

312 489 409 558 Hisce
426 488 472 558 sic
491 490 664 559 enucleate
683 490 873 579 disputatis,
897 504 1001 563 restat
1019 507 1185 581 postremo,

267 595 305 651 ut
323 584 364 651 de
383 582 608 672 sponsalibus,
634 596 668 654 et
696 586 737 652 de
756 586 967 674 separatione
985 586 1071 654 cirili
1092 608 1185 676 pauca

266 675 495 746 subiiciamus.
511 677 558 745 Ad
577 677 742 766 sponsalia
761 679 850 767 qood
864 689 1001 768 spectat,
1023 693 1134 749 notum
1147 692 1188 749 est

267 790 305 837 ea
326 770 454 859 nuptiis
472 771 640 859 praemitti
663 792 729 840 non
751 772 900 861 quidem.
919 784 957 842 ut
971 773 1078 843 valeat
1092 773 1188 845 matri-

267 863 437 946 monium,
471 864 528 932 sed
557 875 595 933 ut
624 864 753 934 cautius
784 876 818 935 et
843 865 1029 935 ordinatius
1050 868 1185 949 ineatur,

268 952 550 1043 ‹puemadmodum
575 959 769 1048 magnitudo
805 959 855 1026 rei
886 959 1023 1029 omnino
1044 961 1186 1050 postulat.

270 1051 388 1120 l'erum
409 1071 447 1119 ex
465 1051 608 1120 lectione
628 1064 693 1120 art.
713 1048 758 1120 53
772 1052 895 1122 codicis
907 1052 987 1121 setis
1004 1053 1130 1122 abundo
1144 1074 1188 1142 pa

269 1155 334 1227 tet,
357 1145 447 1234 quod
467 1145 655 1233 desponsati
677 1145 768 1214 noila
790 1145 830 1213 ad
856 1145 990 1234 nuptias
1010 1145 1189 1216 contraben-

268 1238 326 1306 das
345 1237 547 1326 obligatione
565 1238 809 1322 devinciuntur,
827 1238 895 1308 sive
911 1238 1117 1330 simplicibus
1128 1259 1188 1308 rer·

268 1330 330 1414 bis,
350 1331 416 1400 sive
430 1331 563 1420 publico
583 1331 818 1415 instrumento,
838 1332 906 1401 sive
927 1335 1054 1421 privata
1068 1353 1189 1424 syngra-

268 1422 345 1511 pha,
369 1424 517 1494 animum
538 1446 637 1494 suum
656 1426 892 1514 expresserint.
917 1424 1032 1494 Solum
1049 1428 1100 1495 lex
1119 1427 1187 1506 vult,

268 1517 390 1607 utqui
420 1517 545 1607 scripto
577 1518 829 1587 matrimonium
856 1519 1034 1606 promisit,
1067 1520 1094 1588 si
1124 1537 1187 1587 eum

269 1610 447 1696 poeniteat,
469 1610 607 1695 debeat,
634 1635 649 1678 r
672 1613 826 1681 risorcire
852 1613 873 1679 ι’
889 1613 980 1681 citro
1009 1622 1102 1703 porta
1119 1612 1190 1680 delle

266 1723 355 1791 spese
371 1704 472 1790 salte,
491 1725 552 1792 per
571 1724 673 1773 conso
705 1706 758 1773 dcl
772 1726 937 1795 promesso
955 1707 1187 1775 matrimonio»

268 1806 335 1864 art.
352 1794 411 1865 54.
432 1797 521 1867 Haec
540 1797 625 1866 iuris
644 1798 818 1888 dispositio
839 1799 1035 1888 opponitur,
1054 1811 1090 1868 ut
1113 1799 1188 1887 quis

268 1909 333 1977 que
356 1889 454 1974 videt,
474 1890 541 1960 iuri
562 1892 747 1976 canonico,
770 1893 858 1981 quod
880 1892 948 1961 vult
969 1892 1190 1981 promissiones

270 1981 464 2072 nuptiarum
484 1994 572 2053 ratas
589 1996 622 2053 et
641 1985 754 2053 firmas
768 2006 852 2068 esse,
874 1995 907 2054 et
919 2006 992 2054 non
1006 1987 1119 2055 suadet
1131 2003 1188 2050 no·

270 2075 330 2160 dc,
366 2075 421 2150 scd
443 2077 543 2148 minis
564 2079 664 2149 etiam
687 2089 807 2168 urget,
828 2091 866 2148 ut
898 2079 1106 2169 sponsalibus
1122 2074 1190 2147 satis

269 2169 345 2252 fiat,
366 2171 445 2262 quia
465 2172 551 2241 nihil
571 2182 637 2241 tarn
659 2171 736 2240 fidei
757 2173 923 2242 humanae
944 2180 1188 2263 congerrones,

267 2284 368 2351 quam
388 2277 426 2334 ιιι
453 2278 546 2355 pactu
571 2277 746 2335 serventur
771 2278 805 2337 et
837 2266 1056 2356 impleantur.
1076 2267 1110 2336 ln
1127 2265 1188 2333 iure

267 2369 440 2445 praeterea
461 2358 630 2440 canonico,
650 2379 687 2427 ex
704 2359 914 2448 sponsalibus
931 2360 997 2430 rite
1013 2360 1116 2441 factis,
1136 2358 1187 2424 im*-

269 2449 494 2536 pedimentum
517 2451 687 2540 exsurgit,
714 2453 803 2541 quod
837 2452 991 2542 publicae
1025 2448 1188 2522 honestatis

268 2541 403 2612 dicitur.
423 2543 592 2615 Parochus
605 2545 732 2633 itaque,
755 2545 811 2615 uhi
827 2566 922 2615 casus
938 2557 1100 2627 occurrat,
1120 2561 1186 2633 prae

190 2661 196 2670 ·
267 2635 373 2702 oculis
389 2636 510 2707 babeat
528 2659 567 2706 ca
586 2638 710 2720 omnia,
731 2660 817 2728 quse
829 2640 869 2708 de
887 2638 950 2709 hoc
966 2639 1187 2729 impedimento

268 2728 420 2799 doctores
452 2730 656 2820 loquuntur,
679 2733 848 2822 simulque
868 2744 994 2803 ruente
1018 2732 1186 2801 consideret

267 2841 380 2890 rerum
403 2844 441 2892 ac
461 2824 786 2894 circumstantiarum
806 2825 985 2908 adiuncta,
1005 2846 1043 2895 ex
1066 2822 1183 2914 quibus,

267 2914 355 2984 sacili
378 2917 519 2998 ratione,
536 2938 672 2987 normas
693 2918 829 2988 haurire
857 2919 1003 3009 poterit,
1025 2918 1140 3009 quibus
1155 2912 1183 2979 in

267 3019 335 3078 tarn
366 3010 516 3100 trepida,
549 3031 587 3082 ac
613 3011 695 3081 tanti
721 3012 881 3083 momenti
909 3033 946 3082 re
978 3024 1048 3081 tuto
1079 3007 1184 3094 dirigat

267 3121 352 3173 sese.
838 3155 841 3162 .

314 3196 624 3286 Adssparationem
646 3198 735 3287 quod
757 3197 891 3282 attinet,
913 3209 1039 3267 certum
1060 3205 1105 3264 est
1120 3208 1182 3262 ean
1214 3255 1217 3258 .

268 3289 394 3379 porrigi
407 3302 535 3360 tanturn
550 3291 591 3359 ad
604 3290 884 3364 cohabitationem
893 3302 935 3361 et
953 3291 1050 3372 bona,
1069 3303 1181 3387 excato:

266 3382 312 3450 sis
331 3403 348 3450 a
369 3383 443 3472 lege
462 3383 631 3467 delinitis,
654 3385 752 3453 firmo
774 3395 967 3453 remanente
996 3380 1180 3452 matrimonii

266 3472 373 3543 civilis
390 3477 536 3547 vinculo.
556 3478 737 3548 bisontium
756 3498 914 3568 namque,
941 3496 1007 3566 quo
1029 3471 1180 3543 matrimo-

268 3566 360 3635 nium
381 3568 475 3640 civile
494 3572 633 3642 solvitur
657 3572 767 3661 quoad
788 3570 981 3652 vinculum,
1001 3569 1044 3639 ita
1065 3576 1100 3635 ut
1114 3579 1182 3632 ooo·
