2642 4175
481 352 642 402 urrunnun
659 356 682 400 1.
936 348 1001 405 467

119 476 273 548 presence
292 457 329 524 di
360 463 490 545 quettro
508 454 683 521 testimoni
700 457 832 544 seperire
863 457 897 525 lu
916 454 1053 530 medra-

122 555 212 623 zc‘onc
248 550 300 618 dcl
323 549 531 618 matrimonio
552 570 566 612 r
587 559 650 616 art.
671 546 729 616 97.
757 549 901 622 Ulterius
919 575 1052 623 rusure-

124 648 196 715 uire
234 644 412 733 aliquando
442 652 571 732 potest,
597 652 656 724 ut,
686 643 818 712 attentis
849 647 1051 731 gravissimis

124 737 391 821 circumstantiis,
409 735 560 805 minister
573 745 661 803 extra
674 736 781 804 locum
796 738 1050 810 determinatum

127 831 376 901 matrimonium
392 829 625 899 celebrandum
647 850 718 898 esse
735 831 908 915 decernat;
931 855 997 922 quo
1017 835 1052 904 iu

124 948 214 1010 casu,
237 925 316 1014 quid
336 925 530 993 servandum
545 922 598 1005 sit,
622 933 659 991 ut
679 926 902 1014 praesumptio
920 928 1051 996 clande-

122 1020 280 1090 stinitatis
300 1018 441 1088 elidatur
460 1038 497 1085 ae
513 1018 715 1100 destruatur,
739 1019 871 1107 exponit
889 1019 961 1088 fuse
975 1021 1054 1089 llat-

27 1172 28 1193 ,
126 1129 201 1183 teau
224 1125 246 1181 t.
271 1110 302 1193 7,
319 1132 348 1179 o.
370 1109 404 1194 lt,
426 1110 491 1200 gl,
514 1131 550 1177 n.
579 1106 636 1176 l8.
659 1110 759 1192 llaec,
795 1132 880 1199 quae
898 1113 1051 1197 diximus,

27 1242 28 1297 3
125 1208 166 1278 ad
186 1208 307 1274 lactum
328 1205 506 1294 pertinent.
527 1204 621 1272 Nunc
640 1203 680 1270 de
700 1203 774 1272 iure
795 1205 969 1274 ridendum
991 1220 1054 1277 est.

27 1302 29 1307 ’
171 1301 306 1370 Certum
325 1310 374 1367 est
392 1297 541 1366 notitiam
561 1296 669 1380 iuris,
689 1317 727 1365 cx
746 1297 979 1370 iurisdictione¹
993 1301 1056 1369 mi-

126 1394 221 1463 nistri
247 1392 349 1460 civilis
371 1389 510 1472 exoriri3
532 1390 621 1458 uude
639 1390 791 1480 sequitur
806 1393 1066 1463 matrimonium·

127 1489 254 1556 nullum
272 1505 367 1574 posse
380 1484 552 1566 declarari,
576 1482 631 1551 ubi
651 1505 761 1552 coram
783 1486 933 1555 ministro
950 1509 966 1555 a
982 1489 1056 1576 lege

127 1581 306 1650 constituto
327 1578 455 1648 nonsit
473 1577 685 1667 celebratum.
711 1579 782 1648 Non
812 1580 866 1649 hio
886 1581 996 1670 agitur
1016 1583 1057 1651 de

128 1674 317 1744 omnimoda
337 1672 480 1740 ministri
510 1671 681 1755 absentia;
711 1674 793 1742 haec
812 1675 900 1743 euim
921 1676 1058 1765 impedi·

127 1779 276 1837 mentum
292 1766 460 1846 radicitus,
476 1786 534 1833 seu
552 1765 665 1835 stricto
682 1785 793 1850 seusu,
804 1768 963 1837 dirimens
978 1791 1057 1838 con-

128 1862 247 1943 stituit,
270 1859 345 1927 etsi
367 1859 517 1927 minister
532 1858 627 1939 absit,
644 1879 755 1947 neque
766 1861 934 1949 praesides
948 1863 1058 1930 cuius·

128 1975 273 2043 cumque
291 1953 469 2023 tribunalis
484 2004 492 2034 ,
515 1972 625 2040 nequa
645 1953 778 2035 notarii,
795 1974 904 2042 neque
918 1955 972 2021 alii
987 1956 1059 2022 eius
1080 2003 1084 2006 Δ

129 2050 214 2118 vices
237 2068 354 2137 gerere
369 2056 518 2137 possunt.
535 2044 643 2114 Posito
658 2043 782 2134 itaque,
800 2047 887 2136 quod
909 2046 1060 2116 minister

27 2147 28 2152 ’
130 2143 240 2213 cilicio
260 2142 407 2229 legitime
425 2140 601 2225 fungatur,
624 2139 688 2206 hoc
707 2152 768 2222 est,
787 2142 874 2230 quod
892 2162 1007 2230 reapse
1024 2163 1061 2209 ac

129 2232 571 2310 ueremiuistersitiuridice
585 2232 1061 2324 deputatus‚etiusuperprae·

132 2352 207 2400 sens
225 2329 312 2399 actui
333 2327 460 2410 existat,
482 2326 667 2415 quaeritur,
690 2326 769 2415 quid
791 2328 1006 2417 requiratur,
1024 2340 1062 2396 ut

133 2426 203 2513 ipso
224 2424 362 2491 idoneus
382 2420 425 2489 sit
444 2421 483 2489 ad
507 2420 753 2488 matrimonium
781 2422 875 2490 civile
894 2422 957 2490 rite
976 2423 1062 2490 cele·

27 2581 29 2606 ‚
134 2515 443 2597 brandum,seuin
463 2534 606 2602 quonam
635 2514 791 2583 consistat
823 2515 894 2584 eius
928 2515 1062 2586 iurisdi-

27 2663 28 2698 3
137 2612 212 2694 ctio,
237 2621 274 2678 ut
289 2608 499 2678 matrimonio
521 2607 671 2695 legaliter
688 2629 839 2697 praeesse
857 2610 980 2698 possit‘l
1005 2610 1064 2679 lle·

27 2711 28 2730 ¹
138 2703 273 2794 sponsio
289 2702 381 2771 obvia
411 2712 460 2769 est
479 2720 517 2769 ac
535 2700 639 2769 lacilis
657 2722 695 2770 ex
715 2714 777 2770 art.
800 2701 844 2771 93
865 2703 929 2771 iam
949 2704 1060 2772 citato.

136 2796 268 2868 Etenim
282 2793 464 2864 iurisdictio
478 2793 584 2862 oritur
604 2815 642 2861 ex
655 2795 834 2877 domicilio,
848 2807 904 2863 aut
924 2817 1065 2864 commo·

137 2886 1066 2974 ratiouealteriussaltemconiugisinloco,ubimiuister
1145 2883 1151 2896 '

138 2987 316 3073 deputatus
337 2993 399 3051 est.
418 2980 449 3048 st
467 2981 578 3068 itaque
594 2981 706 3048 nullus
726 3002 764 3048 ex
783 2981 911 3069 sponsis
926 3001 988 3049 nec
1006 2982 1066 3048 do-

139 3077 315 3157 micilium,
332 3095 394 3144 nee
413 3093 539 3142 moram
559 3073 678 3141 habeat
698 3072 732 3142 in
751 3075 842 3157 loco,
865 3073 899 3142 in
916 3094 985 3163 'quo
1005 3073 1068 3141 mi·

139 3172 245 3240 nister
264 3191 324 3239 suo
344 3168 495 3257 iungitur
515 3166 641 3249 officio,
664 3166 751 3235 iuxta
770 3168 968 3238 seutentiam
995 3166 1068 3255 plu·

140 3264 227 3333 rium
243 3264 428 3345 doctorum,
447 3261 720 3349 impedimentum
737 3261 896 3330 dirimens
915 3260 1066 3344 habetur,

140 3363 317 3447 propterea
338 3356 425 3445 quod
448 3354 631 3424 iurisdictio
657 3356 739 3423 adeo
773 3376 836 3423 una
869 3376 907 3423 ao
932 3354 1068 3424 indivisa

141 3463 202 3533 est,
225 3462 263 3519 ut
281 3450 420 3538 dispesci
437 3461 592 3537 nequeat,
614 3467 676 3516 nec
695 3449 771 3537 plus
802 3469 840 3517 ae
872 3450 982 3518 mentes
1001 3450 1069 3517 ullo

141 3546 240 3615 modo
261 3544 424 3613 admittat.
447 3542 509 3610 Alii
530 3542 759 3611 autemaliter
777 3542 949 3627 sentiunt,
972 3554 1073 3631 atque
