2642 4175
509 340 780 384 snsronsamsus
1024 330 1065 386 67

170 459 211 507 ex
230 437 308 505 iore
329 436 468 525 positivo
490 457 526 505 ea
548 437 706 524 obligatio
725 438 955 528 exstinguatur
975 460 1035 529 per
1059 462 1114 510 so·

171 531 239 599 lam
259 530 514 620 professionem,
533 541 704 619 tamquam
722 553 783 620 per
801 543 942 603 mortem
961 533 1114 622 spiritua·

171 626 251 693 lem:
273 624 398 711 religio
418 624 507 692 enim
528 637 579 693 est
609 625 772 712 quaedam
795 647 883 695 mors
902 627 1109 717 spiritualis,

173 739 239 807 qua
261 717 383 806 aliquis
401 717 536 785 saeculo
555 718 703 786 moriens
720 718 797 786 vivit
817 719 896 788 Oeo.
932 720 1036 789 Nemo
1053 742 1113 790 au·

174 823 240 879 tem
264 835 279 877 r
304 810 505 899 intelligitur
522 823 675 880 mortuns
707 812 838 881 saeculo
858 833 918 902 per
940 814 1112 902 religionis

174 903 375 992 ingressum,
399 912 578 994 quousque¹
593 904 832 995 professionem
853 906 1013 990 emiserit,
1034 931 1049 972 o
1067 908 1113 977 ait

175 996 210 1065 S.
228 997 375 1066 Thomas
394 998 428 1065 in
452 999 562 1088 suppl.
591 996 614 1067 3
634 1021 666 1088 p.
690 1009 818 1087 quaest.
841 997 881 1067 ot
907 1021 937 1068 a.
972 997 994 1067 3
1015 1001 1054 1068 ad
1076 1004 1111 1067 2.

173 1091 220 1158 Ea
240 1102 354 1160 autem
375 1091 520 1161 conditio
554 1116 568 1158 a
589 1091 653 1160 nisi
676 1112 728 1160 me
747 1092 833 1160 Deus
854 1093 893 1160 ad
915 1091 1112 1181 religiosum

174 1196 297 1253 statum
320 1184 497 1273 elegerit»
520 1185 561 1253 ad
587 1206 664 1254 eom
691 1184 867 1273 religiosae
885 1185 971 1254 vitae
989 1197 1112 1255 statum

176 1279 349 1366 pertinet,
372 1277 428 1368 qui
448 1289 630 1368 perpetuus
650 1277 716 1362 sit,
740 1280 849 1367 qualis
868 1300 935 1347 non
956 1291 1006 1348 est
1024 1289 1114 1347 uerte

174 1371 314 1461 quidem
335 1372 507 1460 ingressus
527 1371 561 1440 in
581 1371 790 1460 religionem,
813 1384 846 1442 et
865 1372 1048 1463 assumptio
1065 1392 1116 1441 re·

175 1465 317 1553 ligiosae
337 1465 452 1549 vestis,
473 1485 559 1555 quae
579 1477 711 1555 postera
731 1466 785 1535 die
804 1466 925 1536 dimitti
946 1477 1064 1556 potest.

603 1703 620 1792 s
639 1701 698 1770 ss.

258 1860 305 1914 Ito
322 1856 527 1914 dissolutione
545 1857 584 1913 ob
599 1856 849 1926 impedimentum
868 1856 1031 1913 dirimens.

225 2034 371 2125 Septima
392 2056 488 2104 causa
510 2032 656 2104 solvendi
677 2033 842 2123 sponsalia
861 2047 933 2116 est,
957 2034 983 2103 si
1006 2033 1113 2123 impe·

178 2129 365 2198 dimentum
381 2129 553 2211 dirimens,
576 2150 626 2197 ex.
648 2148 701 2216 gr.
724 2127 903 2204 affinitatis,
919 2126 1052 2194 Ordinis
1070 2148 1119 2194 sa·

178 2224 241 2304 eri,
261 2222 470 2312 sponsalibus
490 2221 594 2304 initis,
614 2221 835 2310 superveniat,
858 2221 908 2288 vel
929 2220 1114 2307 detegatur.

179 2317 276 2385 'luno
292 2317 380 2385 enim
401 2316 651 2385 matrimonium
673 2314 781 2384 eradit
800 2313 1030 2403 impossibile;
1054 2313 1119 2380 im-

178 2409 387 2500 possibilium
407 2410 595 2478 veronulla
615 2420 665 2478 est
685 2407 857 2497 obligatio.
879 2407 1036 2477 Consulto
1057 2428 1117 2475 au·

179 2517 247 2572 tem
266 2503 433 2592 susceptio
450 2501 583 2572 Ordinis
603 2502 700 2587 sacri,
716 2523 802 2592 quae
820 2500 985 2591 sponsalia
1002 2521 1120 2590 sequa·

179 2608 247 2679 tur,
268 2597 332 2665 hoo
359 2599 432 2664 loeo
452 2596 614 2665 recensita
634 2608 707 2678 est,
731 2595 820 2686 quia,
839 2595 1021 2665 seeundum
1042 2615 1119 2663 sen·

180 2690 319 2759 tentiam
356 2689 632 2779 probabiliorem,
655 2688 742 2759 Ordo
778 2710 870 2759 sacer
907 2688 1117 2777 sponsalibus

181 2785 421 2873 superveniens
440 2804 507 2852 nou
529 2803 565 2852 ea
586 2783 713 2852 dirimit
733 2804 771 2852 ex
791 2783 1006 2871 dispositione
1026 2781 1119 2861 iuris,

181 2878 240 2946 sed
262 2878 392 2947 ratione
411 2877 652 2965 impedimenti,
671 2898 737 2967 quo
758 2876 930 2946 ordinatus
952 2875 989 2942 stt
1007 2894 1122 2963 perpe-

183 2982 240 3039 tuo
271 2971 429 3039 inhabilis
464 2970 675 3039 matrimonio
710 2971 948 3039 contrahendo.
969 2968 1050 3037 Nam
1083 2988 1122 3036 ex

184 3064 268 3132 iuris
285 3063 501 3152 dispositione
516 3064 726 3153 sponsalibus
744 3064 830 3132 inest
849 3063 946 3132 tacita
961 3060 1119 3129 conditio:

186 3180 201 3223 r
223 3158 286 3227 nisi
309 3157 504 3245 religiosum
524 3169 646 3227 statum
665 3159 811 3245 elegero.
838 3180 853 3221 tt
875 3159 915 3223 tt
935 3154 1027 3221 nullo
1049 3153 1122 3221 iure

185 3251 347 3339 probatur
375 3251 582 3340 sponsalibus
605 3252 706 3321 etiam
726 3251 835 3319 inesse
856 3249 942 3316 hano
961 3244 1123 3315 conditio·

97 3342 104 3348 “
186 3364 274 3412 nem:
301 3369 315 3410 r
340 3345 406 3412 nisi
427 3342 582 3413 Ordinem
603 3365 732 3414 sacrum
751 3363 941 3432 suscepero.
961 3363 975 3405 l
995 3339 1039 3407 llx
1056 3361 1122 3428 quo

188 3450 275 3507 reete
308 3437 462 3507 insertur»
480 3459 636 3527 sponsum
656 3491 664 3522 ,
687 3438 745 3527 qui
766 3436 866 3505 invita
888 3456 1006 3526 sponsa
1030 3454 1124 3500 sacro
1200 3502 1203 3507 ,

188 3527 300 3600 Ordini
328 3531 480 3602 initiatus
501 3544 573 3617 est,
609 3532 687 3601 dum
709 3552 776 3600 non
796 3531 860 3599 rite
880 3551 898 3598 a
919 3524 1127 3619 sponsalium
