2642 4175
267 383 311 442 20
638 395 740 443 earm
757 396 780 442 1.

219 493 422 586 desumptis,
439 514 490 564 ex*
509 493 783 564 antecedentibus
814 494 1096 585 deprehendetur.
1120 498 1155 569 Si

221 590 312 660 enirn
331 591 373 659 de
389 589 600 660 Matrimouio
620 587 779 657 intereos
792 589 1018 660 contrahendo
1036 602 1156 663 nacu-

219 684 330 768 batur,
345 683 558 753 manifestum
579 692 630 752 est
645 680 900 771 promissionem
916 704 984 753 uon
998 704 1071 754 esse
1084 707 1158 775 gre·

220 776 364 860 tuitenu3
383 776 411 846 si
431 786 542 845 eutem
563 775 605 844 de
624 773 689 843 hoc
706 775 897 846 nullatenus
926 797 1037 847 scruto
1068 794 1154 863 erat,

220 871 280 941 sad
295 871 337 941 ob
350 869 487 959 aliquod
502 868 705 939 beneficium
721 882 907 960 acceptum,
920 871 1015 961 quasi
1029 891 1066 940 sa
1077 892 1156 961 gru·
1214 915 1219 924 ·

219 977 291 1035 tom
313 962 495 1046 exbibens,
518 962 695 1052 promisit,
717 976 872 1033 censetur
892 983 931 1033 ex
951 964 1156 1053 gratitudine

220 1078 260 1128 ac
278 1056 507 1127 benovolentia
539 1056 755 1145 promisisse,
777 1068 811 1126 et
829 1076 896 1126 non
929 1079 989 1148 per
1019 1060 1154 1129 modum

220 1161 408 1222 contractus
439 1150 637 1240 respectiri:
667 1149 828 1219 indubio
858 1164 970 1221 autern
1001 1166 1157 1223 censuur

219 1245 308 1314 iuxta
328 1243 532 1335 sponsalium
551 1255 717 1325 naturam,
735 1257 887 1333 quaeest
906 1256 945 1316 ut
964 1246 1008 1314 sit
1024 1258 1156 1315 coutro-

220 1351 293 1410 otus
312 1350 446 1407 mutuus
464 1349 498 1406 et
518 1337 732 1426 respectivus,
755 1338 964 1427 promittere3
987 1361 1092 1430 quare
1105 1343 1156 1410 ai·

219 1443 293 1502 tero
313 1452 381 1501 uon
398 1430 661 1520 repromittente,
681 1431 819 1500 minime
839 1432 1021 1502 tenebitur.
1043 1456 1057 1499 r

656 1657 727 1749 57.

333 1813 378 1870 lte
396 1813 526 1870 externo
545 1813 794 1871 manifestatione
815 1812 1044 1885 prontsstonts.

267 1990 387 2072 Quinto
409 1993 539 2061 tandem
561 1992 765 2082 requiritur,
787 2004 824 2061 ut
843 1988 1019 2082 promissio
1050 1991 1156 2060 futuri

222 2084 422 2154 Matrimonii
441 2086 485 2156 sit
502 2099 648 2165 externa,
665 2087 816 2156 videlicet
831 2100 868 2155 ut
887 2108 975 2163 voce,
996 2096 1054 2153 aut
1072 2085 1155 2154 scri·

220 2190 288 2269 pto,
309 2193 365 2249 aut
386 2180 459 2249 eiiis
479 2181 622 2249 externis
642 2181 747 2268 signis
767 2181 978 2270 proseratur,
1008 2200 1084 2246 cum
1104 2179 1157 2247 in·

221 2274 326 2342 tentio
348 2286 458 2342 rneute
478 2286 605 2343 retenta
627 2275 711 2342 nihii
741 2275 773 2343 io
806 2274 959 2342 humenis
979 2272 1157 2341 contracti-

220 2365 283 2434 bus
302 2377 470 2455 operetur,
490 2368 525 2434 L.
549 2368 621 2436 Con
640 2387 674 2434 rn
691 2386 817 2435 aeones
836 2367 892 2450 60,
913 2368 942 2456 ἓ.
962 2367 1097 2434 Locutor
1116 2365 1155 2430 ff.

220 2458 343 2528 Locati.
365 2460 480 2549 ltaque
501 2463 736 2530 contrahendis
767 2462 977 2549 sponsalibus
1010 2461 1155 2546 impares

220 2565 299 2621 sont
316 2554 397 2635 visu,
419 2554 545 2636 auditu,
566 2569 600 2623 et
618 2555 750 2643 loquela
770 2555 931 2636 destituti,
954 2554 1012 2644 qui
1033 2571 1154 2640 nernpe

220 2646 320 2715 siroui
340 2648 442 2732 muti,
465 2649 580 2730 surdi,
603 2661 636 2717 et
654 2650 743 2717 caeci
763 2660 859 2718 sunt:
882 2649 933 2717 isti
955 2667 1064 2735 oeque
1082 2665 1156 2714 vec·

97 2790 100 2795 ,
221 2738 296 2822 bis,
319 2762 429 2831 neque
462 2742 566 2829 signis
597 2754 735 2831 possunt
766 2743 839 2811 iuro
872 2755 905 2811 ct
936 2737 1156 2827 obligationes

223 2836 425 2923 sponsalium
446 2836 601 2918 edoceri,
623 2857 733 2925 neque
750 2837 860 2905 valent
891 2847 948 2904 aut
981 2832 1155 2922 proprium

221 2948 417 2997 consensum
441 2929 584 2998 exterius
604 2930 817 3018 significare,
841 2941 899 2997 aut
917 2928 1055 2997 alterius
1075 2946 1155 2993 con-

220 3040 353 3090 sensum
378 3023 580 3091 sufficieoter
600 3025 770 3114 percipere
788 3035 821 3092 et
837 3033 1021 3110 acceptare.
1034 3010 1155 3088 Contio

222 3125 333 3185 autem
353 3128 465 3184 mutus
484 3117 533 3185 vel
553 3117 673 3186 surdus
692 3130 835 3199 tanturn,
852 3115 1025 3185 autetiam
1042 3123 1157 3181 mutus

220 3207 319 3277 simul
342 3221 375 3278 et
392 3210 513 3279 surdus
530 3211 634 3278 valide
654 3210 820 3279 contrahit
836 3209 999 3300 sponsalia
1019 3208 1070 3275 vel
1090 3205 1157 3274 Ma·

221 3302 429 3386 trimoniurn,
450 3325 524 3372 cum
543 3305 628 3393 quod
645 3306 750 3373 uerbis
769 3325 834 3373 uon
846 3311 962 3394 petest,
977 3301 1083 3389 εἰρηῐε
1100 3320 1157 3365 ou·

222 3393 288 3462 leet
307 3396 493 3476 delerare,
516 3411 552 3467 ut
579 3398 688 3487 inquit
713 3397 861 3467 Pontifex
880 3419 954 3487 cap.
975 3396 1048 3464 Con
1065 3410 1172 3459 sonu,

219 3485 277 3567 23,
296 3488 359 3557 boe
379 3489 431 3558 tit.
451 3491 645 3580 Disputatur
673 3505 805 3570 autern,
826 3513 907 3559 oum
925 3487 1093 3558 silentium
1114 3485 1154 3552 ad

216 3582 347 3652 oblatas
366 3584 427 3653 sibi
448 3586 581 3674 nuptias
611 3586 814 3655 sufficienter
834 3584 996 3675 exprimat
1016 3599 1155 3649 consen·
