2642 4175
476 335 520 381 un
543 333 756 383 seonsnmeus
993 326 1035 383 ts

147 430 191 501 18
216 430 326 501 llartii
358 431 508 501 eiusdem
530 433 608 501 anni
628 434 819 517 eelebrata,
839 446 873 506 et
889 434 992 507 biduo
1012 449 1087 526 post

145 525 343 596 confirmata
364 535 436 594 tum
460 525 680 595 iurisiurandi
710 528 897 616 religione,
919 541 989 600 tum
1007 550 1085 620 pro·

147 619 321 700 missione,
347 639 433 707 quae
451 618 557 708 priori
577 619 801 710 chirographo
821 623 956 705 deerat,
979 623 1085 712 impe·

146 713 287 782 trandae
299 711 570 802 dispensationis,
585 713 636 781 vir
649 734 724 781 enm
739 714 802 783 alia
819 716 979 785 contraxit
991 737 1087 805 spon·

146 807 241 877 salia.
260 806 360 875 Prior
379 825 500 893 sponsa
513 806 742 896 promissionis
760 811 1014 897 exequutionem
1027 809 1086 878 ed·

147 901 301 989 urgebat,
324 919 363 969 eo
378 900 429 968 vel
449 900 567 988 magis,
590 900 679 989 quod
699 900 826 969 veniam
847 899 913 971 aS.
934 902 1018 973 Sede
1031 902 1087 971 ot

148 992 519 1080 tentampmeterehat.
537 992 710 1083 Proposito
730 994 843 1079 dubio,
865 1015 907 1064 au
922 994 1086 1086 sponsalia

148 1086 401 1167 sustineantur,
424 1084 457 1154 S.
481 1086 515 1155 C.
539 1086 575 1156 c.
596 1087 778 1176 reposuit«
796 1088 947 1176 negative
967 1099 1001 1155 et
1017 1108 1087 1155 am·

148 1180 248 1268 plius.
276 1178 399 1247 ›Huie
417 1178 536 1248 similis
561 1191 612 1249 est
628 1180 748 1268 triplex
777 1180 926 1250 eiusdem
951 1180 1086 1263 decisio,

147 1293 207 1342 seu
237 1272 363 1363 Sypon.
384 1272 486 1341 resol.
514 1293 625 1362 spons.
651 1270 764 1342 utlaii
778 1271 881 1358 1857,
897 1274 1084 1344 Milevitana

148 1365 194 1433 dd
210 1366 298 1435 Feb.
319 1362 432 1448 1862,
455 1378 488 1435 et
507 1365 735 1436 Bonaventura
758 1367 881 1457 imped.
905 1366 1022 1457 Spons.
1043 1364 1088 1434 ut

148 1460 220 1529 lan.
242 1455 352 1540 1863,
376 1459 433 1526 ubi
455 1460 606 1529 eamdem
628 1460 857 1549 quaestionem
884 1462 1087 1549 propositam

150 1574 246 1634 esse,
266 1552 452 1641 eodemque
471 1573 569 1621 sensu
591 1555 772 1623 resolutam
798 1554 964 1623 affirmare
984 1553 1104 1643 iidem,

150 1658 305 1716 auotores
324 1665 391 1714 non
410 1645 642 1736 reformidant,

196 1739 320 1809 Verum
352 1738 436 1807 haee
460 1739 658 1809 documenta
679 1760 746 1809 uon
773 1739 855 1810 adeo
877 1752 1089 1811 momentosa

152 1844 246 1915 sunt,
267 1843 306 1900 ut
325 1830 531 1922 impedienti,
551 1832 731 1922 quominus
750 1835 868 1903 tertiae
900 1833 1089 1904 sententiae

154 1926 409 2014 adstipulemur.
431 1926 561 1995 Etenim
578 1926 762 1995 decisiones
779 1928 898 1996 allatae
915 1926 1018 1995 dubio
1035 1947 1090 1996 re·

153 2020 331 2109 spondent:
357 2043 371 2084 ι
395 2020 445 2087 An
463 2019 628 2109 sponsalia
650 2019 686 2087 in
706 2040 784 2089 casu
804 2019 1087 2089 sustineantor‘lr

153 2113 258 2183 Porro
274 2111 364 2182 aliud
386 2127 436 2182 est
454 2113 651 2202 inquirere,
678 2134 721 2181 an
745 2112 911 2201 sponsalis
930 2113 991 2181 sub
1010 2133 1090 2181 oon-

154 2207 293 2288 ditioue‚
316 2206 343 2274 si
362 2207 450 2295 Papa
471 2208 723 2296 dispensaverit,
744 2206 832 2274 licita
854 2204 931 2287 sint,
954 2216 987 2273 et
1006 2205 1091 2273 obli-

152 2301 322 2388 gationem
338 2299 522 2369 absolutam
538 2300 572 2367 in
588 2320 623 2369 se
637 2299 796 2369 inducant
807 2297 941 2389 petendi
955 2297 1089 2387 dispeu-

135 2418 140 2427 ·
153 2394 331 2475 sationem,
342 2404 375 2462 et
388 2393 598 2482 exspectandi
611 2392 810 2463 conditionis
824 2403 991 2476 eventum;
1000 2391 1090 2462 aliud

154 2499 204 2557 est
222 2505 396 2576 quaerere,
414 2507 456 2555 en
476 2487 641 2576 sponsalia
663 2487 900 2557 sustineantur.
921 2484 1019 2554 Aliud
1040 2499 1090 2556 est

156 2579 271 2649 dioere
284 2580 448 2668 sponsalia
462 2581 554 2648 nulle
576 2580 814 2660 essentiales
828 2600 896 2649 non
915 2578 1086 2649 sustineri.

154 2672 247 2742 Haeo
267 2673 333 2742 duo
346 2672 440 2742 valde
454 2672 595 2756 diversa,
614 2694 652 2743 ae
664 2674 830 2763 disparata
843 2672 930 2742 inter
947 2693 983 2741 se
996 2683 1086 2742 suut.

150 2766 191 2836 ln
213 2765 319 2856 priori
339 2786 416 2835 easn
438 2765 551 2854 agitur
585 2768 626 2836 de
646 2767 841 2856 quaestione
859 2764 955 2848 iuris,
971 2766 1088 2837 sende

154 2858 337 2929 intrinseco
361 2859 566 2947 sponsalium
578 2860 702 2943 valore;
722 2860 919 2929 insecundo
939 2858 1090 2947 quaestio

154 2952 230 3021 laeti
259 2951 471 3042 proponitur,
493 2974 550 3022 seu
573 2954 613 3023 do
634 2953 753 3041 agendi
773 2952 871 3022 modo
893 2951 1087 3040 inquiritur,

154 3046 211 3135 qui
237 3068 256 3115 a
284 3045 436 3135 pluribus
470 3066 584 3115 rerum
619 3046 782 3115 adiunctis
816 3046 993 3135 dependet.
1028 3043 1091 3114 Ubi

153 3139 347 3209 decernitur
365 3140 531 3227 sponsalia
550 3160 617 3208 non
638 3160 712 3209 esse
729 3138 838 3220 licita,
860 3158 966 3227 prono
985 3136 1089 3220 alveo,

154 3253 191 3300 ae
206 3232 360 3322 legitima
382 3233 644 3322 consequntione
665 3231 836 3302 deseendit
865 3250 904 3300 ee
934 3249 1003 3298 nou
1033 3250 1091 3298 su·

151 3326 283 3398 stineri.
316 3325 440 3394 Verum
466 3339 624 3396 econtra
655 3326 713 3394 nbi
749 3322 907 3394 statuitur
926 3324 1092 3413 sponsalia

149 3442 215 3492 non
245 3417 428 3502 sustineri,
449 3439 516 3488 non
546 3419 624 3488 inde
656 3419 800 3488 iulertur
823 3436 886 3484 nee
913 3416 1002 3486 licita
1023 3417 1092 3486 ullo

146 3518 247 3587 modo
266 3535 309 3586 ea
332 3531 406 3581 esse
425 3524 483 3582 ont
500 3513 617 3595 ualida,
640 3509 910 3601 quandoquidem
928 3510 1006 3578 lieet
1018 3528 1094 3576 con·
