2642 4175
243 406 307 466 161
580 420 681 467 earm
699 420 747 466 111.

193 519 412 612 argumentis,
426 531 498 589 tum
518 517 656 590 Sanctae
675 517 769 589 Sedis
784 518 921 603 iudicio,
937 534 970 590 et
984 523 1131 593 auctari-

193 627 262 686 tate
286 613 382 684 inniti
402 611 543 682 videtur.
566 615 770 703 Argumenta
785 634 886 702 porro
906 616 1132 687 desumuntur
1186 621 1194 637 ²

195 731 234 779 er
246 730 298 792 1ο,
316 706 405 798 quud
420 705 567 777 Ecclesia
585 706 862 797 impedimentum
897 709 1084 799 adoptianis
1110 732 1131 780 a
1229 746 1233 752 ·

194 802 281 872 civili
302 804 375 909 lege
395 812 554 871 statutum
581 800 737 884 admisit,
759 821 991 910 quaecumque
1021 815 1130 875 caete-

193 917 269 966 rum
296 896 368 965 eius
392 895 523 978 forma,
536 915 583 963 11
602 893 748 963 conditio
780 906 889 979 esset,
916 896 998 985 quin
1018 898 1125 967 ullum

194 1002 383 1081 respectum
408 988 547 1057 haberet
566 988 607 1058 ad
625 988 717 1070 luca,
740 987 826 1057 nbi
817 1009 870 1058 rus
888 1009 1065 1059 romanum
1085 992 1129 1060 vi·

194 1095 303 1173 geret
323 1083 456 1153 Accedit
475 1084 639 1152 incertum
673 1101 771 1165 esse,
804 1102 847 1151 an
866 1068 1056 1172 imperfecta
1077 1103 1131 1155 re·

194 1197 369 1248 manarum
395 1175 505 1264 adopt
497 1197 528 1243 m
557 1174 833 1264 impedimentum
866 1176 1079 1267 importaret,
1109 1200 1128 1251 e

195 1281 308 1340 eontra
328 1270 458 1338 nullum
480 1279 529 1337 est
548 1268 704 1347 dubium,
725 1268 807 1359 quin
833 1268 1025 1359 imperfecta
1054 1271 1130 1342 ado·

193 1364 263 1453 ptio
278 1383 317 1432 en
339 1362 412 1431 iure
426 1361 512 1431 civili
533 1359 808 1454 impedimentum
822 1362 917 1433 civile
936 1365 1125 1435 constituat.

193 1455 416 1525 anctoritate:
438 1473 535 1538 nam,
559 1476 646 1525 anne
660 1441 759 1524 1816
785 1455 934 1525 Viearins
960 1455 1130 1530 Generalis

194 1547 452 1619 Petrocoriensis
476 1547 742 1618 hncdubiumS
757 1547 1034 1622 Paenitentiariae
1056 1552 1130 1621 l'ri·

192 1642 307 1712 hunali
320 1640 503 1733 proposuit
518 1641 648 1713 «Cum
638 1664 673 1711 m
687 1663 792 1731 regne
805 1642 928 1713 Galliae
942 1646 1129 1735 adeptionis

193 1736 247 1806 ins
262 1737 360 1806 mode
374 1735 526 1825 legaliter
542 1736 585 1805 sit
597 1747 783 1826 receptum,
790 1740 963 1827 quaeritur
977 1759 1018 1809 an
1032 1760 1128 1809 cano·

192 1829 305 1898 uicum
326 1829 602 1934 impedimentum
626 1829 814 1919 adoptionis
840 1830 999 1901 dirimens
1018 1834 1126 1902 locum

175 1921 292 1992 'etiam
313 1908 436 1993 hahere
468 1922 628 1993 debetis
654 1922 896 2012 Responsumf
895 1923 965 1994 nit:
992 1920 1127 1995 «Affir-

192 2016 333 2101 matire,
356 2017 383 2085 si
414 2036 467 2085 res
499 2016 542 2089 sit
568 2017 608 2085 de
630 2016 806 2107 adoptione
826 2017 1004 2126 legitime
996 2018 1088 2091 mita
1109 2045 1124 2087 1

192 2110 307 2202 ltaque
325 2132 400 2181 cnm
421 2131 520 2181 nemo
538 2111 686 2202 prudens
705 2111 843 2193 nesciat,
865 2112 901 2181 in
920 2111 1032 2184 Galliis
1052 2116 1129 2185 adn-

189 2204 336 2294 plionem
361 2215 487 2274 tantum
507 2205 734 2293 imperfectam
758 2204 832 2276 iure
853 2217 1019 2295 receptam
1040 2228 1124 2293 esse,

191 2298 322 2388 (eadem
339 2298 373 2367 in
390 2297 483 2368 ltalia
497 2299 606 2367 salum
622 2298 724 2388 viget)
739 2298 804 2367 iam
817 2300 992 2369 manifesto
1006 2300 1123 2391 liquet,

191 2412 230 2460 en
250 2412 300 2461 ea
307 2391 588 2499 impedimentum
605 2392 801 2462 canonicum
821 2393 922 2477 oriri,
946 2395 1128 2467 dummodo

189 2496 302 2554 tamen
315 2505 353 2554 ea
375 2483 551 2572 legitime
542 2484 623 2554 111111
637 2485 693 2564 111
714 2506 775 2555 seu
794 2487 954 2578 requisita
976 2487 1059 2558 iuris
1075 2510 1128 2558 rn-

189 2576 279 2646 mani
299 2576 526 2647 substantialia
533 2599 641 2669 quae
650 2578 796 2648 Ecclesia
809 2601 868 2649 sua
883 2581 960 2651 11111
963 2583 1127 2673 ,eomple-

188 2681 310 2739 aratur.
332 2631 752 2745 videcarrie’zredeltatr
754 2695 786 2762 p.
799 2671 882 2758 704,
899 2673 987 2763 Opus
1005 2674 1121 2745 Theoi.
1203 2745 1209 2748 .

188 2696 1122 2850 1611111811]1111111.1861,1.78,11111111116.

189 2855 359 2929 Schulte
350 2880 384 2929 an
408 2880 499 2929 man.
522 2860 591 2928 lur
613 2860 691 2929 Mat.
713 2858 807 2928 Cath.
830 2820 1014 2943 insedit.
1049 2862 1120 2931 1111.

185 2951 271 3020 lled.
287 2973 342 3021 an.
363 2950 470 3023 1855.
485 2953 567 3024 Cum
589 2973 688 3042 perra
706 2953 851 3022 dubitari
872 2954 986 3043 pessit,
1010 2976 1064 3039 an,
1087 2954 1124 3025 in

187 3043 388 3135 quibusdam
398 3046 604 3136 regionibus
613 3067 728 3137 reapse
738 3047 956 3137 inadoptinne
970 3069 1035 3117 una
1045 3070 1122 3119 cum

186 3139 366 3230 requisitis
379 3141 453 3229 lege
473 3139 559 3208 civili
578 3140 710 3210 statutis
729 3140 829 3209 simul
851 3140 960 3210 adsint
979 3142 1124 3232 requisi·

186 3245 218 3303 ta
238 3234 468 3305 substantialia
488 3232 572 3303 iuris
592 3233 734 3317 romani,
754 3254 814 3303 seu
828 3255 869 3303 an
883 3236 1046 3325 requisita
1066 3257 1121 3306 ce·

186 3326 298 3410 dicum
319 3326 465 3397 civilium
491 3327 645 3397 differant
673 3326 757 3397 ab''
736 3348 776 3396 ns
793 3348 908 3417 ,quae
938 3328 990 3398 ius
1011 3350 1121 3399 roma·

184 3438 266 3487 num
280 3420 434 3510 requirit,
448 3421 594 3511 prolecta
603 3420 755 3490 concludi
770 3432 878 3510 petest
890 3441 967 3489 cnm
982 3422 1031 3496 tt
1043 3422 1121 3493 Cer-

185 3510 263 3580 cid
254 3533 289 3581 m
307 3515 383 3583 adn.
402 3515 442 3583 ad
457 3513 573 3584 Theol.
592 3536 677 3585 mor.
700 3513 736 3583 P
752 3512 840 3605 Gnry
859 3524 954 3583 tract.
970 3514 1011 3585 de
1025 3516 1119 3585 11111

186 3598 1121 3730 1.611113111111111111111111111111611111-
1187 3623 1195 3627 ”
