2642 4175
271 354 338 413 ⁵32
578 367 742 421 crunnum
759 368 807 411 111.

223 488 284 558 per
313 466 477 555 legendae
499 476 578 535 sunt
606 477 677 535 tres
696 464 858 554 epistolae
886 465 1055 536 Benedicti
1085 466 1167 553 xtv,

224 580 365 652 quarum
391 559 497 648 prima
516 561 591 629 dcta
622 572 672 629 est
696 560 735 626 ad
759 558 1053 650 Arcbiepiscopnm
1085 563 1169 631 Tar·

223 674 352 725 senscm
371 653 406 723 in
423 652 511 723 Urbe
524 653 804 741 Vicesgerentcm
820 654 923 723 altera
943 656 1106 745 encyclica
1124 659 1167 725 ad

223 748 416 831 Primatem,
440 746 714 836 drobiepiscopos
735 759 767 816 et
787 746 968 837 Episcopus
994 748 1164 832 Potoniae,

225 853 258 911 et
274 841 371 912 tertia
391 842 431 910 ad
452 840 586 911 Petrum
606 840 846 930 Hieronymum
867 840 1022 911 Gulietmi
1043 843 1167 911 Roma·

225 956 288 1005 nae
309 934 539 1025 Inquisitionis
559 954 758 1004 assessorem
775 956 784 1017 ;
808 955 892 1023 quae
913 936 1072 1024 epistolae
1090 932 1181 1005 mox'

227 1029 410 1118 impressae
445 1039 524 1097 sunt
557 1027 591 1097 in
628 1027 774 1096 Bultario
812 1028 960 1097 eiusdem
997 1020 1168 1100 Pontificis
1200 1093 1203 1099 .
1312 1024 1313 1031 '

226 1134 308 1192 tom.
333 1121 366 1205 2,
389 1142 482 1190 num.
506 1119 563 1205 28,
586 1133 619 1192 et
639 1133 719 1190 tom.
742 1118 893 1202 3‚²nnm.
913 1121 958 1191 ts
978 1134 1011 1192 et
1030 1122 1088 1190 et.

273 1215 410 1286 Praeter
431 1215 587 1303 baptismi
620 1214 811 1283 ministrum
843 1216 1045 1285 adhibentur
1065 1217 1166 1286 etiam

226 1309 350 1399 patrini
382 1309 441 1398 qui
471 1309 685 1398 baptizandos
717 1308 861 1377 offerunt
890 1330 1013 1400 eosque
1033 1331 1050 1378 a
1071 1331 1167 1378 sacro

226 1405 317 1473 fonte
335 1402 533 1491 suscipiunt,
551 1423 689 1492 seseque
707 1400 948 1490 baptizatorum
969 1404 1044 1471 fidei
1067 1424 1166 1492 spou-

226 1518 319 1566 sores
349 1509 382 1565 et
417 1496 878 1565 fideiussores'constituunt.
908 1498 1099 1584 Antiquitus
1135 1509 1171 1566 et

229 1589 425 1679 praesertim
445 1591 478 1657 in
496 1588 673 1658 Occidente
705 1600 859 1678 parentes
894 1591 955 1677 ipsi
980 1591 1067 1659 filios
1088 1611 1168 1659 suos

228 1683 393 1772 baptismo
410 1683 604 1765 offerebant,
616 1703 652 1750 ac
667 1704 727 1771 pro
741 1683 856 1751 iisdem
874 1684 1117 1772 profitebantur
1130 1704 1170 1752 ac

228 1777 328 1845 sidem
359 1776 576 1865 spondebant.
601 1775 665 1844 Sed
686 1778 784 1845 modo
803 1776 894 1845 vetiti
914 1788 992 1845 sunt
1012 1790 1170 1867 parentes

229 1870 317 1938 filios
347 1891 426 1939 suos
455 1871 495 1938 de
530 1868 694 1958 baptismo
728 1870 910 1958 suscipere.
943 1871 1168 1959 Praecipuum

228 1976 338 2033 autem
360 1962 569 2051 patrinorum
590 1964 734 2032 officium
752 1965 785 2031 in
803 1964 969 2052 spirituali
989 1966 1168 2053 baptizato-

228 2079 305 2127 rum
328 2078 406 2126 cura
428 2057 528 2127 situm
551 2069 623 2142 est,
643 2068 677 2126 et
697 2069 853 2127 tenentur
881 2057 911 2132 ri
933 2058 1166 2148 susceptionis,

229 2173 286 2221 eos
306 2152 339 2221 in
360 2152 519 2220 catholica
538 2151 614 2231 fide,
637 2163 671 2221 et
691 2152 786 2221 bonis
806 2153 956 2221 muribus
977 2153 1165 2233 instituere,

229 2246 257 2314 si
281 2257 434 2333 parentes
454 2245 624 2314 naturales
657 2246 689 2313 id
722 2246 830 2314 iacere
865 2246 1094 2333 neglexerint,
1117 2246 1168 2313 vel

229 2339 452 2428 nequiverint.
486 2341 510 2405 Α
547 2361 611 2428 qua
644 2339 810 2427 spirituali
847 2361 923 2407 cura
957 2351 1168 2426 susceptores

229 2433 340 2515 etiam,
352 2439 540 2521 conpatres,
559 2440 671 2521 potres
689 2433 878 2522 spirituales
895 2446 927 2501 et
942 2433 1074 2521 petrini
1087 2432 1167 2501 dicti

229 2537 319 2594 suut.
340 2525 424 2593 Hinc
450 2525 490 2592 ab
515 2547 552 2592 ea
571 2526 735 2614 spirituali
771 2527 872 2600 tutela
903 2526 1165 2594 administranda

230 2619 365 2687 omnino
387 2618 630 2705 probibentur,
656 2620 713 2707 qui
738 2625 887 2687 eamdem
911 2640 1029 2707 gerere
1049 2632 1109 2686 aut
1129 2620 1167 2686 fi-

230 2711 348 2781 deliter
368 2711 474 2779 nolint
492 2723 549 2798 ent
563 2712 678 2780 sedulo
697 2725 755 2780 aut
768 2725 920 2781 accurate
940 2733 1006 2780 non
1024 2713 1163 2801 possint.

231 2803 425 2873 Huiusmodi
447 2817 524 2872 sunt
545 2805 666 2886 iudaei,
690 2805 852 2888 infideles,
869 2806 1038 2886 haeretici,
1062 2807 1166 2894 publi·

231 2921 268 2967 ce
290 2898 564 2967 excommunicati
592 2911 649 2968 aut
669 2900 835 2968 interdicti
860 2910 893 2967 et
910 2900 1040 2968 notorie
1071 2900 1164 2984 flagi-

230 2993 318 3074 tiosi,
337 2992 393 3080 qui
415 2990 627 3060 Sacramento
645 2991 871 3061 poenitentiae
889 3005 922 3060 et
936 2993 1163 3061 Eucharistiae

231 3086 267 3153 in
287 3084 443 3153 Pascbate
475 3105 542 3152 non
573 3085 780 3174 susceperint
811 3097 844 3154 et
872 3086 912 3153 de
942 3088 1005 3154 boo
1024 3086 1164 3153 crimine

231 3179 363 3268 publice
382 3178 487 3248 notati
507 3178 595 3261 sint,
625 3178 838 3267 impuberes,
868 3181 1016 3247 nondum
1049 3178 1165 3247 Sacra·

232 3284 344 3341 mento
365 3272 633 3341 confirmationis
660 3273 804 3356 initiati,
837 3273 934 3362 quive
966 3272 1043 3341 fidei
1073 3272 1165 3340 rudi·

232 3378 340 3434 menta
361 3366 526 3453 ignorant.
552 3365 640 3434 ,Tum
660 3388 700 3434 ex
723 3365 779 3434 SS.
806 3367 974 3435 Canobum
993 3367 1164 3433 sanctione

232 3458 271 3525 ud
290 3459 323 3524 id
345 3458 492 3526 muneris
509 3459 702 3528 admittendi
720 3482 787 3528 non
807 3471 885 3529 sunt
903 3462 1030 3528 Monuni
1050 3460 1098 3527 vel
1117 3480 1165 3526 re·

230 3551 364 3636 gulures
387 3550 561 3639 utriusque
581 3573 677 3622 serus
691 3566 724 3622 et
739 3553 883 3623 cuiusvis
900 3554 1038 3638 ordinis,
1054 3571 1164 3641 neque
