2642 4175
363 378 409 423 nn
427 375 662 426 mrnntunnms
681 382 878 430 mammeam
977 376 1042 433 129

576 593 664 685 aar.

440 764 485 820 lle
503 764 643 834 tempore
671 767 807 822 morato.

197 941 390 1026 Socratem,
418 963 479 1012 seu
505 942 659 1012 feriatum
681 939 807 1033 tempos
832 943 914 1011 illud
934 955 1000 1029 est,
1023 967 1090 1035 quo

148 1036 244 1106 iuxta
263 1048 475 1130 praesentem
496 1036 662 1106 Ecclesiae
683 1036 893 1126 disciplinam
914 1057 980 1106 non
1015 1041 1090 1128 qui·

146 1131 227 1198 dem
248 1130 517 1213 matrimonium,
537 1131 593 1199 sed
613 1130 685 1199 eius
704 1130 897 1199 solemnitas
917 1129 958 1198 ab
979 1130 1091 1201 Eccle-

147 1223 199 1291 sia
218 1223 428 1312 prohibetur.
465 1248 479 1290 a
510 1223 558 1291 Ab
578 1224 719 1292 adventu
742 1222 778 1290 [l.
799 1223 838 1293 N.
861 1223 889 1291 l.
910 1223 947 1293 G.
983 1245 1089 1314 usque

148 1317 193 1385 ad
212 1316 300 1386 diem
323 1316 542 1407 Epiphaniae,
580 1328 614 1385 ct
642 1317 762 1386 aleria
784 1328 901 1406 quarta
930 1317 1088 1387 Cinernm

150 1412 315 1500 usquead
337 1408 488 1480 Octavam
507 1409 651 1480 Paschae
677 1408 836 1480 inclusive
856 1410 1010 1501 antiquas
1036 1433 1090 1482 so·

147 1503 313 1573 lemninm
342 1505 535 1593 nuptiarum
562 1503 805 1593 prohibitiones
844 1505 1022 1592 diligenter
1048 1506 1089 1574 ab

146 1598 309 1667 omnibus
327 1597 494 1666 observari
513 1596 549 1666 S.
569 1597 719 1688 Synodus
734 1599 935 1688 praecipit»
959 1599 1003 1669 ita
1015 1599 1089 1667 Tri·

146 1692 242 1761 dent.
265 1713 348 1761 sess.
368 1690 474 1775 XXIV,
497 1712 569 1780 cap.
590 1689 635 1760 to
657 1693 697 1760 dc
718 1691 865 1764 Reform.
899 1691 995 1761 Matr.
1028 1690 1089 1762 Ve-

145 1798 240 1854 teres
259 1785 376 1854 diebns
396 1785 561 1874 pluribus,
580 1786 642 1854 hoc
659 1795 739 1854 esta
762 1784 1012 1875 Septuagesima
1038 1808 1090 1856 us·

146 1899 215 1967 que
230 1880 271 1947 ad
290 1874 426 1962 Pascha,
444 1900 462 1947 a
478 1879 560 1948 feria
574 1880 717 1948 secunda
737 1879 960 1968 Rogationem
981 1901 1088 1971 usque

146 1973 190 2040 ad
209 1970 362 2042 Octavam
377 1971 600 2056 pentecostes,
620 1985 652 2042 et
673 1972 800 2042 duabus
821 1974 869 2042 vel
888 1972 992 2040 tribus
1006 1974 1088 2043 heb·

145 2065 346 2135 domadibus
367 2078 442 2135 ante
463 2066 583 2136 lestnm
607 2065 639 2135 S.
668 2065 800 2135 loannis
831 2065 996 2152 Baptistae
1017 2078 1087 2135 tum

144 2160 377 2249 anuptiarum
404 2159 650 2242 celebratione,
674 2171 744 2226 turn
776 2159 817 2227 ab
847 2159 918 2247 ipso
940 2158 1087 2247 coniugii

145 2273 211 2321 usu
233 2253 456 2336 abstinebant,
476 2274 548 2344 cap.
571 2252 593 2320 ll
613 2253 652 2321 de
673 2252 789 2335 uerus,
806 2265 847 2340 ,et
866 2271 956 2319 caus.
976 2248 1033 2333 33,
1050 2274 1083 2342 q.

144 2344 180 2425 4,
200 2368 276 2415 can.
300 2346 317 2413 l
344 2359 377 2416 et
395 2367 489 2436 seqq.
518 2346 612 2416 Nune
633 2346 747 2434 itaque
778 2366 815 2415 ex
831 2345 983 2435 praelato
1013 2345 1087 2414 Tri-

144 2438 275 2508 dentini
298 2439 432 2509 decreto
465 2440 544 2508 solis
579 2440 697 2508 dicbus
716 2439 748 2507 in
769 2460 808 2508 eo
840 2439 995 2523 statutis,
1018 2460 1085 2509 non

143 2532 284 2620 quidem
305 2532 485 2602 celebratio
508 2532 712 2624 matrimonii
729 2554 789 2622 per
810 2532 906 2601 rerba
929 2535 969 2601 de
988 2554 1085 2623 prae·

142 2627 243 2709 senti,
267 2648 378 2716 neque
412 2627 483 2695 cius
515 2627 613 2695 etiam
647 2628 900 2711 consummatio,
920 2627 1083 2717 quidquid

142 2733 259 2791 eontra
274 2721 389 2808 Knopp
409 2740 463 2809 op.
481 2719 738 2803 Vollstaendigcs
755 2721 979 2790 Catholisches
998 2720 1085 2791 Ebe-

141 2816 240 2884 rceht
272 2813 397 2883 Ratisb.
421 2810 513 2881 l85i
540 2836 574 2902 p.
597 2810 666 2881 ete
701 2814 826 2898 alferat,
851 2826 964 2883 contra
995 2834 1084 2883 eom·

145 2928 282 2977 munem
303 2907 524 2990 sententiam,
553 2907 610 2975 scd
631 2918 757 2975 tantum
783 2908 975 2997 nuptiarum
998 2909 1084 2977 sole-

142 3002 267 3071 mnitas
298 3000 397 3070 vetita
433 3011 493 3068 est.
528 2999 726 3089 Nuptiarum
759 3003 917 3071 solemnis
947 3000 1084 3070 benedi·

143 3094 233 3179 atie,
256 3094 417 3165 solemnis
447 3114 586 3184 sponsae
613 3094 647 3162 in
674 3095 785 3183 sponsi
814 3097 949 3164 domum
970 3096 1084 3164 tradu—

143 3188 235 3272 ctio,
269 3187 471 3258 solemniora
501 3187 644 3257 convivia
678 3209 716 3256 ac
748 3188 916 3276 tripudia,
952 3186 1083 3275 aliaque

144 3283 337 3352 huiusmodi
365 3292 462 3365 sunt,
493 3303 579 3371 quae
608 3281 811 3351 matrimonii
838 3279 1081 3349 solemnitatem
1192 3309 1196 3320 r

144 3378 377 3458 constituunt,
405 3396 442 3444 ae
473 3386 637 3443 vetantur.
672 3375 861 3443 Benedictio
892 3383 1002 3443 autern
1021 3393 1083 3442 nu-

146 3469 288 3556 ptiarum
324 3469 359 3537 in
391 3489 430 3537 eo
463 3468 525 3536 sita
553 3481 619 3552 est,
656 3481 691 3537 ut
713 3469 876 3557 parochus
908 3478 1082 3555 postquam

143 3584 280 3652 sponsos
301 3562 338 3631 in
365 3560 614 3631 matrimonium
641 3563 788 3652 legitime
815 3559 1007 3643 coniunxit,
1031 3580 1083 3627 sa·

247 3699 286 3747 Dc
306 3693 467 3747 „llclrimouio
999 3692 1015 3737 9
