2642 4175
325 375 370 417 rur
388 370 621 416 mennmunrrs
638 370 838 417 aruraurorur
934 362 999 419 237

111 470 308 554 enucleatis,
328 468 356 539 si
378 468 453 559 quis
472 479 621 557 tempore
641 467 846 540 infidelitatis
864 471 1049 544 fornicatus

114 566 217 636 fuerit
230 562 424 646 eumBerto,
435 574 468 631 et
482 562 692 653 postmodum
708 563 838 635 duxerit
849 565 921 636 eius
934 565 1050 649 titiam,

112 657 365 730 matrimonium
385 656 449 727 erit
465 655 602 726 omnino
618 655 785 733 validum,
815 675 925 747 neque
952 677 1048 750 sepa·

112 751 210 823 randi
229 760 339 833 emat,
358 749 386 818 si
407 759 518 840 posteo
541 750 582 817 ad
603 749 702 818 [idem
719 762 964 821 convertantur.

160 846 278 934 ltaque
292 839 468 912 difficultas
481 841 658 949 praecipua
674 853 734 927 est,
745 861 787 912 an
802 844 1051 918 affinitasetco

113 940 191 1029 puta
209 938 312 1020 licita,
330 957 388 1006 seu
409 935 657 1019 matrimomali,
677 936 766 1024 iuter
782 937 897 1026 affines
914 939 948 1007 in
961 940 1049 1011 linea

113 1043 217 1116 recta,
227 1030 382 1101 etsaltem
392 1029 424 1098 in
435 1029 668 1119 primngradu,
680 1030 782 1099 ueluti
796 1031 883 1100 inter
895 1049 1049 1102 sonorum

114 1137 148 1206 et
166 1143 304 1207 nurum,
326 1141 459 1191 socrum
479 1133 512 1191 et
529 1141 705 1211 generum,
727 1124 879 1192 vitricum
899 1133 929 1193 et
950 1126 1051 1213 pritt-

112 1239 226 1307 gnam,
247 1233 420 1287 norercam
442 1227 482 1300 et,
494 1214 693 1305 privignum,
714 1216 788 1286 iure
807 1218 964 1301 naturali,
987 1239 1050 1287 nu·

114 1312 201 1402 ptius
218 1309 468 1379 irritettHuius
485 1309 690 1378 difficultatis
706 1311 813 1380 nodus
830 1311 976 1379 nondum
994 1332 1051 1381 er-

114 1404 248 1494 peditus
265 1414 328 1472 est.
346 1402 529 1472 Atridetur
544 1402 651 1491 magis
671 1403 791 1473 rationi
809 1414 842 1473 et
861 1405 1049 1476 auctoritati

112 1508 334 1567 consentanea
353 1495 516 1565 sententia
537 1516 632 1579 esse,
659 1517 746 1585 quae
780 1509 875 1588 putat
908 1499 1047 1587 quidem

111 1589 305 1661 huiusmodi
325 1589 458 1679 nuptias
487 1590 580 1658 valde
611 1589 809 1673 indecoras,
838 1610 904 1659 non
934 1602 1046 1661 tamen

112 1682 259 1755 naturali
276 1683 350 1771 lege
367 1681 540 1751 invalidas.
560 1682 640 1751 Nam
659 1703 822 1772 personae
842 1684 1045 1770 huiusmodi,

112 1791 196 1868 puta
209 1778 358 1845 'noverca
377 1786 410 1844 et
425 1774 608 1865 privignus,
623 1774 785 1847 rationem
814 1790 987 1866 pareutum
1016 1790 1050 1848 et

111 1873 298 1942 liberorum
326 1868 453 1958 reipsa
482 1890 548 1937 non
575 1868 700 1938 habent
728 1870 800 1939 siue
820 1871 954 1941 tintinna
971 1893 1051 1961 qua·

113 1968 206 2049 darn,
226 1964 305 2031 dum
325 1962 413 2031 inter
431 1982 488 2031 cos
505 1982 569 2031 non
591 1963 737 2032 occurrit
757 1983 832 2032 vera
853 1964 938 2033 ratio
955 1963 1048 2053 prin·

113 2055 193 2151 cipii
214 2067 248 2126 et
266 2055 478 2146 principiati,
500 2066 537 2123 ut
558 2053 750 2126 scholastici
780 2055 985 2145 loquuntur,
1016 2069 1050 2127 et

113 2150 256 2243 proinde
275 2171 343 2219 non
363 2170 399 2217 ea
429 2150 526 2219 datur
543 2148 630 2218 inter
660 2169 718 2217 eos
738 2159 853 2218 mutua
874 2150 1050 2219 auctorita·

113 2247 157 2316 tis
178 2258 212 2317 et
232 2241 448 2314 subiectionis
480 2241 617 2327 relatio,
639 2241 737 2332 isque
768 2242 876 2331 pudor
898 2254 930 2313 et
956 2263 1049 2312 reve·
1129 2246 1138 2255 “

113 2339 234 2422 rentia,
258 2358 344 2427 qaae
363 2336 475 2406 debito
495 2334 740 2405 coniunctionis
759 2335 869 2404 ordini
900 2357 1048 2426 oppona-

112 2447 180 2517 tur,
201 2430 484 2523 quemadmodum
504 2429 592 2498 inter
621 2440 748 2519 patrem
770 2440 802 2497 et
820 2429 935 2513 fliium,
959 2429 1049 2499 inter
1106 2420 1117 2440 ’

113 2525 220 2596 filium
243 2534 277 2593 et
296 2536 435 2592 matrem
457 2521 637 2611 reperitur.
657 2520 747 2592 Haec
772 2523 935 2593 sententia
967 2545 1047 2594 con·
1089 2564 1091 2569 κ

110 2621 268 2689 firmatur
293 2613 489 2686 auctoritate
508 2615 745 2689 Consiliorum.
769 2615 940 2706 Siquidem
961 2616 1047 2687 Con-

111 2713 227 2783 cilium
246 2711 411 2800 Agatense
435 2730 490 2779 an.
525 2706 605 2794 506,
629 2730 703 2780 can.
725 2708 791 2794 61,
821 2712 904 2782 haec
925 2710 1044 2781 habet:

114 2832 129 2872 a
153 2806 187 2876 Si
206 2803 284 2895 quis
300 2805 403 2873 frater
439 2822 632 2891 germanam
662 2803 775 2873 uxoris
806 2804 994 2894 acceperit,
1017 2806 1046 2874 si

109 2900 187 2990 ,quis
206 2916 381 2968 novercam
402 2895 543 2980 duxerit,
566 2917 650 2985 quos
670 2917 785 2965 omnes
806 2907 839 2966 et
858 2897 936 2967 olim
956 2949 965 2981 ,
995 2909 1068 2967 at·.

111 3015 177 3083 que
197 2989 342 3062 subhac
361 2987 596 3060 constitutione
628 2989 771 3058 incestos
792 3010 863 3059 esse
884 3010 951 3059 non
983 2994 1046 3059 du·

110 3087 270 3168 bitamus,
291 3084 380 3174 quod
399 3083 443 3154 ita
463 3081 628 3172 praesenti
650 3092 799 3171 tempore
814 3081 1042 3172 prohibemus,

112 3191 150 3248 ut
166 3200 206 3249 ea
225 3188 409 3268 quaesunt
428 3176 587 3245 hactenus
606 3174 776 3258 instituta,
798 3196 865 3244 non
887 3175 1044 3244 dissolva-

111 3294 198 3342 mus.
234 3295 249 3338 t
286 3271 326 3339 Et
344 3269 526 3339 Concilium
552 3264 747 3357 Epaonense
772 3289 826 3337 an.
849 3265 942 3350 517,
969 3287 1059 3336 cau.»

112 3363 168 3434 ot:
194 3363 373 3433 «Incestus
392 3365 454 3432 hos
474 3362 546 3432 esse
579 3381 779 3445 censemus,
801 3361 828 3430 si
860 3361 935 3451 quis
967 3360 1046 3429 reli·

113 3469 198 3528 atam
214 3455 338 3540 fratris,
357 3476 443 3546 quan
460 3476 545 3544 pene
558 3454 652 3545 prius
664 3476 760 3524 soror
776 3454 957 3538 exstiterat,
972 3474 1044 3523 ear-

114 3550 181 3620 nali
201 3549 432 3621 coniunctione
454 3547 632 3633 violaverit,
655 3547 683 3618 si
700 3548 774 3639 quis
794 3569 968 3623 novercam
984 3549 1046 3615 du·
