<?xml version="1.0" encoding="UTF-8"?>
<!DOCTYPE html PUBLIC "-//W3C//DTD XHTML 1.0 Transitional//EN"
    "http://www.w3.org/TR/xhtml1/DTD/xhtml1-transitional.dtd">
<html xmlns="http://www.w3.org/1999/xhtml" xml:lang="en" lang="en">
 <head>
  <title>
</title>
<meta http-equiv="Content-Type" content="text/html;charset=utf-8" />
  <meta name='ocr-system' content='tesseract 3.04.00' />
  <meta name='ocr-capabilities' content='ocr_page ocr_carea ocr_par ocr_line ocrx_word'/>
</head>
<body>
  <div class='ocr_page' id='page_1' title='image "./septimiimariaev00veccgoog_0529.png"; bbox 0 0 2642 4175; ppageno 0'>
   <div class='ocr_carea' id='block_1_1' title="bbox 518 386 1048 444">
    <p class='ocr_par' dir='ltr' id='par_1_1' title="bbox 518 386 1048 444">
     <span class='ocr_line' id='line_1_1' title="bbox 518 386 1048 444; baseline 0.015 -8"><span class='ocrx_word' id='word_1_1' title='bbox 518 391 680 438; x_wconf 72' lang='lat' dir='ltr'><strong>mennon</strong></span> <span class='ocrx_word' id='word_1_2' title='bbox 697 393 732 439; x_wconf 90' lang='lat'><strong>11.</strong></span> <span class='ocrx_word' id='word_1_3' title='bbox 873 424 889 435; x_wconf 88' lang='lat'>.</span> <span class='ocrx_word' id='word_1_4' title='bbox 983 386 1048 444; x_wconf 82' lang='lat'><strong>505</strong></span> 
     </span>
    </p>
   </div>
   <div class='ocr_carea' id='block_1_2' title="bbox 154 480 1100 1152">
    <p class='ocr_par' dir='ltr' id='par_1_2' title="bbox 154 480 1100 1152">
     <span class='ocr_line' id='line_1_2' title="bbox 155 480 1098 555; baseline 0.016 -22"><span class='ocrx_word' id='word_1_5' title='bbox 155 480 251 548; x_wconf 80' lang='lat' dir='ltr'><strong>Quare,</strong></span> <span class='ocrx_word' id='word_1_6' title='bbox 263 493 319 538; x_wconf 87' lang='lat' dir='ltr'><strong>etc.</strong></span> <span class='ocrx_word' id='word_1_7' title='bbox 338 485 507 539; x_wconf 86' lang='lat' dir='ltr'><strong>scribendum</strong></span> <span class='ocrx_word' id='word_1_8' title='bbox 525 487 606 538; x_wconf 79' lang='lat' dir='ltr'><strong>locet:</strong></span> <span class='ocrx_word' id='word_1_9' title='bbox 625 486 709 555; x_wconf 71' lang='lat' dir='ltr'><strong>Quem</strong></span> <span class='ocrx_word' id='word_1_10' title='bbox 723 492 866 555; x_wconf 74' lang='lat' dir='ltr'><strong>periculam</strong></span> <span class='ocrx_word' id='word_1_11' title='bbox 882 497 919 545; x_wconf 83' lang='lat' dir='ltr'><strong>ito</strong></span> <span class='ocrx_word' id='word_1_12' title='bbox 935 498 972 547; x_wconf 83' lang='lat' dir='ltr'><strong>sil</strong></span> <span class='ocrx_word' id='word_1_13' title='bbox 984 500 1010 546; x_wconf 85' lang='lat' dir='ltr'><strong>ln</strong></span> <span class='ocrx_word' id='word_1_14' title='bbox 1026 511 1098 548; x_wconf 77' lang='lat' dir='ltr'><strong>mare</strong></span> 
     </span>
     <span class='ocr_line' id='line_1_3' title="bbox 155 564 1099 630; baseline 0.02 -23"><span class='ocrx_word' id='word_1_15' title='bbox 155 564 178 609; x_wconf 84' lang='lat' dir='ltr'><strong>et</strong></span> <span class='ocrx_word' id='word_1_16' title='bbox 195 564 246 610; x_wconf 77' lang='lat' dir='ltr'><strong>tam</strong></span> <span class='ocrx_word' id='word_1_17' title='bbox 266 577 356 626; x_wconf 77' lang='lat' dir='ltr'><strong>proma</strong></span> <span class='ocrx_word' id='word_1_18' title='bbox 372 567 455 614; x_wconf 72' lang='lat' dir='ltr'><strong>adsint</strong></span> <span class='ocrx_word' id='word_1_19' title='bbox 473 578 573 624; x_wconf 77' lang='lat' dir='ltr'><strong>canace,</strong></span> <span class='ocrx_word' id='word_1_20' title='bbox 592 568 618 614; x_wconf 83' lang='lat' dir='ltr'><strong>nt</strong></span> <span class='ocrx_word' id='word_1_21' title='bbox 633 581 680 629; x_wconf 82' lang='lat' dir='ltr'><strong>per</strong></span> <span class='ocrx_word' id='word_1_22' title='bbox 692 570 785 630; x_wconf 76' lang='lat' dir='ltr'><strong>lempna</strong></span> <span class='ocrx_word' id='word_1_23' title='bbox 796 585 846 619; x_wconf 79' lang='lat' dir='ltr'><strong>nos</strong></span> <span class='ocrx_word' id='word_1_24' title='bbox 863 571 938 623; x_wconf 80' lang='lat' dir='ltr'><strong>liceat</strong></span> <span class='ocrx_word' id='word_1_25' title='bbox 953 575 1024 623; x_wconf 80' lang='lat' dir='ltr'><strong>odire</strong></span> <span class='ocrx_word' id='word_1_26' title='bbox 1034 573 1099 625; x_wconf 68' lang='lat'><strong>81⁸·</strong></span> 
     </span>
     <span class='ocr_line' id='line_1_4' title="bbox 154 636 1100 710; baseline 0.018 -26"><span class='ocrx_word' id='word_1_27' title='bbox 154 639 219 686; x_wconf 85' lang='lat' dir='ltr'><strong>ctam</strong></span> <span class='ocrx_word' id='word_1_28' title='bbox 235 636 337 701; x_wconf 74' lang='lat' dir='ltr'><strong>Sedem3</strong></span> <span class='ocrx_word' id='word_1_29' title='bbox 349 642 472 704; x_wconf 72' lang='lat' dir='ltr'><strong>supplicat</strong></span> <span class='ocrx_word' id='word_1_30' title='bbox 489 636 661 692; x_wconf 81' lang='lat' dir='ltr'><strong>Domimlt&#39;oni</strong></span> <span class='ocrx_word' id='word_1_31' title='bbox 679 639 784 693; x_wconf 69' lang='lat' dir='ltr'><strong>Vestrae</strong></span> <span class='ocrx_word' id='word_1_32' title='bbox 801 649 830 695; x_wconf 79' lang='lat' dir='ltr'><strong>nt</strong></span> <span class='ocrx_word' id='word_1_33' title='bbox 840 649 866 695; x_wconf 89' lang='lat' dir='ltr'><strong>oi</strong></span> <span class='ocrx_word' id='word_1_34' title='bbox 877 651 991 710; x_wconf 82' lang='lat' dir='ltr'><strong>specialis</strong></span> <span class='ocrx_word' id='word_1_35' title='bbox 1006 652 1100 701; x_wconf 79' lang='lat' dir='ltr'><strong>indulti</strong></span> 
     </span>
     <span class='ocr_line' id='line_1_5' title="bbox 156 715 1097 791; baseline 0.016 -28"><span class='ocrx_word' id='word_1_36' title='bbox 156 715 291 775; x_wconf 69' lang='lat' dir='ltr'><strong>apostolici</strong></span> <span class='ocrx_word' id='word_1_37' title='bbox 309 730 384 779; x_wconf 76' lang='lat' dir='ltr'><strong>supet·</strong></span> <span class='ocrx_word' id='word_1_38' title='bbox 401 719 574 780; x_wconf 77' lang='lat' dir='ltr'><strong>impedimento</strong></span> <span class='ocrx_word' id='word_1_39' title='bbox 592 717 685 768; x_wconf 75' lang='lat' dir='ltr'><strong>mixtae</strong></span> <span class='ocrx_word' id='word_1_40' title='bbox 701 719 832 782; x_wconf 80' lang='lat' dir='ltr'><strong>relipiom&#39;r</strong></span> <span class='ocrx_word' id='word_1_41' title='bbox 851 735 907 772; x_wconf 82' lang='lat' dir='ltr'><strong>cum</strong></span> <span class='ocrx_word' id='word_1_42' title='bbox 925 726 980 789; x_wconf 82' lang='lat' dir='ltr'><strong>ipso</strong></span> <span class='ocrx_word' id='word_1_43' title='bbox 996 729 1097 791; x_wconf 78' lang='lat' dir='ltr'><strong>dispen-</strong></span> 
     </span>
     <span class='ocr_line' id='line_1_6' title="bbox 156 791 1098 871; baseline 0.016 -32"><span class='ocrx_word' id='word_1_44' title='bbox 156 804 214 840; x_wconf 78' lang='lat' dir='ltr'><strong>cers</strong></span> <span class='ocrx_word' id='word_1_45' title='bbox 230 794 358 856; x_wconf 68' lang='lat' dir='ltr'><strong>otpertus.</strong></span> <span class='ocrx_word' id='word_1_46' title='bbox 373 791 442 844; x_wconf 88' lang='lat' dir='ltr'><strong>ldem</strong></span> <span class='ocrx_word' id='word_1_47' title='bbox 456 791 603 845; x_wconf 75' lang='lat' dir='ltr'><strong>laciendum</strong></span> <span class='ocrx_word' id='word_1_48' title='bbox 614 802 661 857; x_wconf 87' lang='lat' dir='ltr'><strong>est,</strong></span> <span class='ocrx_word' id='word_1_49' title='bbox 674 795 779 847; x_wconf 83' lang='lat' dir='ltr'><strong>mutatis</strong></span> <span class='ocrx_word' id='word_1_50' title='bbox 792 796 932 862; x_wconf 86' lang='lat' dir='ltr'><strong>mutandis,</strong></span> <span class='ocrx_word' id='word_1_51' title='bbox 944 801 964 851; x_wconf 87' lang='lat' dir='ltr'><strong>si</strong></span> <span class='ocrx_word' id='word_1_52' title='bbox 978 798 1098 871; x_wconf 74' lang='lat' dir='ltr'><strong>Episcopi</strong></span> 
     </span>
     <span class='ocr_line' id='line_1_7' title="bbox 155 862 1095 945; baseline 0.016 -30"><span class='ocrx_word' id='word_1_53' title='bbox 155 862 276 920; x_wconf 87' lang='lat' dir='ltr'><strong>obtinent</strong></span> <span class='ocrx_word' id='word_1_54' title='bbox 296 867 434 921; x_wconf 82' lang='lat' dir='ltr'><strong>facultates</strong></span> <span class='ocrx_word' id='word_1_55' title='bbox 455 868 673 922; x_wconf 74' lang='lat' dir='ltr'><strong>extraordinarias</strong></span> <span class='ocrx_word' id='word_1_56' title='bbox 691 869 859 939; x_wconf 75' lang='lat' dir='ltr'><strong>dispensandi</strong></span> <span class='ocrx_word' id='word_1_57' title='bbox 879 889 960 943; x_wconf 83' lang='lat' dir='ltr'><strong>super</strong></span> <span class='ocrx_word' id='word_1_58' title='bbox 984 877 1095 945; x_wconf 76' lang='lat' dir='ltr'><strong>inpedi-</strong></span> 
     </span>
     <span class='ocr_line' id='line_1_8' title="bbox 157 944 1095 1017; baseline 0.018 -25"><span class='ocrx_word' id='word_1_59' title='bbox 157 944 252 994; x_wconf 77' lang='lat' dir='ltr'><strong>mentis</strong></span> <span class='ocrx_word' id='word_1_60' title='bbox 264 944 374 997; x_wconf 87' lang='lat' dir='ltr'><strong>sccundi</strong></span> <span class='ocrx_word' id='word_1_61' title='bbox 387 944 483 1014; x_wconf 74' lang='lat' dir='ltr'><strong>gradus</strong></span> <span class='ocrx_word' id='word_1_62' title='bbox 494 945 623 998; x_wconf 79' lang='lat' dir='ltr'><strong>affinitatis</strong></span> <span class='ocrx_word' id='word_1_63' title='bbox 636 947 677 998; x_wconf 80' lang='lat' dir='ltr'><strong>tel</strong></span> <span class='ocrx_word' id='word_1_64' title='bbox 690 949 921 1017; x_wconf 70' lang='lat' dir='ltr'><strong>consanguinitatis</strong></span> <span class='ocrx_word' id='word_1_65' title='bbox 932 953 1005 1004; x_wconf 81' lang='lat' dir='ltr'><strong>mixti</strong></span> <span class='ocrx_word' id='word_1_66' title='bbox 1017 955 1095 1008; x_wconf 68' lang='lat' dir='ltr'><strong>ctiam</strong></span> 
     </span>
     <span class='ocr_line' id='line_1_9' title="bbox 157 1021 1098 1101; baseline 0.016 -32"><span class='ocrx_word' id='word_1_67' title='bbox 157 1034 217 1071; x_wconf 88' lang='lat' dir='ltr'><strong>cum</strong></span> <span class='ocrx_word' id='word_1_68' title='bbox 230 1021 328 1089; x_wconf 85' lang='lat' dir='ltr'><strong>primo.</strong></span> <span class='ocrx_word' id='word_1_69' title='bbox 351 1021 404 1074; x_wconf 83' lang='lat' dir='ltr'><strong>liae</strong></span> <span class='ocrx_word' id='word_1_70' title='bbox 416 1022 551 1075; x_wconf 73' lang='lat' dir='ltr'><strong>facultates</strong></span> <span class='ocrx_word' id='word_1_71' title='bbox 562 1021 742 1076; x_wconf 84' lang='lat' dir='ltr'><strong>conceduntur</strong></span> <span class='ocrx_word' id='word_1_72' title='bbox 757 1041 805 1093; x_wconf 85' lang='lat' dir='ltr'><strong>pro</strong></span> <span class='ocrx_word' id='word_1_73' title='bbox 818 1027 998 1081; x_wconf 81' lang='lat' dir='ltr'><strong>remotioribus</strong></span> <span class='ocrx_word' id='word_1_74' title='bbox 1009 1031 1098 1101; x_wconf 73' lang='lat' dir='ltr'><strong>regio·</strong></span> 
     </span>
     <span class='ocr_line' id='line_1_10' title="bbox 158 1098 247 1152; baseline 0.067 -6"><span class='ocrx_word' id='word_1_75' title='bbox 158 1098 247 1152; x_wconf 87' lang='lat' dir='ltr'><strong>nibus.</strong></span> 
     </span>
    </p>
   </div>
   <div class='ocr_carea' id='block_1_3' title="bbox 1123 1258 1140 1297">
    <p class='ocr_par' dir='ltr' id='par_1_3' title="bbox 1123 1258 1140 1297">
     <span class='ocr_line' id='line_1_11' title="bbox 1123 1258 1140 1297; baseline 0 0"><span class='ocrx_word' id='word_1_76' title='bbox 1123 1258 1140 1297; x_wconf 74' lang='lat'><em>0</em></span> 
     </span>
    </p>
   </div>
   <div class='ocr_carea' id='block_1_4' title="bbox 158 1368 1102 1740">
    <p class='ocr_par' dir='ltr' id='par_1_4' title="bbox 158 1368 1102 1740">
     <span class='ocr_line' id='line_1_12' title="bbox 158 1368 1100 1460; baseline 0.008 -24"><span class='ocrx_word' id='word_1_77' title='bbox 158 1368 230 1438; x_wconf 88' lang='lat' dir='ltr'><strong>Xll.</strong></span> <span class='ocrx_word' id='word_1_78' title='bbox 251 1368 417 1439; x_wconf 83' lang='lat' dir='ltr'><strong>Formola</strong></span> <span class='ocrx_word' id='word_1_79' title='bbox 433 1371 600 1460; x_wconf 85' lang='lat' dir='ltr'><strong>petendia</strong></span> <span class='ocrx_word' id='word_1_80' title='bbox 618 1370 742 1443; x_wconf 77' lang='lat' dir='ltr'><strong>Sancta</strong></span> <span class='ocrx_word' id='word_1_81' title='bbox 762 1370 855 1455; x_wconf 83' lang='lat' dir='ltr'><strong>Sede,</strong></span> <span class='ocrx_word' id='word_1_82' title='bbox 874 1372 912 1440; x_wconf 88' lang='lat' dir='ltr'><strong>in</strong></span> <span class='ocrx_word' id='word_1_83' title='bbox 931 1374 1045 1443; x_wconf 83' lang='lat' dir='ltr'><strong>ordine</strong></span> <span class='ocrx_word' id='word_1_84' title='bbox 1056 1377 1100 1444; x_wconf 85' lang='lat' dir='ltr'><strong>od</strong></span> 
     </span>
     <span class='ocr_line' id='line_1_13' title="bbox 203 1464 1102 1557; baseline 0.007 -26"><span class='ocrx_word' id='word_1_85' title='bbox 203 1464 482 1546; x_wconf 75' lang='lat' dir='ltr'><strong>matrimonium,</strong></span> <span class='ocrx_word' id='word_1_86' title='bbox 503 1464 777 1553; x_wconf 81' lang='lat' dir='ltr'><strong>dispcmationcm</strong></span> <span class='ocrx_word' id='word_1_87' title='bbox 793 1486 890 1554; x_wconf 78' lang='lat' dir='ltr'><strong>anper</strong></span> <span class='ocrx_word' id='word_1_88' title='bbox 910 1466 1014 1536; x_wconf 75' lang='lat' dir='ltr'><strong>tribas</strong></span> <span class='ocrx_word' id='word_1_89' title='bbox 1030 1490 1102 1557; x_wconf 85' lang='lat' dir='ltr'><strong>per·</strong></span> 
     </span>
     <span class='ocr_line' id='line_1_14' title="bbox 202 1557 1101 1650; baseline 0.004 -24"><span class='ocrx_word' id='word_1_90' title='bbox 202 1558 319 1645; x_wconf 76' lang='lat' dir='ltr'><strong>peinis</strong></span> <span class='ocrx_word' id='word_1_91' title='bbox 338 1558 421 1625; x_wconf 79' lang='lat' dir='ltr'><strong>cotia</strong></span> <span class='ocrx_word' id='word_1_92' title='bbox 438 1557 644 1646; x_wconf 75' lang='lat' dir='ltr'><strong>simplicibus</strong></span> <span class='ocrx_word' id='word_1_93' title='bbox 661 1560 699 1626; x_wconf 87' lang='lat' dir='ltr'><strong>in</strong></span> <span class='ocrx_word' id='word_1_94' title='bbox 716 1557 833 1647; x_wconf 77' lang='lat' dir='ltr'><strong>aliquo</strong></span> <span class='ocrx_word' id='word_1_95' title='bbox 855 1563 1101 1650; x_wconf 82' lang='lat' dir='ltr'><strong>conprcpatiom</strong></span> 
     </span>
     <span class='ocr_line' id='line_1_15' title="bbox 203 1651 594 1740; baseline 0.01 -24"><span class='ocrx_word' id='word_1_96' title='bbox 203 1651 439 1740; x_wconf 81' lang='lat' dir='ltr'><strong>relipioaornm</strong></span> <span class='ocrx_word' id='word_1_97' title='bbox 457 1652 594 1720; x_wconf 83' lang='lat' dir='ltr'><strong>emicair.</strong></span> 
     </span>
    </p>
   </div>
   <div class='ocr_carea' id='block_1_5' title="bbox 251 1860 1016 1949">
    <p class='ocr_par' dir='ltr' id='par_1_5' title="bbox 251 1860 1016 1949">
     <span class='ocr_line' id='line_1_16' title="bbox 251 1860 1016 1949; baseline 0.005 -19"><span class='ocrx_word' id='word_1_98' title='bbox 251 1860 484 1930; x_wconf 81' lang='lat' dir='ltr'><strong>illustrissime</strong></span> <span class='ocrx_word' id='word_1_99' title='bbox 502 1883 541 1928; x_wconf 90' lang='lat' dir='ltr'><strong>ac</strong></span> <span class='ocrx_word' id='word_1_100' title='bbox 559 1861 843 1932; x_wconf 86' lang='lat' dir='ltr'><strong>Reverendissime</strong></span> <span class='ocrx_word' id='word_1_101' title='bbox 858 1865 1016 1949; x_wconf 85' lang='lat' dir='ltr'><strong>Domine,</strong></span> 
     </span>
    </p>
   </div>
   <div class='ocr_carea' id='block_1_6' title="bbox 65 2069 1106 3644">
    <p class='ocr_par' dir='ltr' id='par_1_6' title="bbox 163 2069 1103 2255">
     <span class='ocr_line' id='line_1_17' title="bbox 207 2069 1103 2163; baseline 0.004 -22"><span class='ocrx_word' id='word_1_102' title='bbox 207 2071 334 2143; x_wconf 83' lang='lat' dir='ltr'><strong>Ioanne</strong></span> <span class='ocrx_word' id='word_1_103' title='bbox 351 2070 390 2155; x_wconf 89' lang='lat' dir='ltr'><strong>N,</strong></span> <span class='ocrx_word' id='word_1_104' title='bbox 408 2070 524 2141; x_wconf 86' lang='lat' dir='ltr'><strong>aetatis</strong></span> <span class='ocrx_word' id='word_1_105' title='bbox 543 2069 587 2139; x_wconf 69' lang='lat' dir='ltr'><strong>il</strong></span> <span class='ocrx_word' id='word_1_106' title='bbox 604 2093 782 2156; x_wconf 89' lang='lat' dir='ltr'><strong>annorum,</strong></span> <span class='ocrx_word' id='word_1_107' title='bbox 802 2072 1003 2163; x_wconf 86' lang='lat' dir='ltr'><strong>parochiana</strong></span> <span class='ocrx_word' id='word_1_108' title='bbox 1019 2096 1103 2158; x_wconf 90' lang='lat' dir='ltr'><strong>mea,</strong></span> 
     </span>
     <span class='ocr_line' id='line_1_18' title="bbox 163 2165 539 2255; baseline 0.008 -23"><span class='ocrx_word' id='word_1_109' title='bbox 163 2165 356 2235; x_wconf 89' lang='lat' dir='ltr'><strong>humillime</strong></span> <span class='ocrx_word' id='word_1_110' title='bbox 376 2166 509 2255; x_wconf 82' lang='lat' dir='ltr'><strong>exponit</strong></span> <span class='ocrx_word' id='word_1_111' title='bbox 529 2218 539 2250; x_wconf 96' lang='lat'><strong>,</strong></span> 
     </span>
    </p>

    <p class='ocr_par' dir='ltr' id='par_1_7' title="bbox 162 2256 1106 2997">
     <span class='ocr_line' id='line_1_19' title="bbox 208 2256 1104 2349; baseline -0.001 -20"><span class='ocrx_word' id='word_1_112' title='bbox 208 2258 251 2329; x_wconf 87' lang='lat' dir='ltr'><strong>Se</strong></span> <span class='ocrx_word' id='word_1_113' title='bbox 266 2259 324 2328; x_wconf 91' lang='lat' dir='ltr'><strong>die</strong></span> <span class='ocrx_word' id='word_1_114' title='bbox 607 2311 616 2340; x_wconf 90' lang='lat'><strong>,</strong></span> <span class='ocrx_word' id='word_1_115' title='bbox 638 2256 948 2346; x_wconf 81' lang='lat' dir='ltr'><strong>incongregatione</strong></span> <span class='ocrx_word' id='word_1_116' title='bbox 970 2257 1104 2349; x_wconf 80' lang='lat' dir='ltr'><strong>religio·</strong></span> 
     </span>
     <span class='ocr_line' id='line_1_20' title="bbox 162 2350 1104 2444; baseline 0 -24"><span class='ocrx_word' id='word_1_117' title='bbox 162 2373 276 2421; x_wconf 89' lang='lat' dir='ltr'><strong>sarum</strong></span> <span class='ocrx_word' id='word_1_118' title='bbox 300 2352 337 2419; x_wconf 90' lang='lat' dir='ltr'><strong>N.</strong></span> <span class='ocrx_word' id='word_1_119' title='bbox 364 2352 425 2420; x_wconf 91' lang='lat' dir='ltr'><strong>tria</strong></span> <span class='ocrx_word' id='word_1_120' title='bbox 444 2363 516 2421; x_wconf 88' lang='lat' dir='ltr'><strong>vota</strong></span> <span class='ocrx_word' id='word_1_121' title='bbox 538 2351 701 2441; x_wconf 88' lang='lat' dir='ltr'><strong>simplicia</strong></span> <span class='ocrx_word' id='word_1_122' title='bbox 722 2350 941 2433; x_wconf 87' lang='lat' dir='ltr'><strong>obedientiae,</strong></span> <span class='ocrx_word' id='word_1_123' title='bbox 962 2373 1104 2444; x_wconf 87' lang='lat' dir='ltr'><strong>pauper·</strong></span> 
     </span>
     <span class='ocr_line' id='line_1_21' title="bbox 162 2441 1100 2535; baseline 0.002 -23"><span class='ocrx_word' id='word_1_124' title='bbox 162 2447 240 2515; x_wconf 89' lang='lat' dir='ltr'><strong>tatis</strong></span> <span class='ocrx_word' id='word_1_125' title='bbox 260 2456 296 2515; x_wconf 90' lang='lat' dir='ltr'><strong>ct</strong></span> <span class='ocrx_word' id='word_1_126' title='bbox 312 2444 470 2515; x_wconf 89' lang='lat' dir='ltr'><strong>castitatis</strong></span> <span class='ocrx_word' id='word_1_127' title='bbox 483 2444 614 2535; x_wconf 86' lang='lat' dir='ltr'><strong>publice</strong></span> <span class='ocrx_word' id='word_1_128' title='bbox 630 2457 664 2514; x_wconf 89' lang='lat' dir='ltr'><strong>et</strong></span> <span class='ocrx_word' id='word_1_129' title='bbox 679 2445 711 2513; x_wconf 91' lang='lat' dir='ltr'><strong>in</strong></span> <span class='ocrx_word' id='word_1_130' title='bbox 727 2455 925 2534; x_wconf 85' lang='lat' dir='ltr'><strong>perpetuum</strong></span> <span class='ocrx_word' id='word_1_131' title='bbox 939 2441 1100 2528; x_wconf 88' lang='lat' dir='ltr'><strong>emisisse;</strong></span> 
     </span>
     <span class='ocr_line' id='line_1_22' title="bbox 164 2536 1106 2621; baseline 0.002 -16"><span class='ocrx_word' id='word_1_132' title='bbox 164 2551 197 2609; x_wconf 88' lang='lat' dir='ltr'><strong>at</strong></span> <span class='ocrx_word' id='word_1_133' title='bbox 222 2559 304 2608; x_wconf 87' lang='lat' dir='ltr'><strong>vero</strong></span> <span class='ocrx_word' id='word_1_134' title='bbox 324 2559 359 2607; x_wconf 88' lang='lat' dir='ltr'><strong>se</strong></span> <span class='ocrx_word' id='word_1_135' title='bbox 386 2537 506 2607; x_wconf 82' lang='lat' dir='ltr'><strong>abhinc</strong></span> <span class='ocrx_word' id='word_1_136' title='bbox 524 2537 629 2608; x_wconf 89' lang='lat' dir='ltr'><strong>tribus</strong></span> <span class='ocrx_word' id='word_1_137' title='bbox 649 2536 836 2621; x_wconf 87' lang='lat' dir='ltr'><strong>mensibus,</strong></span> <span class='ocrx_word' id='word_1_138' title='bbox 860 2538 947 2607; x_wconf 88' lang='lat' dir='ltr'><strong>ultro</strong></span> <span class='ocrx_word' id='word_1_139' title='bbox 968 2558 1106 2608; x_wconf 89' lang='lat' dir='ltr'><strong>consen·</strong></span> 
     </span>
     <span class='ocr_line' id='line_1_23' title="bbox 163 2630 1105 2721; baseline -0.001 -21"><span class='ocrx_word' id='word_1_140' title='bbox 163 2632 269 2703; x_wconf 88' lang='lat' dir='ltr'><strong>tientc</strong></span> <span class='ocrx_word' id='word_1_141' title='bbox 286 2631 517 2721; x_wconf 88' lang='lat' dir='ltr'><strong>superiorissa,</strong></span> <span class='ocrx_word' id='word_1_142' title='bbox 539 2644 581 2713; x_wconf 90' lang='lat' dir='ltr'><strong>et,</strong></span> <span class='ocrx_word' id='word_1_143' title='bbox 602 2630 650 2702; x_wconf 90' lang='lat' dir='ltr'><strong>uti</strong></span> <span class='ocrx_word' id='word_1_144' title='bbox 667 2631 788 2702; x_wconf 81' lang='lat' dir='ltr'><strong>oratrix</strong></span> <span class='ocrx_word' id='word_1_145' title='bbox 810 2642 960 2712; x_wconf 90' lang='lat' dir='ltr'><strong>testatur,</strong></span> <span class='ocrx_word' id='word_1_146' title='bbox 987 2651 1105 2701; x_wconf 89' lang='lat' dir='ltr'><strong>consu·</strong></span> 
     </span>
     <span class='ocr_line' id='line_1_24' title="bbox 163 2725 1101 2813; baseline 0.003 -23"><span class='ocrx_word' id='word_1_147' title='bbox 163 2725 254 2798; x_wconf 87' lang='lat' dir='ltr'><strong>lente</strong></span> <span class='ocrx_word' id='word_1_148' title='bbox 281 2725 494 2808; x_wconf 80' lang='lat' dir='ltr'><strong>confessario,</strong></span> <span class='ocrx_word' id='word_1_149' title='bbox 515 2746 552 2794; x_wconf 82' lang='lat' dir='ltr'><strong>ex</strong></span> <span class='ocrx_word' id='word_1_150' title='bbox 567 2725 624 2794; x_wconf 92' lang='lat' dir='ltr'><strong>illo</strong></span> <span class='ocrx_word' id='word_1_151' title='bbox 644 2736 806 2794; x_wconf 81' lang='lat' dir='ltr'><strong>conventu</strong></span> <span class='ocrx_word' id='word_1_152' title='bbox 827 2744 995 2813; x_wconf 81' lang='lat' dir='ltr'><strong>egressam</strong></span> <span class='ocrx_word' id='word_1_153' title='bbox 1016 2745 1101 2808; x_wconf 89' lang='lat' dir='ltr'><strong>csse;</strong></span> 
     </span>
     <span class='ocr_line' id='line_1_25' title="bbox 166 2817 1103 2907; baseline 0.002 -23"><span class='ocrx_word' id='word_1_154' title='bbox 166 2818 232 2886; x_wconf 91' lang='lat' dir='ltr'><strong>iam</strong></span> <span class='ocrx_word' id='word_1_155' title='bbox 253 2839 331 2886; x_wconf 86' lang='lat' dir='ltr'><strong>vero</strong></span> <span class='ocrx_word' id='word_1_156' title='bbox 352 2838 387 2887; x_wconf 89' lang='lat' dir='ltr'><strong>se</strong></span> <span class='ocrx_word' id='word_1_157' title='bbox 403 2839 421 2886; x_wconf 89' lang='lat' dir='ltr'><strong>a</strong></span> <span class='ocrx_word' id='word_1_158' title='bbox 436 2818 505 2886; x_wconf 81' lang='lat' dir='ltr'><strong>viro</strong></span> <span class='ocrx_word' id='word_1_159' title='bbox 527 2818 580 2907; x_wconf 89' lang='lat' dir='ltr'><strong>pio</strong></span> <span class='ocrx_word' id='word_1_160' title='bbox 602 2818 826 2887; x_wconf 88' lang='lat' dir='ltr'><strong>inhonestum</strong></span> <span class='ocrx_word' id='word_1_161' title='bbox 850 2817 1103 2887; x_wconf 87' lang='lat' dir='ltr'><strong>matrimonium</strong></span> 
     </span>
     <span class='ocr_line' id='line_1_26' title="bbox 166 2911 983 2997; baseline -0.002 -17"><span class='ocrx_word' id='word_1_162' title='bbox 166 2911 249 2997; x_wconf 87' lang='lat' dir='ltr'><strong>peti.</strong></span> <span class='ocrx_word' id='word_1_163' title='bbox 982 2957 983 2960; x_wconf 63' lang='lat'><strong>,</strong></span> 
     </span>
    </p>

    <p class='ocr_par' dir='ltr' id='par_1_8' title="bbox 65 2998 1105 3371">
     <span class='ocr_line' id='line_1_27' title="bbox 65 2998 1105 3091; baseline -0.004 -19"><span class='ocrx_word' id='word_1_164' title='bbox 65 2998 73 3008; x_wconf 57' lang='lat'>‘</span> <span class='ocrx_word' id='word_1_165' title='bbox 213 3003 323 3085; x_wconf 84' lang='lat' dir='ltr'><strong>Quare</strong></span> <span class='ocrx_word' id='word_1_166' title='bbox 343 3003 530 3071; x_wconf 90' lang='lat' dir='ltr'><strong>humillime</strong></span> <span class='ocrx_word' id='word_1_167' title='bbox 548 3003 714 3091; x_wconf 87' lang='lat' dir='ltr'><strong>supplicat</strong></span> <span class='ocrx_word' id='word_1_168' title='bbox 732 3001 978 3071; x_wconf 89' lang='lat' dir='ltr'><strong>illustrissimae</strong></span> <span class='ocrx_word' id='word_1_169' title='bbox 997 2999 1105 3069; x_wconf 85' lang='lat' dir='ltr'><strong>Domi·</strong></span> 
     </span>
     <span class='ocr_line' id='line_1_28' title="bbox 166 3092 1103 3184; baseline 0.002 -23"><span class='ocrx_word' id='word_1_170' title='bbox 166 3095 293 3166; x_wconf 90' lang='lat' dir='ltr'><strong>nationi</strong></span> <span class='ocrx_word' id='word_1_171' title='bbox 313 3095 458 3179; x_wconf 85' lang='lat' dir='ltr'><strong>Vestrae,</strong></span> <span class='ocrx_word' id='word_1_172' title='bbox 469 3107 506 3164; x_wconf 91' lang='lat' dir='ltr'><strong>ut</strong></span> <span class='ocrx_word' id='word_1_173' title='bbox 520 3114 621 3184; x_wconf 87' lang='lat' dir='ltr'><strong>super</strong></span> <span class='ocrx_word' id='word_1_174' title='bbox 634 3095 675 3165; x_wconf 91' lang='lat' dir='ltr'><strong>iis</strong></span> <span class='ocrx_word' id='word_1_175' title='bbox 689 3095 773 3164; x_wconf 86' lang='lat' dir='ltr'><strong>votis</strong></span> <span class='ocrx_word' id='word_1_176' title='bbox 793 3095 822 3164; x_wconf 91' lang='lat' dir='ltr'><strong>ei</strong></span> <span class='ocrx_word' id='word_1_177' title='bbox 845 3118 862 3164; x_wconf 92' lang='lat' dir='ltr'><strong>a</strong></span> <span class='ocrx_word' id='word_1_178' title='bbox 883 3094 1001 3164; x_wconf 86' lang='lat' dir='ltr'><strong>Sancta</strong></span> <span class='ocrx_word' id='word_1_179' title='bbox 1017 3092 1103 3164; x_wconf 87' lang='lat' dir='ltr'><strong>Sede</strong></span> 
     </span>
     <span class='ocr_line' id='line_1_29' title="bbox 165 3187 1101 3278; baseline 0.005 -25"><span class='ocrx_word' id='word_1_180' title='bbox 165 3187 369 3277; x_wconf 87' lang='lat' dir='ltr'><strong>dispensatio</strong></span> <span class='ocrx_word' id='word_1_181' title='bbox 388 3200 610 3278; x_wconf 86' lang='lat' dir='ltr'><strong>procuretur,</strong></span> <span class='ocrx_word' id='word_1_182' title='bbox 635 3201 672 3259; x_wconf 86' lang='lat' dir='ltr'><strong>ut</strong></span> <span class='ocrx_word' id='word_1_183' title='bbox 691 3188 940 3260; x_wconf 87' lang='lat' dir='ltr'><strong>matrimonium</strong></span> <span class='ocrx_word' id='word_1_184' title='bbox 960 3187 1047 3257; x_wconf 86' lang='lat' dir='ltr'><strong>inire</strong></span> <span class='ocrx_word' id='word_1_185' title='bbox 1067 3199 1101 3258; x_wconf 91' lang='lat' dir='ltr'><strong>et</strong></span> 
     </span>
     <span class='ocr_line' id='line_1_30' title="bbox 166 3281 1103 3371; baseline -0.001 -24"><span class='ocrx_word' id='word_1_186' title='bbox 166 3281 315 3351; x_wconf 88' lang='lat' dir='ltr'><strong>debitum</strong></span> <span class='ocrx_word' id='word_1_187' title='bbox 335 3282 511 3370; x_wconf 82' lang='lat' dir='ltr'><strong>coniugale</strong></span> <span class='ocrx_word' id='word_1_188' title='bbox 527 3294 641 3371; x_wconf 90' lang='lat' dir='ltr'><strong>petere</strong></span> <span class='ocrx_word' id='word_1_189' title='bbox 664 3293 697 3350; x_wconf 91' lang='lat' dir='ltr'><strong>et</strong></span> <span class='ocrx_word' id='word_1_190' title='bbox 716 3283 854 3350; x_wconf 88' lang='lat' dir='ltr'><strong>reddere</strong></span> <span class='ocrx_word' id='word_1_191' title='bbox 874 3281 962 3350; x_wconf 87' lang='lat' dir='ltr'><strong>licite</strong></span> <span class='ocrx_word' id='word_1_192' title='bbox 981 3281 1103 3349; x_wconf 86' lang='lat' dir='ltr'><strong>valeat.</strong></span> 
     </span>
    </p>

    <p class='ocr_par' dir='ltr' id='par_1_9' title="bbox 168 3372 1105 3644">
     <span class='ocr_line' id='line_1_31' title="bbox 212 3372 1103 3464; baseline -0.002 -21"><span class='ocrx_word' id='word_1_193' title='bbox 212 3374 340 3445; x_wconf 76' lang='lat' dir='ltr'><strong>Causae</strong></span> <span class='ocrx_word' id='word_1_194' title='bbox 358 3386 449 3444; x_wconf 90' lang='lat' dir='ltr'><strong>snut:</strong></span> <span class='ocrx_word' id='word_1_195' title='bbox 472 3374 507 3441; x_wconf 82' lang='lat' dir='ltr'><strong>l·</strong></span> <span class='ocrx_word' id='word_1_196' title='bbox 526 3375 613 3464; x_wconf 86' lang='lat' dir='ltr'><strong>quod</strong></span> <span class='ocrx_word' id='word_1_197' title='bbox 635 3374 760 3444; x_wconf 85' lang='lat' dir='ltr'><strong>reditus</strong></span> <span class='ocrx_word' id='word_1_198' title='bbox 790 3373 943 3444; x_wconf 88' lang='lat' dir='ltr'><strong>oratricis</strong></span> <span class='ocrx_word' id='word_1_199' title='bbox 962 3372 996 3441; x_wconf 93' lang='lat' dir='ltr'><strong>in</strong></span> <span class='ocrx_word' id='word_1_200' title='bbox 1020 3392 1103 3441; x_wconf 91' lang='lat' dir='ltr'><strong>con·</strong></span> 
     </span>
     <span class='ocr_line' id='line_1_32' title="bbox 168 3465 1103 3557; baseline 0.001 -26"><span class='ocrx_word' id='word_1_201' title='bbox 168 3475 303 3536; x_wconf 82' lang='lat' dir='ltr'><strong>ventum</strong></span> <span class='ocrx_word' id='word_1_202' title='bbox 330 3488 466 3557; x_wconf 87' lang='lat' dir='ltr'><strong>prorsus</strong></span> <span class='ocrx_word' id='word_1_203' title='bbox 486 3480 536 3537; x_wconf 87' lang='lat' dir='ltr'><strong>est</strong></span> <span class='ocrx_word' id='word_1_204' title='bbox 552 3465 791 3557; x_wconf 78' lang='lat' dir='ltr'><strong>impossibilis3</strong></span> <span class='ocrx_word' id='word_1_205' title='bbox 813 3465 849 3533; x_wconf 55' lang='grc' dir='ltr'><em>Ψ</em></span> <span class='ocrx_word' id='word_1_206' title='bbox 867 3467 976 3555; x_wconf 89' lang='lat' dir='ltr'><strong>quod,</strong></span> <span class='ocrx_word' id='word_1_207' title='bbox 998 3481 1103 3555; x_wconf 90' lang='lat' dir='ltr'><strong>quum</strong></span> 
     </span>
     <span class='ocr_line' id='line_1_33' title="bbox 168 3557 1105 3644; baseline -0.002 -17"><span class='ocrx_word' id='word_1_208' title='bbox 168 3576 223 3627; x_wconf 80' lang='lat' dir='ltr'><strong>res</strong></span> <span class='ocrx_word' id='word_1_209' title='bbox 252 3561 316 3630; x_wconf 91' lang='lat' dir='ltr'><strong>iam</strong></span> <span class='ocrx_word' id='word_1_210' title='bbox 337 3582 377 3631; x_wconf 89' lang='lat' dir='ltr'><strong>eo</strong></span> <span class='ocrx_word' id='word_1_211' title='bbox 407 3560 623 3644; x_wconf 78' lang='lat' dir='ltr'><strong>devenerint,</strong></span> <span class='ocrx_word' id='word_1_212' title='bbox 653 3560 806 3630; x_wconf 86' lang='lat' dir='ltr'><strong>oratricis</strong></span> <span class='ocrx_word' id='word_1_213' title='bbox 825 3560 953 3628; x_wconf 89' lang='lat' dir='ltr'><strong>indoles</strong></span> <span class='ocrx_word' id='word_1_214' title='bbox 980 3557 1105 3627; x_wconf 86' lang='lat' dir='ltr'><strong>eteius</strong></span> 
     </span>
    </p>
   </div>
   <div class='ocr_carea' id='block_1_7' title="bbox 0 0 1341 4175">
    <p class='ocr_par' dir='ltr' id='par_1_10' title="bbox 0 0 1341 4175">
     <span class='ocr_line' id='line_1_34' title="bbox 0 0 1341 4175; baseline 0 0"><span class='ocrx_word' id='word_1_215' title='bbox 0 0 1341 4175; x_wconf 95' lang='lat' dir='ltr'><strong> </strong></span> 
     </span>
    </p>
   </div>
  </div>
 </body>
</html>
