2642 4175
342 335 386 378 nn
403 334 639 381 mnnnmnnnts
656 336 859 382 unnnmomn
953 322 1018 382 eat

137 430 281 500 tiendum
303 428 333 499 ci
354 430 625 501 sanctificationis
641 432 794 521 gratiam.
815 457 830 499 ›
849 432 999 506 Praestat
1014 435 1068 506 hic

137 525 248 593 audire
268 523 364 592 Pium
386 524 448 608 tx,
471 525 529 615 qui
549 538 724 616 postquam
757 526 851 597 Brevi
874 551 890 597 r
913 531 961 597 dn
981 531 1067 601 dro-

135 636 286 686 srottctn
307 641 323 682 a
345 615 391 684 Sd
409 618 548 707 Augusti
569 618 655 688 1851
675 672 685 703 ,
704 620 899 709 proscripsit
916 622 1068 712 proposi·

137 711 272 793 tionem,
289 732 355 801 qua
369 712 473 803 Nupta
489 713 608 782 asserit
626 737 641 779 a
658 714 858 784 Matrimonii
877 712 1069 785 Sacramen-

134 816 202 873 tum
224 824 291 873 non
312 823 407 887 esse,
438 805 504 873 nisi
533 806 611 896 quid
632 808 816 876 contractui
846 809 1067 878 accessorium

136 897 173 964 ab
191 918 301 986 eoque
321 898 509 985 separabile
531 922 546 965 a
568 901 651 969 haec
680 901 845 969 allocutus
864 913 915 971 est
930 901 964 969 in
982 901 1068 971 Con·

136 990 266 1059 sistorio
285 1004 413 1059 secrete
431 989 474 1058 et
496 991 702 1081 Septembris
716 991 833 1061 idid:
857 1017 872 1060 r
895 994 999 1064 Nemo
1030 1014 1069 1063 ex

136 1082 304 1152 catholicis
324 1083 467 1171 ignorat,
490 1098 548 1155 aut
566 1086 723 1174 ignorare
743 1096 873 1175 potest,
896 1086 1069 1155 matrimo-

135 1176 226 1243 nium
248 1197 321 1245 esse
338 1198 416 1245 rere
436 1189 468 1246 et
486 1180 621 1268 proprie
642 1200 746 1249 unum
765 1199 802 1248 ex
822 1189 949 1268 septem
969 1178 1070 1247 livan-

136 1269 259 1355 gelicae
280 1270 364 1357 legis
383 1269 605 1341 Sacramentis
625 1293 643 1341 a
663 1272 794 1342 Christo
817 1270 956 1340 Dumino
975 1271 1070 1341 insti-

137 1373 256 1446 tutum,
279 1383 317 1431 ac
340 1375 516 1453 propterca
550 1365 639 1435 inter
671 1366 785 1434 tideles
819 1364 1069 1434 matrimonium

138 1455 205 1522 dari
226 1476 293 1523 non
314 1477 428 1544 posse,
451 1457 532 1546 quin
552 1478 619 1527 uno
640 1459 826 1547 eodemque
856 1469 1006 1548 tempore
1025 1457 1069 1527 sit

140 1546 402 1631 Sacramentum,
413 1562 513 1640 atquc
527 1551 651 1621 idcirco
669 1551 852 1642 quamlibet
868 1552 966 1621 aliam
984 1551 1071 1621 inter

137 1640 345 1710 christanae
354 1643 415 1711 viri
429 1657 462 1712 et
478 1645 639 1727 mulieris,
653 1658 788 1735 praeter
803 1643 1067 1726 Sacramentum,

32 1799 33 1808 ,
138 1734 404 1804 coniunctionem
425 1738 667 1827 cuiuscumque
696 1738 794 1807 etiam
816 1738 919 1807 civilis
937 1737 1020 1827 legis
1040 1738 1070 1804 vi
1163 1747 1166 1754 “

32 1861 33 1866 1
138 1827 254 1896 factam
275 1829 359 1896 nihil
380 1831 470 1898 aliud
496 1847 567 1900 esse
595 1831 660 1899 nisi
691 1841 823 1919 turpem
845 1843 877 1899 et
905 1831 1070 1900 exitialem

142 1921 398 1991 concubinatum
420 1924 462 1992 ab
480 1924 625 1993 Ecclesia
656 1935 830 2009 tantopere
863 1923 1068 2004 damnatum,

138 2033 174 2081 ac
189 2014 332 2102 proinde
351 2037 368 2084 a
387 2016 554 2107 coniugali
584 2017 719 2085 loedere
739 2014 992 2083 Sacramentum
1023 2035 1073 2081 se-

138 2108 245 2195 parari
267 2129 451 2198 numquam
473 2131 594 2200 posse,
621 2132 635 2175 a
659 2121 692 2179 et
712 2107 913 2177 allocutione
933 2105 977 2174 ne
996 2104 1067 2174 Oct.

139 2198 241 2282 tate,
261 2201 333 2270 Non
347 2221 464 2287 sunno,
481 2204 563 2272 haec
576 2202 676 2270 habet
693 2202 810 2270 rlntcr
828 2200 944 2269 fideles
961 2198 1073 2268 matri·

139 2294 287 2362 monium
303 2315 453 2365 essenon
466 2309 584 2386 potest,
601 2295 682 2386 quin
704 2315 771 2363 uno
790 2295 975 2382 eodemque
992 2304 1073 2361 tem-

138 2407 217 2474 pere
236 2387 280 2455 sit
296 2386 558 2459 Sacramentum.
578 2389 716 2478 »igilur
732 2388 772 2473 si,
791 2386 1072 2478 quemadmodum

138 2481 266 2548 llarcus
286 2481 447 2552 Antonius
466 2482 511 2552 De
531 2482 678 2552 Dominis
702 2482 867 2551 affirmare
888 2501 954 2548 non
975 2479 1072 2548 dubi·

138 2573 241 2657 tavit,
266 2597 281 2640 r
305 2577 389 2644 ratio
420 2576 622 2645 Sacramenti
643 2576 873 2664 superveniret
900 2574 1072 2642 matrimo-

139 2666 194 2735 nio
221 2667 289 2734 iam
320 2670 417 2756 plene
439 2681 473 2739 et
491 2670 635 2758 perfecte
668 2669 871 2751 constituto,
890 2667 1073 2737 concilicet

140 2761 250 2843 medo,
274 2782 341 2850 quo
361 2763 526 2850 perlectae
547 2762 611 2831 iarn
631 2762 764 2832 tabulae
784 2761 918 2829 additur
945 2761 1070 2828 caelata

141 2869 274 2937 corona,
295 2855 346 2924 vel
365 2856 544 2946 phrygium
570 2875 653 2942 opus
670 2854 838 2935 vestibus;
864 2874 878 2917 i
901 2852 978 2920 etsi
999 2852 1072 2921 eius

139 2945 304 3030 validitas,
325 2960 363 3018 ut
385 2949 472 3018 idam
494 2945 704 3037 praetendit,
730 2969 744 3011 a
769 2943 850 3013 ervi
869 2944 974 3013 civilis
992 2965 1071 3013 con-

141 3048 282 3122 tractae,
303 3062 403 3129 quem
422 3043 546 3109 sactum
568 3039 778 3128 legitimum,
801 3048 836 3106 et
855 3036 889 3103 io
919 3057 1072 3106 snoaesse

141 3133 365 3223 undequaque
384 3136 569 3223 perfectum
595 3130 776 3220 supponit,
799 3129 951 3218 cognosci
972 3126 1071 3196 debe-

140 3236 200 3309 ret,
228 3250 243 3291 a
266 3227 348 3295 illud
376 3228 524 3316 prolecto
554 3234 840 3314 consequeretur,
874 3220 964 3290 aliud
1000 3238 1084 3316 esse

141 3319 415 3404 matrimonium,
439 3332 472 3390 et
503 3320 593 3390 aliud
626 3318 900 3397 Sacramentum,
922 3314 1072 3403 adeoque

140 3413 391 3482 matrimonium
411 3435 478 3483 non
499 3434 597 3490 rere,
616 3424 650 3482 et
666 3411 800 3500 proprie
821 3408 1071 3477 Sacramentum

32 3570 33 3575 ,
141 3525 225 3588 esse,
248 3508 342 3595 quod
360 3528 397 3575 ex
417 3509 516 3576 citato
536 3503 721 3575 Tridentini
746 3523 871 3573 canone
899 3502 1073 3570 manifeste

239 3637 278 3691 Do
295 3635 456 3689 llutrtmoatc
972 3634 1003 3682 at
