2642 4175
262 352 325 410 164
598 362 703 408 curun
719 362 766 406 nr.

211 465 340 535 ridetur
358 459 584 543 descendere,
607 461 696 551 quod
717 461 832 530 eadem
854 463 1006 551 cognatio
1027 465 1150 553 civilis,

211 578 270 629 seu
300 556 416 646 legalis
437 553 634 645 neutiquam
664 553 903 639 contrahatur,
935 556 963 625 si
990 560 1151 630 naturalis

211 652 301 721 filins
315 700 323 731 ,
339 660 452 739 utpote
473 645 679 737 sstegitimns,
710 647 842 718 vinculo
863 650 989 739 patriae
1009 664 1151 741 potesta·
1244 715 1246 718 .

211 747 255 815 tis
276 744 471 832 nentiquam
493 741 641 830 ligatur,
667 753 767 831 prout
795 762 908 812 revera
929 765 995 813 non
1016 746 1148 834 ligatur.

212 840 283 908 Hoc
306 838 396 908 enim
419 856 496 905 casu
515 834 730 919 verificatur,
754 837 841 926 quod
869 837 967 906 ambo
1000 858 1067 908 non
1088 841 1154 912 sint

213 933 275 1003 sub
307 941 469 1021 potestate
498 929 711 1018 adoptantis,
744 942 843 1020 prout
876 929 940 1000 hoe
976 933 1083 1023 ipsum
1117 935 1151 1004 in

212 1024 315 1118 priori
337 1045 417 1095 casn
437 1022 639 1093 verificatur.

238 1119 410 1190 eTertium
428 1117 518 1208 quod
539 1115 664 1187 moveri
685 1115 827 1185 dubium
848 1129 956 1209 potest
976 1118 1010 1187 in
1031 1140 1070 1188 eo
1083 1140 1151 1189 ver·

213 1216 320 1298 titur,
354 1234 396 1283 an
424 1212 513 1280 inter
535 1209 621 1280 idios
653 1206 849 1301 adoptivos,
879 1211 937 1302 qui
967 1230 1086 1302 nempe
1109 1214 1149 1282 ab

213 1309 328 1379 oedem
347 1325 489 1396 persona
510 1304 636 1374 fuerint
654 1305 827 1393 adoptati,
850 1305 1031 1375 consistere
1048 1307 1150 1396 possit

214 1400 480 1481 matrimonium,
503 1397 553 1466 vei
574 1399 684 1486 potius
700 1398 809 1469 obstet
827 1399 942 1482 civilis,
964 1400 1014 1468 rel
1035 1399 1148 1487 legalis

213 1493 394 1586 cognatio,
418 1503 497 1583 puta
517 1491 544 1560 si
564 1491 664 1560 Caius
685 1493 851 1581 adoptavit
876 1492 998 1562 Titium
1020 1506 1054 1561 et
1072 1493 1149 1563 Ber·

213 1604 308 1672 tant,
332 1587 456 1679 poterit
479 1604 521 1655 ne
541 1583 647 1655 Titius
668 1585 800 1656 Bertam
822 1584 974 1656 duceret
993 1586 1147 1657 Rationes

212 1704 251 1752 ex
283 1692 426 1771 utreque
459 1689 553 1766 perte
573 1679 710 1749 adducit
729 1678 876 1749 Sanebez
895 1681 936 1749 de
956 1691 1037 1748 mat.
1056 1681 1079 1748 l.
1103 1679 1147 1762 t,

214 1777 301 1866 disp.
323 1772 380 1859 63,
400 1796 437 1842 ιι.
454 1770 517 1856 28,
541 1771 598 1842 ubi
619 1785 731 1843 tannen
753 1773 825 1862 ipse
845 1794 917 1842 eam
940 1773 1147 1861 amplectitur

215 1867 439 1949 sententiam,
461 1887 548 1957 quae
576 1867 719 1936 adstruit
742 1868 868 1935 nullam
886 1867 973 1936 inter
993 1887 1050 1935 eos
1069 1867 1148 1936 oriri

213 1962 445 2052 cognationem
463 1961 619 2050 legalem,
639 1972 739 2050 atque
753 1959 876 2031 idcirco
896 1980 992 2050 posse
1009 1959 1147 2031 invicem

213 2056 423 2129 matrimonio
438 2053 599 2146 copulari,
617 2075 705 2145 quae
723 2074 802 2123 sane
823 2054 1000 2138 sententia,
1020 2053 1046 2122 si
1064 2055 1147 2124 farte

211 2171 278 2220 non
297 2151 340 2222 sit
358 2149 575 2241 probabilior,
592 2169 673 2237 prae
693 2148 858 2218 contraria
873 2161 997 2231 tamen,
1017 2170 1101 2239 qnae
1114 2150 1147 2217 id

213 2257 330 2334 negat,
348 2258 399 2316 est
418 2263 497 2313 sane
517 2242 729 2312 communior
756 2254 856 2332 atque
875 2243 1054 2331 receptior.

257 2339 419 2420 Quartum
438 2336 596 2426 denique,
615 2337 704 2425 quod
719 2337 907 2424 promereri
924 2336 1063 2404 dubium
1078 2347 1147 2424 pot·
1222 2401 1225 2408 ,
1293 2291 1294 2324 i

212 2444 281 2514 est,
301 2433 383 2500 illud
404 2441 477 2513 est,
500 2450 541 2498 an
567 2429 703 2499 dirimat
721 2429 969 2499 matrimonium
989 2482 999 2513 ,
1019 2442 1089 2499 tum
1110 2450 1146 2498 ea

212 2525 366 2613 cognatio
385 2519 527 2612 legalis,
552 2541 638 2612 quae
659 2524 818 2592 transient
836 2524 871 2592 in
898 2523 1040 2613 patriam
1061 2533 1148 2612 pote·

211 2625 332 2688 statem
350 2616 558 2706 adoptantis,
584 2639 739 2707 quaeque
754 2618 863 2686 vocari
884 2619 967 2687 solet
982 2617 1144 2708 perfecta,

212 2725 283 2780 tum
312 2711 412 2781 etiam
430 2732 492 2794 ca,
515 2729 601 2801 qnae
621 2712 743 2801 passim
764 2711 956 2801 imperfecta
976 2730 1146 2800 nuncupa·

213 2819 278 2889 tnr,
299 2825 453 2898 quaeque
467 2826 506 2873 er
519 2804 694 2874 iustiniani
709 2804 944 2874 constitutione
959 2803 992 2872 in
1006 2803 1145 2894 patriam

212 2911 407 2986 potestatem
429 2898 615 2988 adoptantis
635 2919 702 2967 non
727 2898 907 2980 transient,
930 2918 1005 2966 cum
1026 2916 1144 2986 nempe

211 2992 301 3063 fitius
319 3013 337 3063 a
355 3004 449 3082 patre
468 2993 503 3061 in
521 2993 732 3083 adoptionem
754 2994 852 3060 datur
877 3002 1053 3061 extraneae
1074 3010 1146 3079 per·

171 3109 173 3114 ·
212 3104 324 3167 sonae,
341 3108 428 3177 quae
441 3085 567 3154 scilicet
580 3107 647 3154 non
660 3087 704 3154 sit
720 3107 758 3153 ex
774 3084 1029 3154 ascendentibus
1042 3082 1146 3171 ipsius

212 3180 376 3271 adoptati?
391 3180 514 3250 Bened.
532 3179 612 3262 xlv,
635 3178 743 3248 citatis
764 3177 956 3247 auctoribus
977 3198 1038 3267 pro
1054 3187 1146 3244 utra·
1168 3264 1173 3268 ¹

213 3296 279 3364 que
299 3275 475 3356 sententia,
497 3272 733 3342 animadvertit
752 3271 980 3362 quaestionem
998 3271 1031 3338 in
1052 3268 1087 3337 S.
1107 3268 1142 3338 C.
1233 3269 1235 3276 ’

212 3366 302 3436 035
315 3364 786 3457 Septandiddpropositam
802 3375 835 3434 et
852 3365 1009 3453 agitatam
1029 3363 1140 3443 fuisse,

212 3460 366 3550 nihilque
388 3481 425 3529 ex
444 3460 623 3544 decisione,
641 3475 728 3550 quae
748 3458 882 3549 prodiit,
905 3458 1011 3527 evinci
1033 3476 1141 3546 posse.

212 3554 371 3640 Sanohez,
393 3554 527 3643 lingbu,
549 3553 856 3644 Schmalzgrueber,
875 3552 998 3637 dollet,
1023 3550 1144 3639 aliique
