2642 4175
376 347 420 390 un
438 347 674 392 manmunnurs
691 348 890 395 unanimorum
989 340 1053 397 139

165 443 218 513 eui
239 441 362 512 volenti
385 443 641 533 primogenitam
661 456 694 514 et
715 444 893 516 haeredem
918 449 1047 537 Regni,
1074 462 1108 519 et

163 557 233 607 non
253 536 352 604 aliam
369 536 503 622 ducere,
526 539 725 607 obtrudatur
739 541 1011 629 secundogenita;
1026 553 1108 611 ωηο

166 631 256 699 euim
272 650 368 699 error
386 630 555 718 qualitatis
574 632 784 701 redundatia
799 633 1015 703 substantiam
1035 656 1107 723 per·

166 744 280 807 sonae,
298 733 337 791 ut
352 720 545 795 Scholastici
564 727 759 816 loquuntur.

219 816 393 897 Quaerunt
417 830 528 888 autem
566 819 745 901 Doctores,
770 820 979 908 quandonam
1010 841 1106 891 error

170 909 342 1000 qualitatis
373 922 430 978 aut
459 913 612 982 fortunae
632 914 666 982 in
692 932 854 1002 personae
886 913 1104 984 substantiam

168 1004 347 1072 redundat.
378 1003 559 1074 Clerieatus
584 1007 657 1076 dec.
686 1004 744 1074 l9.
778 1006 818 1074 de
839 1004 929 1073 Sacr.
952 1007 1045 1076 Matr.
1067 1030 1102 1079 n·

168 1094 213 1163 at
252 1097 323 1166 ait:
368 1096 526 1167 «Verum
563 1100 603 1167 ad
638 1099 931 1188 cognoscendum,
972 1101 1106 1187 quando

168 1209 266 1258 error
298 1189 465 1259 redundet
496 1191 530 1259 in
562 1192 780 1262 substantiam
814 1211 999 1281 personae,
1023 1193 1107 1263 adeo
1212 1244 1215 1251 ψ

169 1283 297 1352 confusi
329 1293 361 1351 et
389 1284 557 1354 discordes
584 1298 663 1356 sunt
682 1280 832 1354 doctores
852 1285 885 1353 in
907 1284 1104 1372 assignanda

171 1376 314 1464 regula,
338 1387 375 1445 ut
394 1377 441 1445 illi
470 1378 590 1467 quise
622 1378 822 1468 profitentur
851 1378 1037 1461 faciliores,
1071 1380 1107 1448 iu¹

169 1470 290 1538 ellectu
311 1470 522 1540 obscuriores
553 1475 714 1554 evadant,
737 1485 769 1541 et
789 1474 877 1561 quod
900 1472 996 1541 multi
1018 1494 1108 1542 asse·

168 1576 250 1633 runt
271 1564 313 1631 de
341 1564 494 1634 nullitate
526 1565 729 1634 matrimonii
749 1566 836 1634 circa
855 1585 1002 1634 errorem
1025 1579 1106 1655 quaa

169 1656 298 1739 litatis,
321 1657 375 1725 alii
409 1658 576 1727 affirmant
599 1660 639 1728 de
671 1658 849 1728 validitate.
871 1682 886 1723 r
907 1656 941 1724 S.
963 1659 1108 1729 l'bomas

168 1751 281 1839 suppl.
314 1772 355 1839 q.
384 1748 441 1834 5l,
464 1763 526 1820 art.
551 1750 572 1819 2
593 1753 632 1820 ad
654 1750 699 1821 5:
735 1778 748 1817 a
775 1752 901 1835 Error,
923 1751 991 1830 ait,
1010 1752 1106 1822 nobi·

167 1843 285 1925 litatis,
304 1843 338 1912 in
359 1857 521 1934 quantum
551 1845 769 1929 huiusmodi,
793 1866 859 1914 non
881 1857 1017 1914 evacuat
1036 1867 1106 1914 ma·

169 1936 393 2020 immanium,
417 1940 532 2008 eadem
555 1939 710 2022 ratione,
738 1960 802 2028 qua
820 1957 894 2006 ⁴uec
910 1959 1005 2007 error
1025 1960 1107 2028 qua·

168 2030 285 2113 litatis3
301 2031 358 2099 sed
379 2030 406 2100 si
427 2052 521 2101 error
536 2031 719 2102 nobilitatis
735 2032 785 2101 vel
802 2030 971 2119 dignitatis
984 2033 1107 2101 redun-

21 2216 26 2228 .
142 2187 143 2190 ,
168 2126 225 2192 dat
246 2124 281 2192 in
303 2144 451 2194 errorem
472 2146 658 2215 personae,
681 2138 761 2194 tuno
778 2124 917 2212 impedit
937 2125 1107 2194 matrimo-

168 2217 277 2300 nium,
298 2218 387 2286 unde
399 2219 427 2286 si
445 2239 625 2288 consensus
645 2216 797 2286 mulieris
816 2217 943 2284 seratur
959 2216 992 2282 in
1010 2216 1107 2285 istam

166 2331 346 2399 personam
367 2311 503 2394 directe,
526 2333 622 2381 error
638 2310 821 2380 nobilitatis
841 2309 931 2377 illius
960 2328 1026 2376 non
1046 2308 1107 2376 im·

165 2404 261 2492 pedit
280 2404 549 2488 matrimonium3
571 2405 597 2473 si
614 2416 725 2474 autem
738 2402 863 2472 directe
877 2401 1020 2471 intendit
1032 2422 1108 2471 coo·

166 2517 302 2567 sensum
324 2497 358 2565 in
378 2498 483 2566 filiurn
505 2498 604 2586 regis,
634 2498 838 2587 quicumque
857 2496 900 2564 sit
930 2495 1007 2576 ille,
1027 2506 1107 2565 tune

165 2589 195 2658 si
217 2590 303 2659 alius
322 2602 552 2678 praesentetur
571 2592 614 2674 ei,
638 2611 737 2681 quam
758 2590 847 2659 filius
867 2589 967 2679 regis,
987 2600 1037 2658 est
1052 2610 1106 2659 er·

166 2704 408 2772 ror‘personae
426 2695 459 2753 et
486 2684 685 2773 impedietur
705 2683 968 2752 matrimonium.
988 2706 1001 2747 i
1025 2682 1106 2752 Vide

166 2778 208 2846 de
229 2776 294 2845 boc
311 2788 399 2846 textu
419 2797 446 2845 s.
469 2778 673 2867 Alphonsum
690 2779 730 2847 de
750 2778 881 2863 Ligario
902 2778 942 2845 de
958 2775 1103 2844 Matrim.

166 2891 202 2958 p·
224 2867 334 2938 1015.ν
353 2869 456 2940 Gobat
475 2882 571 2939 tract.
609 2870 649 2944 ll
670 2923 678 2954 ,
701 2892 735 2939 u.
759 2867 827 2938 ild
859 2869 968 2937 minus
991 2870 1103 2938 forsan

167 2974 334 3045 accurate,
353 2984 391 3031 ac
411 2964 520 3032 minus
538 2965 603 3034 lata
621 2964 685 3036 ait:
711 2964 846 3032 «Error
864 2962 1034 3051 qualitatis
1053 2983 1103 3031 re·

166 3057 295 3125 dundat
326 3057 360 3124 iu
391 3078 590 3144 personam,
619 3058 752 3147 quaudo
779 3056 921 3145 qualitas
951 3066 1000 3124 est
1025 3055 1104 3123 linis

168 3148 390 3231 matrimonii,
412 3160 446 3219 et
466 3150 714 3220 matrimonium
733 3161 783 3218 est
802 3148 935 3217 unicum
955 3148 1099 3215 medium

147 3243 206 3310 'ad
228 3242 329 3310 linem
351 3242 469 3326 illum,
499 3264 559 3313 seu
585 3243 780 3333 qualitatem
805 3239 1060 3329 assequendam.
1082 3264 1099 3306 a

168 3333 467 3424 Sobmalzgrueber
483 3339 524 3406 ad
537 3337 587 3406 tit.
615 3337 655 3405 de
675 3354 786 3425 spons.
803 3346 837 3403 et
850 3344 928 3401 mat.
954 3357 968 3399 a
992 3331 1025 3401 Si
1040 3354 1102 3421 per

167 3428 362 3518 qualitatem
380 3428 414 3497 in
435 3451 498 3519 qua
532 3440 665 3499 erratur
684 3440 772 3499 certa
794 3437 827 3496 et
843 3425 1009 3495 individua
1023 3447 1100 3515 per·

160 3541 253 3592 >sonav
271 3523 483 3611 designatur,
505 3523 685 3613 animoque
713 3520 910 3610 concipitur,
930 3540 1015 3608 quae
1032 3520 1100 3588 visa
