2642 4175
287 289 355 347 360
538 347 543 356 ,
622 302 725 348 cucur
742 303 789 347 111.

241 398 305 467 rito
325 400 468 469 inlertur
496 419 562 468 uon
592 420 664 470 esso
684 397 906 468 necessarium
935 409 972 465 ut
1003 401 1115 486 copula
1134 402 1163 468 in

240 492 303 559 hoc
333 491 570 581 impedimento
608 492 823 582 exprimatur.
855 489 1031 560 Praeterea
1061 492 1094 562 in
1117 513 1164 561 ca·

239 583 330 652 sibus
358 586 399 654 de
432 586 614 670 affinitate,
645 583 931 673 consanguinitate
952 595 984 652 et
1010 583 1165 672 spirituali

241 677 465 766 cognatione,
494 678 696 767 dispensatio
727 677 923 765 subreptitia
956 677 1120 763 habetur,
1142 682 1164 747 si
1280 675 1283 738 s

242 769 358 859 copula
379 791 447 839 nou
468 771 703 861 praecesserit,
725 772 782 841 sed
803 770 930 838 litteras
956 770 1166 859 dispensatio·

241 862 293 931 nis
312 863 514 953 subsequuta
536 866 590 949 sit,
610 875 787 953 antequam
810 863 897 951 ipsos
917 862 1046 932 litteras
1077 863 1165 933 Ordi-

239 955 354 1024 narius
377 970 577 1046 exsequutus
606 956 732 1036 luerit,
752 968 785 1026 et
801 955 1082 1042 dispensationem
1110 958 1165 1025 im·

240 1049 423 1136 pertinent,
455 1050 545 1138 quia,
568 1062 605 1119 ut
625 1051 672 1118 ait
691 1047 819 1140 Sylvius
846 1048 999 1117 Resolut.
1033 1050 1163 1133 variar,
1280 1127 1281 1134 χ

241 1141 332 1209 verb.
356 1144 575 1232 dispensatio:
601 1167 615 1209 ι
640 1142 681 1212 Ut
699 1143 788 1211 bulla
815 1141 964 1210 mandari
984 1144 1090 1229 possit
1118 1164 1166 1212 eu·

239 1235 413 1318 secutioni,
435 1248 566 1325 oportet
585 1255 709 1318 casum,
731 1234 789 1324 qui
822 1234 856 1302 in
886 1255 923 1303 ea
944 1236 1161 1323 proponitur,

240 1346 375 1397 manere
396 1327 605 1413 invariatum,
628 1329 858 1418 quoadusque
879 1327 948 1416 ipsa
962 1327 1012 1422 sit
1040 1329 1166 1398 exsecu'·

241 1418 322 1488 tioni
354 1421 544 1491 mandata.»
578 1421 736 1511 Copulam
770 1441 848 1489 vero
884 1421 1164 1509 supervenientem

239 1524 313 1597 post
332 1513 608 1601 dispensationem
631 1515 672 1582 ab
694 1512 868 1582 Ordinario
890 1514 1008 1580 iactam
1028 1534 1096 1582 non
1110 1515 1166 1582 im·
1275 1525 1279 1528 “

240 1603 354 1689 pedire
377 1606 579 1674 matrimonii
608 1607 810 1676 validitatem
848 1605 1025 1673 declaravit
1057 1608 1165 1675 eadem

240 1694 459 1786 Congregatio
502 1698 640 1768 Consilii
678 1699 764 1788 apud
798 1697 946 1767 Garziam
980 1698 1021 1766 de
1056 1698 1163 1768 Benel.

240 1800 325 1873 part.
341 1787 374 1872 8,
397 1810 469 1880 cap,
489 1788 522 1874 3,
542 1792 600 1861 ubi
620 1793 716 1882 plura
736 1791 865 1861 adrem
888 1791 1050 1880 congerit.
1075 1791 1166 1860 Simi-

239 1880 315 1950 liter
341 1882 369 1951 si
388 1882 537 1954 Pontifex
557 1905 622 1953 uon
651 1885 685 1953 in
705 1885 810 1953 lorma
836 1884 1087 1967 commissario,
1114 1884 1167 1953 sed

241 1973 276 2040 in
294 1975 397 2064 lorma
420 1977 562 2064 gratiosa
583 1978 711 2047 litteras
740 1976 994 2065 dispensationis
1030 1976 1164 2058 dederit,

241 2066 305 2137 hoc
322 2082 373 2140 est
392 2070 541 2141 absolute
573 2082 606 2140 et
641 2069 832 2139 immediate
852 2091 913 2159 per
931 2091 967 2140 so
989 2069 1098 2159 ipsum
1125 2068 1168 2137 di·

239 2165 443 2248 spensando,
468 2165 585 2254 copula
605 2162 841 2253 superveniens
862 2162 1075 2232 matrimonio
1092 2163 1167 2233 vali·

239 2255 280 2322 de
300 2254 445 2325 ineundo
462 2278 528 2326 non
548 2257 688 2325 obsistit.
710 2257 898 2338 Caeterum,
921 2256 1051 2345 quoties
1071 2276 1165 2344 copu-

238 2346 293 2430 la,
323 2362 359 2417 ut
379 2349 474 2418 unica
507 2371 605 2418 causa
631 2349 741 2418 finalis
763 2349 958 2431 adducitur,
983 2348 1165 2417 necessario

238 2459 376 2525 prorsus
396 2442 592 2531 requiritur,
615 2442 703 2511 iuxta
725 2442 759 2510 S.
781 2441 984 2530 Alphonsum
1006 2462 1040 2509 n.
1063 2438 1163 2521 1131,

239 2531 389 2621 aliosque
414 2547 585 2617 auctores,
613 2535 750 2605 utillud
772 2534 872 2603 etiam
892 2535 1106 2623 exprimatur,
1127 2553 1166 2602 an

238 2624 307 2692 sola
321 2625 459 2694 libidine
474 2626 584 2696 habita
601 2626 655 2709 sit,
673 2649 716 2696 au
727 2627 791 2731 pub
808 2648 865 2717 spe
879 2628 1010 2696 facilius
1022 2627 1167 2696 obtinen-

239 2716 300 2785 dae
318 2717 591 2808 dispensationis;
610 2721 656 2789 sic
677 2708 766 2790 euim
786 2716 988 2808 dispensatio
1005 2730 1063 2788 eut
1077 2720 1165 2788 nullo

237 2821 332 2897 pacto
353 2823 410 2880 aut
422 2813 590 2882 difficilius
609 2815 812 2896 conceditur,
835 2834 877 2883 ne
895 2813 1035 2882 lacilitas
1053 2812 1165 2881 veniae

237 2903 436 2974 incentivum
466 2927 504 2975 aa
535 2907 707 2976 stimulum
741 2905 866 2977 tribuat
885 2905 1166 2996 delinquendi3e

238 3007 351 3064 contra
381 2997 521 3068 intentio
546 3019 612 3069 non
642 3010 729 3068 esset
758 2999 1000 3089 exprimenda,
1027 2997 1053 3068 si
1084 2999 1181 3067 aliae·

239 3109 357 3160 causae
381 3092 582 3162 sufficientes
601 3092 794 3161 afferantur.
816 3092 879 3159 Alii
904 3092 995 3161 nulla
1015 3092 1098 3160 lecta
1120 3090 1166 3158 di-

237 3182 412 3253 stinctione
425 3185 621 3275 loquuntur,
642 3194 676 3254 et
696 3184 898 3254 mentionem
921 3185 1102 3253 malitiosae
1118 3184 1167 3251 in·

238 3276 395 3345 tentionis
407 3298 539 3366 semper
551 3279 769 3367 expostulant.
784 3277 862 3348 Vide
875 3277 998 3347 Bened.
1013 3275 1076 3359 XV,
1087 3275 1164 3346 lust.

237 3369 316 3434 eccl.
339 3365 396 3454 87,
416 3393 450 3459 p.
468 3368 528 3439 10.
551 3372 643 3440 Hanc
664 3371 860 3439 seutentiam
884 3370 1078 3441 servandam
1097 3387 1166 3437 esse

237 3457 489 3547 existimamus;
511 3484 578 3533 non
596 3485 635 3534 eo
660 3476 773 3534 tamen
792 3463 1026 3553 progredimur
1051 3473 1089 3530 ut
1106 3460 1167 3528 im·
