2642 4175
275 376 342 434 tto
583 388 746 434 mensum
761 388 809 434 ιιι.

225 485 450 577 feruutflum
476 494 587 553 autem
615 500 734 555 natura
762 496 795 552 et
821 483 906 552 ratio
924 482 1037 552 iudicii
1059 503 1151 572 expo·

225 593 308 662 scat,
325 592 362 648 ut
379 577 540 649 sententia
559 577 593 646 in
614 577 765 648 subditos
783 589 911 646 tantum
933 578 1068 659 feratur,
1088 599 1150 645 ma-

228 673 385 742 nifestum
407 684 457 742 est
477 671 601 740 nullius
622 670 781 741 momenti
813 692 886 751 esse
920 672 1150 740 absolutionem
1263 728 1265 731 .

229 766 269 835 ab
288 787 328 836 eo
347 767 520 855 prolatam,
543 767 601 855 qui
622 765 655 833 in
676 765 900 854 poenitentem
932 786 1042 855 neqoe
1073 765 1152 833 ordia

229 859 356 929 nariam
384 880 493 948 neque
519 860 704 947 delegatam
731 858 993 928 iurisdictionem
1028 858 1151 928 babeat.

227 952 333 1023 Porro
352 952 615 1022 iurisdictionem
645 952 848 1021 ordinariam
880 952 913 1020 in
949 953 1064 1021 orbem
1085 950 1152 1019 uni·

231 1068 362 1116 versum
385 1059 474 1116 tenet
493 1047 661 1115 Romanus
679 1045 838 1127 Pontifex,
857 1046 1010 1135 Episcopi
1030 1046 1153 1115 etloco·

229 1161 303 1209 rum
326 1140 491 1210 Ordinarii
512 1142 546 1209 in
566 1141 635 1209 suis
665 1140 872 1209 dioecesibus
901 1152 936 1209 et
963 1138 1152 1229 territoriis,

230 1233 480 1305 Paenitentiarii
508 1234 540 1302 in
562 1233 837 1315 cathedralibus,
859 1232 1000 1303 Parocbi
1028 1233 1062 1301 in
1092 1233 1155 1301 suis

230 1327 408 1416 parochiis,
431 1327 573 1397 Praelati
594 1340 705 1397 autem
726 1329 897 1413 regulares
917 1327 951 1394 in
976 1348 1056 1396 suos
1074 1326 1157 1395 Reli·

229 1421 354 1510 giosus.
389 1421 577 1510 Delegatam
609 1419 871 1491 iurisdictionem
891 1421 916 1488 ii
935 1420 1082 1503 babent,
1105 1419 1156 1508 qui

231 1536 297 1585 non
319 1516 393 1585 iure
413 1516 568 1604 proprio,
591 1516 649 1584 sad
680 1537 717 1583 ex
750 1514 963 1584 concessione
997 1512 1158 1584 Pontificis

229 1621 290 1677 aut
307 1609 460 1697 Episcopi
481 1609 531 1676 rel
546 1609 682 1677 alterius
703 1607 845 1678 Praelati
866 1608 961 1698 qnasi
982 1606 1157 1697 episcopali

230 1701 1158 1791 iurisdictionepollentis,excipiendarumconfessionum

229 1795 384 1864 vicariam
407 1807 600 1885 potestatem
622 1811 832 1884 acceperunt.
847 1794 1059 1864 Ordinariam
1079 1796 1160 1863 inter
1283 1804 1288 1820 ¹

231 1900 265 1959 et
282 1890 467 1978 delegatam
480 1901 674 1978 potestatem
688 1890 865 1979 praecipuo
879 1889 1071 1957 discrimina
1086 1888 1160 1955 baec

228 1995 320 2065 sunt;
342 1996 375 2052 et
395 1983 427 2051 in
450 1982 568 2071 primis
587 1984 737 2071 delegata
768 1982 952 2052 iurisdictio
970 2003 1042 2051 non
1061 1981 1159 2069 exspi-

232 2089 284 2147 rat
299 2090 407 2149 morte
427 2077 620 2165 delegantis,
650 2078 707 2147 sed
729 2089 887 2167 perpetua
912 2089 1080 2158 censetur,
1102 2072 1159 2144 nisi

230 2170 329 2240 aliter
347 2171 449 2241 fuerit
469 2172 509 2241 ab
529 2171 601 2261 ipso
623 2172 797 2259 delegante
817 2171 1052 2240 constitutum.
1080 2171 1160 2238 lnte·

231 2286 329 2353 grum
348 2265 472 2355 quippe
499 2277 549 2334 est
568 2264 735 2353 deleganti
764 2286 837 2333 eant
865 2275 1064 2353 potestatem
1084 2276 1159 2332 tem·

233 2379 326 2446 pore,
350 2359 434 2439 loco,
455 2358 606 2448 personis
623 2372 658 2427 et
678 2358 838 2448 qualitate
870 2373 1081 2446 peccaturum
1102 2357 1161 2424 cir·

232 2452 471 2522 cumscribere.
490 2450 663 2523 Ordinaria
681 2473 759 2521 vero
772 2464 918 2540 potestas
936 2452 1037 2521 durat
1055 2469 1162 2540 quam·

235 2545 293 2616 diu
317 2545 392 2633 (tuis
412 2559 587 2635 permanet
613 2546 646 2613 in
679 2546 806 2627 officio,
829 2545 924 2614 cuius
944 2545 1075 2614 ratione
1094 2562 1160 2612 eam

233 2638 375 2707 obtinet.
390 2637 514 2706 Deinde
529 2652 673 2727 potestas
689 2639 837 2728 delegata
851 2651 940 2710 entra
960 2637 1159 2707 territorium

234 2731 419 2819 delegantis
439 2733 593 2821 explicari
613 2732 747 2822 nequit,
770 2732 938 2801 ordinaria
958 2744 1070 2800 autem
1094 2727 1162 2798 obi·

234 2845 302 2915 que
321 2826 471 2894 locorum
490 2826 771 2916 relideenplicari
794 2838 901 2915 potest
923 2826 958 2895 in
976 2846 1057 2894 suos
1088 2822 1161 2892 sub-

235 2919 321 2988 ditos
335 2941 344 3002 ;
362 2932 462 3009 atque
491 2919 571 2990 binc
605 2920 666 3004 rit,
689 2931 726 2989 ut
751 2919 918 2988 Parocbus
945 2916 1159 3008 parochianos

135 3071 138 3076 ,
235 3033 314 3084 suos
334 3025 424 3082 extra
444 3013 622 3103 parochiae
641 3027 676 3083 et
694 3014 856 3083 dioecesis
875 3013 958 3082 fines
986 3035 1003 3081 a
1026 3008 1161 3101 peccatis

237 3106 343 3176 valide
363 3108 520 3177 absolvat.

282 3200 400 3281 Porro,
421 3201 488 3270 sive
502 3199 683 3282 ordinaria,
704 3199 771 3269 sire
787 3201 937 3288 delegata
957 3197 1000 3267 sit
1013 3205 1160 3287 potestas,

238 3314 304 3363 non
320 3295 493 3365 confestim
514 3294 684 3364 adomnia
707 3307 839 3383 peccata
857 3292 1056 3374 extenditur,
1077 3307 1160 3367 cum,

237 3385 377 3456 meante
397 3388 591 3458 Tridentino
609 3408 694 3456 sess.
727 3388 806 3471 xlv,
828 3408 902 3477 cap.
920 3379 942 3453 Ἰ
963 3386 1004 3455 de
1023 3382 1160 3459 Pueuit.,

240 3477 273 3548 S.
293 3477 442 3551 Pontifex
463 3496 564 3570 atque
583 3481 736 3570 Episcopi
755 3481 865 3571 aliqua
885 3479 1035 3564 graviora
1056 3471 1163 3546 orimi-

237 3592 279 3640 ιιι
300 3571 374 3643 iure
394 3574 569 3663 excipiant,
597 3575 732 3665 sibique
766 3585 954 3656 reservent,
978 3593 1065 3662 quoe
1084 3566 1163 3637 infe·
