2642 4175
272 385 317 441 22
551 399 553 402 ·
620 394 725 440 otrus
741 395 763 438 1.
820 394 822 398 ·

226 493 470 586 praecesserint
488 492 585 563 rerba
606 493 802 562 consensum
824 493 1009 561 induturus
1027 492 1160 582 nuptias

139 633 147 648 ·
225 587 458 678 exprimentia:
471 600 552 659 tunc
565 586 653 656 enirn
672 587 774 655 altera
790 605 877 676 pars,
893 586 1022 654 etiarnsi
1040 598 1159 666 meent,

224 683 414 752 consentire
434 692 588 750 censetur
604 682 690 749 iacto
704 680 787 769 ipso,
803 681 883 748 donn
901 681 1062 749 annulum
1078 681 1163 748 reci·

225 777 287 867 pit.
305 774 495 846 Secundum⁴
514 788 564 846 est
585 773 760 842 arrharum
782 786 816 842 et
832 775 996 842 donorum
1015 773 1164 863 acoepla·

225 869 296 955 tio,
320 869 452 960 quando
472 888 604 957 nempe,
627 866 741 936 habito
765 868 852 936 inter
876 868 1000 935 amicos
1017 877 1163 936 tractatu
1264 915 1267 928 ,

226 965 269 1032 de
287 962 497 1033 Matrimonia
518 961 755 1044 contrahendo,
775 981 916 1050 sponsus
934 960 1025 1029 misit
1042 959 1163 1030 arrbas
1236 966 1244 983 ’

223 1059 275 1126 vel
294 1057 423 1139 ionalia,
446 1057 693 1136 antunnulum,
713 1054 887 1124 autetiam
910 1053 1084 1142 pecuniam
1103 1073 1164 1123 no·

226 1151 317 1219 mine
334 1152 411 1237 doni
433 1148 628 1239 sponsalitii,
645 1161 679 1217 et
695 1149 816 1217 mulier
831 1148 919 1216 baud
940 1148 1054 1236 ignara
1068 1165 1167 1236 prse-

225 1245 372 1313 cedantis
390 1255 549 1313 tractatus
567 1243 757 1330 acceptavit.
774 1242 841 1309 lllis
861 1241 949 1310 enim
965 1242 1165 1311 muneribus
1285 1252 1287 1255 ’

224 1338 309 1406 datis
328 1337 471 1405 vicissim
499 1349 532 1406 et
551 1335 694 1425 acceptis
717 1336 818 1405 veluti
847 1336 1087 1417 confirmatur,
1109 1356 1166 1404 ro·

224 1442 363 1520 tumque
395 1430 537 1500 habetor
554 1433 643 1519 qnod
660 1431 701 1498 ab
720 1428 835 1498 amicis
854 1451 891 1498 ea
912 1431 953 1497 de
973 1449 1009 1496 re
1029 1441 1165 1516 gestum

224 1524 299 1593 fuit.
319 1524 466 1592 Tertium
482 1536 531 1593 est
546 1524 712 1613 porrectio
738 1543 920 1605 manuum,
943 1523 1112 1611 porrectio
1131 1545 1167 1593 c·

225 1618 298 1686 nim
322 1619 475 1687 dexterae
497 1617 656 1686 indicium
676 1629 726 1686 est
743 1618 841 1686 datae
857 1617 946 1685 odat.
969 1616 1056 1685 llum
1087 1637 1166 1687 vero

224 1711 387 1801 sponsalia
423 1712 511 1794 sint,
545 1712 625 1779 dum
657 1711 778 1779 lernina
811 1729 879 1779 non
911 1711 999 1778 ultro
1020 1711 1167 1801 porrigit

225 1807 418 1887 dexteram,
440 1806 497 1873 sed
518 1826 536 1873 a
553 1805 623 1873 viro
641 1804 792 1874 offerenti
822 1805 956 1894 nuptias
976 1805 1168 1892 apprehen·

225 1919 295 1967 sarn
314 1917 379 1966 non
401 1898 552 1982 retrahit,
568 1899 641 1967 vide
659 1894 813 1967 Pontium
834 1900 875 1966 de
893 1897 1036 1965 Matrim.
1054 1898 1115 1966 lib.
1134 1897 1168 1980 l,

225 2013 297 2081 rap.
318 1992 376 2058 ll.
398 1991 535 2062 lnterim
555 1991 993 2061 Canonistaecommuniter
1013 2004 1165 2075 monent,

225 2084 355 2177 quoties
369 2098 521 2174 oporteat
540 2086 687 2155 animum
711 2085 935 2155 contrahentis
955 2107 994 2154 ex
1013 2085 1123 2174 signis
1136 2099 1170 2156 et

227 2180 357 2248 indiciis
381 2180 562 2268 colligere,
584 2180 857 2249 consuetudinem
886 2179 949 2247 loci
981 2180 1018 2246 in
1050 2181 1169 2268 primis

225 2275 440 2364 spectandam
462 2294 545 2342 esse.

247 2399 251 2407 ⁴
272 2368 365 2448 Quod
383 2368 500 2436 attinet
512 2369 552 2435 ad
567 2367 763 2449 secundum,
780 2366 843 2435 hoc
859 2376 909 2434 cst
925 2366 965 2433 ad
983 2365 1162 2454 sponsalia,

227 2480 314 2549 quae
333 2472 487 2549 parentes
507 2482 566 2550 pro
588 2460 665 2529 liliis
684 2460 913 2548 praesentibus
930 2470 963 2527 et
979 2459 1165 2527 tacentibus

226 2552 355 2635 ineunt‘,
378 2564 522 2641 praestat
542 2555 605 2622 boc
624 2555 696 2621 loco
714 2554 748 2622 in
768 2554 914 2622 medium
935 2553 1089 2641 prolerre
1108 2552 1165 2620 de·
1255 2607 1258 2618 ,

226 2647 386 2715 cisionem
420 2646 577 2716 bonifacii
599 2647 667 2714 Vlll
688 2646 722 2714 in
743 2668 817 2736 cap.
838 2646 936 2715 unico
956 2647 998 2715 de
1019 2645 1165 2734 Despon-

227 2752 289 2809 sat.
310 2740 437 2828 impub.
460 2741 493 2807 in
511 2740 545 2824 b,
572 2740 628 2809 ubi
654 2742 736 2823 baec
760 2741 936 2810 habentur:
964 2738 1164 2806 «Porinas

228 2832 465 2922 SponsalibuS,
487 2856 574 2923 qnae
593 2846 748 2922 parentes
767 2855 827 2923 pro
857 2834 935 2901 liliis
967 2830 1162 2922 puberibus,

227 2928 277 2996 vel
296 2927 525 3014 impuberibus
545 2929 740 3017 plerumque
758 2927 983 3010 contrahunt,
1004 2924 1067 3014 ipsi
1088 2923 1160 3004 filii,

228 3020 257 3088 si
272 3041 430 3109 expresse
458 3021 708 3104 consenserint,
730 3024 781 3090 vel
799 3021 897 3090 tacite
924 3021 951 3088 si
972 3026 1163 3108 praesentes

228 3113 363 3196 fixerint,
380 3135 489 3202 neque
507 3114 776 3197 contradixerint,
791 3114 995 3203 obligantur.
1015 3134 1030 3176 a
1047 3110 1162 3196 ltaque

229 3208 309 3275 dunt
330 3207 390 3276 lilii
413 3219 602 3297 praesentes
621 3221 722 3292 sunt,
745 3221 845 3297 atque
864 3207 1057 3293 intelligunt
1076 3203 1164 3304 ip503

228 3320 305 3368 rum
323 3302 493 3370 nomines
515 3302 708 3391 parentibus
726 3301 882 3390 sponderi
902 3299 1047 3389 nuptias,
1067 3295 1118 3360 rel
1133 3311 1161 3359 st

230 3393 382 3462 absentes
398 3395 532 3479 luerint,
549 3397 757 3484 postmodum
775 3417 812 3465 ea
832 3395 874 3463 de
894 3415 931 3462 re
951 3389 1108 3461 certiores
1122 3382 1164 3450 ab

229 3484 310 3573 ipsis
329 3488 522 3575 parentibus
540 3489 615 3558 facti
646 3489 834 3570 tacuerint,
854 3507 964 3577 neque
982 3477 1095 3578 verbis.
1109 3488 1166 3544 tut
1189 3551 1191 3554 a

226 3578 334 3667 signis
368 3580 445 3651 ullis
476 3582 755 3666 contradixerint,
779 3593 957 3652 censentur
976 3579 1162 3664 parentum
