2642 4175
300 364 366 424 278
635 373 739 420 carur
755 373 803 417 ιιι.

254 474 389 546 tholieis
409 472 575 563 parochiis
595 483 736 554 exsere,
755 467 957 540 ethaeretici
972 487 1088 536 eorum
1107 463 1196 551 iegi-

253 571 315 639 bus
332 567 541 650 vinciuntur;
564 565 714 655 adeoque
735 561 946 633 matrimonia
968 580 1084 630 eornm
1103 558 1196 626 inter

253 684 288 732 se
308 674 433 731 etcum
453 659 632 729 Catholicis
651 656 954 727 eontra.Ecelesiae
977 655 1084 742 legem
1108 650 1191 720 inita

254 755 404 825 habenda
416 765 494 823 sunt
506 752 612 822 irrita.
628 752 938 841 Fallituritaquecl.
948 747 1070 816 Pehem
1080 744 1189 812 Prael.

254 850 289 917 iu
303 848 329 915 l.
346 848 420 916 Eoo.
442 847 504 916 Un.
521 843 619 936 §507
636 846 714 914 dum
733 844 918 934 generatim
939 842 1080 911 affirmat
1098 863 1113 903 t
1129 836 1192 903 Ec·

255 943 352 1012 eiesia
374 941 437 1010 boc
456 939 728 1029 impedimentum
756 934 1056 1030 (clandestinitatis)
1077 932 1190 999 adver-

256 1057 312 1107 sus
331 1056 388 1105 eos
408 1033 658 1124 (Protestantes)
677 1053 743 1101 non
763 1043 870 1121 urget,
886 1051 948 1099 nec
964 1029 997 1096 in
1017 1023 1193 1096 Germania

257 1142 371 1199 nostra
390 1148 512 1216 urgere
531 1138 652 1217 posset,
675 1146 778 1217 quum
800 1118 947 1195 tenacior
967 1122 1116 1192 eiusdem
1136 1140 1192 1187 ex-

257 1221 413 1313 sequutio
431 1221 504 1310 pius
524 1220 627 1303 mali,
650 1241 750 1310 quam
771 1219 849 1287 boni
870 1229 944 1308 post
970 1236 1005 1285 se
1023 1215 1195 1292 traheret,
1244 1257 1245 1260 =

258 1336 444 1407 pacemque
463 1325 563 1403 atque
580 1326 730 1384 mutuam
748 1312 956 1381 concordiam
977 1306 1193 1399 perturbandi

258 1409 484 1499 quotidianam
504 1407 710 1476 occasionem
730 1406 944 1495 praeberet-a
965 1404 1054 1472 ilaec
1069 1401 1194 1470 Pehem

258 1501 422 1574 sententia
444 1502 525 1569 clar.
546 1500 648 1569 Nardi
668 1500 817 1568 arridere
837 1500 965 1567 videtur
983 1507 1054 1565 tum
1082 1495 1116 1564 in
1135 1515 1192 1581 op.

261 1593 459 1663 «Elementi
480 1593 512 1661 di
534 1592 648 1663 diritto
669 1593 866 1663 Canonienr
891 1606 914 1662 t.
938 1590 971 1675 2,
994 1591 1017 1657 l.
1041 1587 1074 1672 3,
1097 1589 1113 1678 5
1134 1585 1193 1669 62,

260 1700 329 1757 tum
352 1687 385 1754 in
406 1708 460 1776 op.
483 1684 625 1755 ‹Diritto
642 1687 882 1757 Matrimoniaie
900 1683 1076 1755 cattoiieor
1101 1682 1117 1771 i
1135 1678 1193 1748 78.

317 1779 496 1861 Quaeritur
515 1777 552 1846 9⁰
583 1781 670 1848 adn
700 1780 794 1848 irrita
814 1792 848 1849 et
877 1799 1014 1868 prorsus
1033 1775 1124 1858 nulia
1146 1773 1197 1842 di·

261 1875 363 1944 cende
391 1873 458 1942 sint
477 1873 688 1943 matrimonia
713 1875 746 1943 in
777 1873 817 1942 iis
846 1871 1039 1961 regionibus
1071 1869 1199 1957 absque

259 1966 390 2037 concilii
409 1967 515 2035 forma
544 1978 735 2052 contracta,
756 1967 790 2034 in
811 1966 932 2057 quibus
952 1962 1112 2033 haeretici
1129 1973 1199 2030 sta·

261 2074 331 2133 tum
358 2059 487 2130 civilem
514 2082 530 2129 a
559 2061 723 2150 gubernio
740 2062 915 2150 probatum
938 2058 1078 2140 babent,
1100 2067 1133 2125 et
1149 2076 1199 2125 re-

259 2156 395 2245 ligionis
414 2175 494 2223 suae
511 2156 638 2223 cultum
655 2156 688 2223 in
707 2153 1014 2245 propriistemplis,
1033 2171 1108 2219 cum
1124 2171 1200 2238 prn-

260 2248 343 2339 priis
362 2247 525 2318 ministris
536 2240 648 2318 iibere
669 2259 834 2330 exercent,
857 2247 938 2338 quin
959 2258 1070 2314 tamen
1093 2242 1200 2312 socie·

260 2354 362 2412 tatem
395 2340 583 2411 distinctam
616 2364 654 2410 ae
684 2353 908 2432 separatama
939 2337 1198 2409 catholicarum

260 2435 330 2504 sais
349 2434 491 2517 iuribus,
512 2454 551 2501 ac
579 2434 709 2524 iegibus
728 2435 838 2505 adhuc
858 2434 1034 2504 efforment
1057 2452 1096 2500 ae
1124 2450 1201 2499 con·

260 2528 410 2610 stituaut,
425 2526 492 2597 sire
511 2529 599 2617 quod
622 2529 742 2618 exiguo
761 2529 940 2597 admodum
959 2546 1101 2595 numero
1120 2523 1199 2603 sint,

260 2621 327 2690 sive
347 2621 435 2710 quod
454 2619 676 2691 subiiciantur
692 2622 855 2692 catholico
875 2620 1038 2711 principi,
1064 2618 1121 2708 qui
1147 2638 1199 2684 se·

262 2727 333 2785 otae
362 2712 601 2802 professionem
632 2716 779 2801 tolerat,
809 2714 890 2806 quin
924 2714 1083 2803 approbet
1101 2765 1110 2795 ,
1130 2711 1200 2779 sive

263 2807 351 2898 quod
366 2807 486 2891 cultus,
503 2806 609 2897 quiin
627 2809 759 2899 templis
772 2807 988 2900 permittitur,
1006 2805 1198 2875 exercitium

262 2900 302 2969 ad
323 2901 483 2970 nonnulla
503 2901 678 2971 articulata
709 2904 778 2972 ioca
807 2902 941 2971 definita
965 2899 1197 2988 restringitur,

263 3014 350 3084 quae
366 3006 399 3063 et
419 2993 501 3083 ipsa,
523 2995 630 3065 edicto
643 2996 755 3084 Regis,
770 2995 910 3064 Paroebi
931 2993 1085 3063 catholici
1106 2991 1199 3060 iuris·

265 3088 402 3157 dictioni
417 3087 666 3159 subiiciuntur‘i
678 3090 750 3159 Non
765 3090 943 3159 defuerunt
962 3099 1126 3169 auctores,
1142 3083 1200 3174 qui

264 3202 324 3273 pro
340 3182 490 3271 negativa
504 3184 668 3253 sententia
678 3194 875 3273 pugnarent,
884 3181 987 3251 innixi
996 3181 1198 3250 nondefectu

264 3277 437 3365 potestatis
463 3274 652 3359 Ecclesiae,
676 3279 732 3346 sed
753 3277 884 3346 defectu
905 3276 977 3345 eius
996 3273 1200 3354 voluntatis,

263 3390 361 3457 quem
388 3369 556 3438 deiectum
575 3369 657 3438 'tum
676 3392 694 3439 e
711 3369 848 3440 Conciiii
869 3368 1056 3437 Tridentini
1078 3376 1198 3447 mente,

264 3473 335 3529 tum
345 3482 382 3531 ex
391 3461 590 3531 Bened.XlV
598 3463 824 3533 declaratione
837 3465 877 3532 de
892 3461 1115 3532 matrimoniis
1129 3458 1204 3526 Hol-

264 3553 393 3623 iandiae
407 3557 583 3625 desumere
597 3557 750 3629 arbitrati
767 3569 856 3627 sunt.
876 3555 996 3626 Verum
1011 3567 1086 3645 post
1104 3555 1206 3623 docu-
