2642 4175
264 375 330 432 tta
575 384 735 430 urrunnun
754 385 801 429 111.

216 486 278 557 bus
298 485 484 555 initiantur.
505 482 644 553 Plurimi
663 482 862 553 Canonistae
876 496 977 572 atque
991 485 1151 575 Theologi

215 577 571 651 detendunrordtnum
604 576 888 646 hierarchicarum
917 580 1150 668 Episcopatus,

214 693 347 762 nempe,
370 672 621 764 Presbyteratus
637 682 671 740 et
684 670 883 740 Diaconatus
905 673 1077 742 materiam
1098 695 1151 743 es·

162 856 166 863 ,
214 769 387 837 sentialem
399 766 432 835 in
447 768 514 836 sola
531 785 689 833 manuum
712 764 943 854 impositione,
962 767 1103 836 formam
1123 768 1151 835 i-

214 875 282 932 tem
294 860 502 932 essentialem
517 859 550 926 in
565 859 633 928 sola
648 857 773 928 adiecta
787 856 938 929 oratione
951 860 1048 930 sitam
1063 881 1148 940 esse,

191 1038 197 1047 p
214 954 459 1044 porrectionem
489 973 566 1022 vero
597 952 897 1021 instrumentorum
931 975 1006 1022 cum
1040 954 1152 1023 verbis

214 1049 359 1131 adnexis,
383 1047 590 1139 caeterisque
605 1046 826 1116 caeremoniis
839 1045 940 1115 ritum
957 1068 1029 1116 esse
1043 1068 1150 1116 acces·

214 1143 340 1212 sorium
362 1153 395 1212 et
412 1143 633 1230 integrantem
659 1140 700 1208 ab
727 1138 870 1209 Ecclesia
895 1141 1087 1209 adiunctum
1108 1142 1147 1209 ad

215 1236 375 1305 maiorem
397 1236 566 1304 dumtaxat
596 1231 873 1321 significationem
905 1246 939 1303 et
966 1234 1149 1325 expressio·

213 1350 290 1400 nem
313 1331 450 1400 collatae
471 1327 653 1417 potestatis.
686 1326 755 1406 Qua
776 1327 816 1396 de
843 1346 879 1395 re
911 1328 1071 1415 legendus
1101 1341 1150 1397 est

211 1444 395 1514 numquam
421 1422 499 1491 satis
519 1421 672 1490 laudatus
692 1419 889 1490 Benedictus
907 1420 974 1489 XIV
1007 1423 1048 1491 de
1069 1419 1148 1514 Syn.

211 1516 323 1587 Dioec.
345 1517 404 1585 lib.
425 1514 457 1598 8,
476 1536 505 1583 c.
524 1512 582 1583 li).

258 1611 401 1680 Effectus
419 1606 550 1678 Ordinis
578 1616 627 1675 est
652 1617 808 1698 potestas,
830 1608 954 1695 gratia,
979 1618 1011 1676 et
1030 1608 1153 1678 chara·

212 1717 295 1773 oter.
316 1704 396 1773 Nam
422 1703 462 1772 iis
482 1700 625 1791 qui'rite
645 1700 844 1770 ordinantur
863 1702 1046 1790 spiritualis
1070 1724 1151 1772 con·

212 1798 319 1866 fertur
332 1807 488 1887 potestas,
506 1794 638 1885 quaein
654 1793 831 1864 Sacerdote
846 1796 886 1864 ad
907 1796 1149 1865 conlectionem

213 1891 369 1981 Corporis
384 1903 416 1959 et
429 1888 608 1978 Sanguinis
624 1887 762 1969 Christi,
783 1900 815 1958 et
829 1888 1060 1958 remissionem
1080 1911 1150 1977 pee-

213 1997 362 2054 catorum
390 1984 556 2054 reiertur:
580 1981 653 2051 aliis
674 2002 751 2050 vero
772 1981 969 2051 inferiorum
994 1983 1149 2051 ordinum

212 2078 372 2149 ministris
389 2079 486 2148 datur
505 2076 615 2168 aliqua
631 2087 776 2166 potestas
797 2076 882 2145 cirea
903 2076 1148 2147 sanctissimum

212 2173 440 2242 Eucharistiae
459 2171 729 2251 Sacramentum,
749 2190 816 2238 uon
844 2173 940 2259 plena
962 2171 1096 2261 quidem
1116 2183 1148 2238 et

215 2267 370 2355 perlecta,
390 2287 496 2355 eaque
516 2265 623 2333 maior
634 2265 685 2332 vel
700 2263 821 2346 minor,
842 2286 909 2352 quo
929 2267 1072 2354 quisque
1092 2263 1149 2330 mi·

213 2360 351 2429 nisterio
371 2381 431 2429 suo
451 2359 557 2448 magis
578 2358 756 2448 minusque
771 2359 810 2425 ad
830 2357 943 2427 altaris
960 2357 1150 2427 Sacramen-

217 2466 286 2521 tum
306 2453 444 2523 aoeedit.
465 2452 548 2542 Ipsis
577 2451 689 2531 etiam,
709 2462 841 2540 praeter
861 2453 987 2538 gratiae
1007 2450 1149 2520 sanctifi·

215 2547 320 2615 cantis
340 2549 596 2628 incrementum,
625 2546 794 2613 conlertur
822 2546 927 2631 gratia
959 2565 1149 2613 sacramen·

215 2638 302 2722 talis,
325 2640 377 2708 ins
393 2638 545 2708 videlicet
561 2639 603 2707 ad
623 2638 748 2726 gratias
770 2639 938 2721 actuales,
963 2650 998 2707 ut
1027 2638 1146 2720 aiunt,

140 2801 146 2812 ,
216 2732 429 2816 obtinendas,
468 2733 591 2821 quibus
622 2732 732 2800 idonei
764 2730 958 2821 habilesque
990 2732 1031 2800 ad
1059 2741 1149 2800 recte

216 2848 355 2897 munere
374 2848 435 2897 suo
455 2827 673 2915 lungendum,
701 2837 973 2915 sacramentaque
1006 2824 1147 2893 admini-

217 2922 349 2991 stranda
371 2922 567 2991 reddantur.
594 2919 743 3008 Denique
764 2918 797 2986 in
819 2938 935 2987 eorum
955 2918 1064 2987 anima
1086 2917 1147 2985 im·

219 3015 375 3105 primitur
395 3016 565 3084 character
579 3012 779 3102 spiritualis,
802 3033 869 3100 quo
886 3013 927 3080 ab
942 3012 1016 3080 aliis
1040 3012 1147 3080 fideli·

192 3189 198 3204 Ι
218 3111 280 3179 bus
300 3109 561 3198 distinguuntur,
585 3105 710 3196 quique
729 3126 790 3175 nec
809 3105 932 3175 aulerri
951 3107 1060 3195 valet,
1086 3124 1151 3172 nec

217 3203 332 3275 deleri.
360 3203 453 3272 Unde
482 3203 540 3281 fit,
563 3214 600 3271 ut
634 3199 882 3269 Sacramentum
918 3198 1049 3268 Ordinis
1075 3197 1147 3265 sine

218 3299 307 3387 gravi
328 3294 501 3384 sacrilegio
517 3294 630 3363 iterari
649 3315 715 3362 non
731 3295 844 3381 possit.
867 3292 955 3362 Haec
972 3293 1012 3361 de
1033 3291 1146 3360 Sacra·

217 3391 337 3460 mentis
357 3392 390 3459 in
408 3409 530 3478 genere
559 3400 592 3457 et
615 3388 647 3455 in
668 3390 777 3477 speeie
799 3387 982 3471 indicasse,
1005 3407 1065 3475 pro
1088 3404 1147 3452 uo·

218 3499 285 3554 stro
307 3485 456 3556 instituto
474 3482 626 3553 sufficiat.
