2642 4175
476 312 520 355 nu
544 312 757 358 suonauunns
996 302 1037 359 63

143 411 284 479 stiment
312 430 349 478 se
370 410 404 477 in
425 407 578 478 illicitum
606 431 644 479 ao
664 411 878 492 fornicarium
912 424 1021 482 aetum
1039 413 1086 480 ir·

147 504 285 586 ruisse,
309 501 522 570 matrimonio
543 502 630 572 insto
659 505 888 574 constituendo
909 506 1082 596 imparem,

145 619 185 665 ao
206 608 385 685 propterea
406 594 555 664 nonsibi
576 608 725 685 ereptam
753 598 940 667 facultatem
973 598 1085 672 existi·

145 702 241 759 ment
262 689 303 758 ed
325 688 387 757 alia
409 700 481 758 vota
501 691 709 770 transeundi,
731 712 806 758 oum
825 690 906 760 baeo
922 693 1009 781 apud
1029 714 1085 762 eas

144 794 263 871 gentes
283 781 456 870 persuasio
475 780 604 869 rigeat?
619 783 764 852 Dubium
775 783 1085 866 Seconuomnuate

145 875 326 945 consilium
346 875 492 943 dandum
519 874 735 944 Missionariis
754 897 869 944 earum
899 877 1084 965 Regionum

144 969 232 1040 circa
254 968 390 1036 modum
411 969 620 1048 servandum,
642 970 838 1057 praesertim
860 970 894 1037 in
909 968 1086 1048 Paeniten-

144 1061 211 1131 tiae
230 1060 436 1130 Sacramenti
448 1061 748 1144 administratione,
766 1083 840 1130 oum
861 1062 900 1131 iis
917 1061 1083 1143 fidelibus,

144 1156 203 1244 qui
223 1165 301 1243 post
318 1154 482 1243 sponsalia
505 1167 538 1223 et
557 1156 709 1243 oopnlam
743 1155 890 1224 habitam
915 1176 989 1224 cnm
1022 1177 1085 1225 una

145 1249 314 1331 muliere,
337 1247 472 1336 nuptias
491 1247 621 1336 publice
641 1270 716 1316 oum
738 1249 801 1317 alia
831 1260 1084 1330 contraxerunt,

144 1362 229 1430 quas
251 1341 315 1428 ipsi
336 1340 421 1409 bona
442 1340 509 1409 fide
530 1341 633 1410 iustas
653 1342 934 1425 existimaverunt,
953 1342 1088 1412 validas·

144 1456 213 1523 quo
224 1434 398 1502 ‘ebutium
422 1434 581 1502 Tertium.
594 1435 730 1518 Vinariis
743 1435 940 1524 Apostoliois
956 1457 994 1504 ao
1012 1435 1088 1505 dlis·

143 1526 304 1596 sionariis
324 1527 510 1596 remedium
530 1528 758 1616 flagitantibus
789 1540 901 1617 aptum
931 1529 970 1598 ad
996 1529 1088 1598 cohi·

142 1622 253 1690 bendn
276 1620 431 1708 coniugia
451 1621 681 1704 clandestina,
710 1634 743 1690 et
772 1623 947 1691 avertenda
968 1622 1088 1691 damna

143 1736 184 1783 ex
204 1713 324 1784 iisdem
359 1714 584 1783 funestissima
614 1715 822 1794 suboritura,
849 1715 929 1805 quid
960 1715 1087 1785 consilii

146 1808 319 1887 dandum,
353 1819 410 1875 aut
437 1809 730 1896 praescribendum
752 1808 850 1878 sit‘lu
883 1808 982 1877 Sacra
1009 1829 1087 1877 con·

144 1900 298 1988 gregatio
325 1901 497 1988 respondit
525 1903 565 1969 ad
598 1901 674 1968 ulnn
695 1901 729 1969 Si
749 1901 782 1968 in
803 1902 960 1989 praelatis
978 1902 1088 1989 ragio-

145 1994 259 2074 nibus‚
275 1993 339 2064 ¹ubi
358 1994 562 2082 publicatum
585 2015 653 2062 uon
673 1995 737 2062 snit
755 1995 924 2063 decretum
948 1992 981 2061 S.
1004 1994 1089 2063 Con·

144 2087 213 2154 oilii
248 2086 461 2171 Tridentini,
496 2090 562 2156 dno
593 2089 705 2177 sponsi
739 2087 905 2155 carnalem
940 2087 1028 2155 inter
1054 2109 1090 2156 se

144 2181 267 2249 deinde
308 2179 453 2248 habeant
485 2182 666 2271 copulam,
708 2200 780 2249 eam
812 2192 922 2248 tamen
952 2199 1019 2246 non
1052 2201 1090 2246 ex

146 2274 269 2343 allecto
290 2273 447 2355 maritali,
469 2276 527 2343 sed
548 2274 668 2343 aflectu
698 2271 814 2340 illicito
835 2294 873 2340 ao
893 2271 1087 2355 fornicari03

145 2368 230 2435 baec
251 2386 368 2435 eornm
388 2368 506 2455 oopula
526 2367 664 2436 minimo
684 2366 826 2435 transire
845 2366 924 2434 lacit
953 2386 1089 2454 praeoe-

46 2532 51 2536 ,
145 2460 258 2528 dentia
273 2461 468 2528 eorumdem
478 2461 644 2548 sponsalia
658 2460 693 2527 in
707 2481 819 2528 verum
835 2459 1085 2528 matrimonium

146 2573 259 2621 eoram
275 2552 354 2636 Dea,
365 2574 423 2623 seu
439 2553 473 2620 in
492 2555 564 2623 foro
579 2553 812 2635 eonscientiae,
823 2552 921 2622 liberi
938 2564 1085 2634 monebu

134 2657 249 2734 ‘atquo
276 2657 444 2733 poterunt,
467 2646 494 2714 si
523 2647 689 2734 praedicta
721 2667 835 2714 eorum
862 2645 1027 2735 sponsalia
1048 2666 1088 2715 ex

147 2740 259 2828 aliqua
283 2738 430 2824 legitima
451 2760 547 2811 causa
569 2740 728 2809 dissoluta
748 2740 882 2820 fuerint,
899 2738 1032 2826 nuptias
1052 2759 1088 2806 a·

146 2832 210 2900 lias
228 2830 319 2898 lioite
339 2832 424 2898 inire
441 2853 450 2912 ;
485 2832 703 2900 nihilominus
723 2831 752 2899 si
773 2852 888 2900 eornm
916 2832 1034 2920 copula
1053 2831 1088 2898 in

147 2926 221 2993 soro
239 2936 376 2993 externo
396 2935 428 2991 et
447 2924 594 2994 iudiciali
613 2926 786 3014 probetur,
801 2935 958 3013 poterunt
974 2923 1087 3002 iidem,

147 3040 188 3085 ex
204 3016 477 3106 praesumptione
496 3017 585 3087 Iuris
609 3027 639 3086 et
668 3019 707 3085 de
727 3016 826 3099 Iure,
850 3031 965 3086 eontra.
985 3037 1087 3105 quarn
1129 3046 1136 3054 ·

147 3131 215 3178 non
235 3109 424 3178 admittitur
441 3112 603 3197 probatio,
633 3131 692 3199 per
710 3110 973 3178 Ecclesiastiram
994 3120 1089 3195 pote·
1183 3140 1186 3141 ⁷

148 3216 268 3273 statem
295 3201 383 3289 adigi
417 3203 458 3270 ad
488 3226 560 3274 sese
593 3203 761 3272 babendos
793 3216 962 3290 tamquam
994 3221 1088 3268 veros

149 3295 309 3384 coniuges
324 3347 334 3378 ,
348 3294 500 3383 onibus,
524 3299 648 3368 vivente
667 3307 831 3373 consorte,
851 3291 989 3383 quodvis
1009 3312 1088 3362 con-

147 3389 288 3457 nubium
308 3386 520 3458 interdictum
544 3391 586 3460 sit
606 3413 645 3460 ex
663 3387 769 3476 eapite
787 3385 844 3474 30,
864 3389 905 3456 de
925 3384 1089 3474 Sponsali·

150 3481 211 3550 bns
232 3495 267 3551 et
287 3480 508 3551 Matrimonio.
531 3485 577 3553 Ad
597 3483 662 3551 br:
686 3479 719 3549 Si
745 3481 820 3572 quis
850 3478 996 3548 fidelium
1016 3492 1091 3566 post
