2642 4175
286 335 352 393 toa
601 346 768 391 nrrnnnrx
787 347 809 390 1.

239 467 277 514 re
291 445 500 515 sentiendum
531 444 586 514 sit.
610 443 766 524 Quaestio
798 463 884 533 quac
910 444 1099 513 subm0veri
1119 448 1182 514 ad-

239 540 306 608 huc
325 550 435 628 potest
452 559 492 608 ea
512 550 572 620 cst,
595 558 637 607 an
657 535 800 606 Ecclesia
818 538 1002 625 agnouerit,
1022 560 1062 607 ac
1075 558 1179 608 suum

240 633 358 703 lecerit
374 631 474 703 otiam
503 631 779 722 impedimentum
807 631 926 714 civile,
960 633 1050 721 quod
1067 636 1181 702 oritur

241 725 277 793 l⁰
298 726 331 795 in
351 725 438 795 linea
460 738 547 794 recta
569 725 656 795 inter
676 724 886 813 adoptantem
904 737 937 793 et
955 727 1102 814 adoptati
1119 729 1181 795 de-

240 820 454 902 scendentem
476 832 510 888 et
526 817 562 887 2⁰
583 819 620 886 in
636 818 725 887 linea
744 818 925 888 collaterali
946 819 1035 889 inter
1053 821 1179 889 liberos

240 914 389 985 eiusdem
419 913 596 1003 personae?
617 911 734 993 Quoad
758 913 899 999 primam
920 912 1176 1003 quaestionem,

240 1029 315 1077 cum
337 1008 388 1076 ius
404 1007 580 1096 antiquum
599 1005 694 1074 civile
724 1007 880 1095 loquatur
907 1018 1037 1077 tantum
1057 1009 1100 1076 de
1116 1009 1181 1075 im·

243 1102 430 1189 pedimento
449 1102 538 1169 inter
558 1100 771 1188 adoptantem
795 1111 828 1168 et
847 1100 1039 1189 adoptatum
1059 1155 1068 1183 ,
1103 1120 1178 1169 cunt

241 1196 379 1282 insuper
408 1195 495 1263 inter
514 1193 702 1262 canonistas
727 1192 813 1261 adsit
837 1192 1032 1282 opinionum
1055 1195 1183 1263 discre-

242 1291 371 1377 pantia,
392 1308 433 1363 au
453 1286 606 1375 cognatio
635 1286 718 1355 baec
744 1286 831 1355 ultra
864 1287 1009 1375 primum
1037 1289 1181 1376 gradum

241 1404 314 1452 sese
333 1381 504 1463 extendat,
527 1381 714 1450 consultum
735 1380 836 1448 estin
857 1381 960 1469 praxi,
983 1381 1040 1449 ubi
1063 1382 1183 1449 buius-

241 1476 330 1545 modi
348 1475 498 1565 quaestio
518 1494 590 1543 sese
603 1474 731 1555 offerat,
754 1474 794 1542 ad
808 1495 835 1542 s.
850 1473 967 1543 Sedem
988 1495 1180 1544 recurrere.

240 1571 288 1637 td
305 1568 483 1638 secundam
504 1567 733 1657 quaestionem
755 1569 843 1656 quod
863 1579 1008 1656 spectat,
1028 1581 1100 1637 tota
1120 1569 1182 1636 dil-

240 1662 370 1731 licultas
390 1661 424 1728 in
442 1682 482 1731 eo
502 1674 563 1738 est,
594 1663 685 1751 quod
707 1663 757 1730 lex
775 1660 935 1729 hodierna
958 1663 1182 1749 impedimen·

242 1767 311 1823 tum
330 1753 446 1825 statuit
461 1753 548 1824 inter
562 1754 649 1823 lilios
660 1754 828 1843 adoptivos
842 1755 990 1823 eiusdem
1005 1776 1182 1844 personae,

242 1869 304 1919 nco
323 1848 566 1919 restrictionem
580 1848 663 1917 iuris
677 1848 804 1917 romani
818 1848 972 1931 admittit,
990 1848 1078 1917 iuxta
1093 1850 1185 1937 quod

243 1943 517 2032 impedimentum
538 1942 711 2012 obtinebat
735 1942 884 2029 quandiu
904 1943 1048 2031 adoptivi
1065 1961 1184 2009 mane·

243 2038 324 2108 bant
340 2036 402 2106 sub
422 2047 583 2126 potestate
603 2035 800 2125 adoptantis,
831 2036 997 2126 adeoque,
1020 2037 1184 2104 alterutro

244 2131 463 2220 emancipato,
480 2132 530 2200 vel
542 2143 689 2200 cessante
703 2129 891 2218 adoptione,
901 2130 1061 2199 cessabat.
1074 2130 1185 2209 Quae·

178 2287 182 2298 .
244 2226 308 2294 stio
326 2225 438 2314 itaque
470 2226 504 2293 in
534 2244 575 2294 co
598 2236 673 2306 est,
709 2244 751 2292 au
779 2223 923 2292 Ecclesia
944 2236 1104 2311 agnoscat
1124 2244 1185 2312 pro

246 2318 458 2388 matrimonio
470 2315 909 2406 christianodispositiooem
921 2316 1104 2385 bancinris
1116 2338 1185 2385 mo·

245 2412 353 2494 derni,
373 2412 423 2481 vel
444 2411 554 2500 potius
574 2410 733 2481 decernat
749 2412 903 2480 standum
926 2429 998 2479 esse
1011 2411 1080 2480 iuri
1101 2410 1185 2479 anti·

246 2526 326 2594 quo.
349 2504 457 2585 Quum
478 2504 562 2572 nibil
581 2515 743 2573 statutum
763 2505 806 2574 sit
840 2504 902 2572 bac
921 2523 1022 2594 super
1042 2526 1104 2588 re,
1127 2524 1186 2572 ne·

246 2597 428 2668 cessarium
446 2611 496 2666 cst
512 2618 540 2665 s.
557 2595 675 2666 Sedom
686 2599 878 2680 consulere,
893 2596 920 2665 si
937 2599 1090 2686 quaestio
1105 2598 1188 2665 baec

249 2701 466 2781 proponatur.

199 2792 203 2798 “
298 2782 360 2853 Sed
388 2784 454 2854 iam
489 2804 507 2854 a
536 2783 633 2854 nobis
658 2784 817 2852 nonnulla
838 2784 1028 2874 exponenda
1047 2794 1127 2853 sunt
1145 2783 1188 2852 de

250 2878 375 2969 duplici
397 2877 635 2968 impedimento
654 2877 842 2960 dirimente,
860 2877 947 2966 quod
966 2876 1106 2966 respicit
1117 2897 1188 2945 ma·

252 2971 446 3044 trimouium
464 2972 571 3053 civile,
586 2991 653 3039 non
672 2982 799 3040 secreto
814 2974 950 3040 omnino
968 2971 1184 3053 celebratum,

251 3067 308 3133 sed
329 3066 544 3147 clandestine,
568 3065 630 3133 boc
649 3077 710 3146 est,
733 3065 857 3154 absque
879 3064 1063 3153 praesentia
1085 3064 1187 3131 mini-

253 3159 314 3228 stri
332 3160 405 3248 lege
423 3159 640 3252 praescripti,
670 3170 703 3227 et
724 3170 812 3226 entra
833 3159 941 3226 locum
961 3157 1184 3245 designatum.

256 3252 363 3321 Codex
382 3264 444 3321 art.
466 3250 513 3321 93
550 3251 667 3320 habet:
694 3250 757 3318 «rt
769 3252 978 3320 oretrimoaio
996 3253 1073 3319 deoc
1087 3271 1189 3319 csscrc

253 3345 410 3415 cclcdmto
428 3346 518 3416 aella
535 3368 612 3418 occu
628 3346 799 3414 cooutoolc
814 3367 833 3413 e
847 3345 1118 3434 pudblr'ccmeatc,
1138 3344 1188 3411 ia·

254 3440 355 3506 ooczc'
371 3438 571 3528 oll'officiolc
586 3439 671 3510 dailo
688 3447 774 3508 stato
793 3438 889 3508 civile
906 3439 959 3507 dcl
973 3459 1118 3520 emanata,
1132 3457 1188 3504 ove

253 3548 320 3598 cuo
338 3532 425 3619 dcqlt'
442 3534 531 3621 spesi
547 3533 643 3601 abbio
659 3533 687 3600 it
703 3533 868 3601 dommilio
886 3553 904 3600 o
919 3533 956 3601 lo
972 3533 1149 3614 rmidcaro.
1169 3552 1185 3593 a
