2642 4175
414 354 458 396 nu
476 352 608 398 narone
625 352 825 399 uarntuon'u
976 339 1038 397 101

64 434 96 497 ·’
141 451 362 531 Sacerdotis,
381 451 439 518 sed
460 450 656 539 simpliciter
683 452 806 536 tradit,
837 449 1087 521 matrimonium

140 545 235 614 effici
256 562 421 613 consensu
442 556 558 615 mutuo
587 565 647 634 per
668 546 765 615 verba
787 506 827 615 de
847 545 1027 636 praesenti.
1051 551 1092 615 At

146 657 226 708 vero
247 638 440 707 meminisse
457 630 657 724 Sacerdotis,
674 661 701 708 sr
693 634 925 709 Sacramenti
942 638 1090 711 Minister

141 743 263 814 esset,
285 730 460 820 oportebat
491 731 651 816 omnino;
675 731 771 803 aliter
792 733 880 802 enim
917 733 1089 805 instructio

147 785 322 895 Pontidois
344 845 457 895 manca
479 837 512 894 et
533 825 725 915 imperfecta
759 827 913 896 luisset
906 848 938 895 m
959 847 996 896 re
1016 829 1092 917 qui·

145 922 226 987 dem
248 919 471 997 substantiali,
480 919 568 986 unde
587 919 745 987 Armeni
738 941 772 988 rn
789 940 936 989 emonem
958 933 1017 989 aut
1032 923 1092 990 sal·

146 1027 217 1080 tem
235 1015 269 1080 in
287 1032 402 1105 graves
420 1011 643 1082 dubitationes
660 1012 748 1082 trabi
765 1014 963 1120 potuissent.
978 1013 1092 1083 Restat

146 1106 279 1194 igitur,
303 1116 340 1173 ut
360 1105 545 1190 Sacerdos,
568 1118 600 1175 et
619 1106 716 1176 verba
739 1108 871 1196 abipso
902 1108 1029 1215 prolata
1052 1109 1090 1179 ad

140 1200 308 1268 Sacrama
311 1199 359 1266 nti
379 1199 472 1271 llat'
429 1199 593 1271 trimonii
602 1201 778 1273 essentiam
801 1222 868 1273 non
889 1201 1088 1289 pertineant,

148 1314 216 1361 nec
233 1294 304 1381 ipse
326 1291 532 1362 Sacramenti
553 1293 701 1362 Minister
731 1295 902 1364 habendus
930 1296 983 1362 sit.

199 1386 345 1455 Tandem
362 1387 613 1457 haeesententia
629 1385 685 1455 SS.
703 1388 899 1457 Pontificum
917 1386 1093 1456 decisioni-

147 1480 414 1567 busrespondet.
433 1480 520 1549 Nam·
534 1480 644 1550 missis
659 1480 713 1562 iis,
725 1479 1089 1571 quaeabUrbanol'llL

147 1574 213 1641 Pio
234 1574 284 1657 Vl,
305 1572 361 1641 Pio
382 1573 435 1640 llll
456 1575 647 1653 dictasunt,
670 1576 875 1664 apertissima
896 1587 973 1643 sunt
992 1575 1090 1642 verba

142 1667 280 1756 -quibos
302 1687 381 1734 usus
413 1679 464 1735 est
483 1666 561 1735 Pius
587 1668 643 1751 lll,
669 1678 737 1736 tum
760 1669 792 1737 in
814 1670 910 1738 alloo.
933 1666 979 1734 Sl
1000 1666 1093 1757 Sept.

65 1815 69 1821 .
151 1759 274 1842 1852,
298 1773 365 1827 tum
389 1760 508 1829 litteris
529 1761 613 1830 datis
640 1761 680 1830 ad
702 1761 873 1830 Sardiniae
902 1762 1026 1849 Regem
1048 1760 1092 1829 19

152 1851 387 1944 81111853,
411 1865 479 1922 tum
514 1854 714 1926 allocutione
735 1854 779 1922 19
800 1855 869 1924 011.
893 1852 998 1938 1866,
1021 1855 1096 1943 qui-

150 1950 219 2016 bus
239 1969 314 2016 oum
343 1958 507 2017 statuatur
536 1947 786 2018 Sacramentum
807 1948 985 2037 innuptiis
1006 1948 1096 2016 cbri-

152 2043 343 2113 stianorum
365 2061 382 2109 a
404 2053 574 2111 contractu
600 2042 747 2132 separari
772 2042 965 2111 nullomodo
987 2062 1093 2130 posse,

153 2157 304 2225 cumque
330 2147 459 2205 constet
491 2134 744 2204 Sacramentum
775 2135 851 2204 inde
872 2135 945 2202 sieri
970 2133 1097 2202 111111-

151 2230 371 2312 stilidelibus,
395 2230 452 2318 qui
472 2228 722 2298 matrimonium
751 2227 953 2297 contrahunt
971 2226 1096 2316 absque

153 2322 297 2392 Parocbi
332 2322 545 2412 praeseutia,
568 2322 602 2390 in
622 2322 705 2391 locis
730 2322 787 2391 ubi
820 2321 1096 2411 impedimentum

152 2416 432 2486 clandestinitatis
452 2437 519 2485 nou
540 2428 645 2486 exstat
663 2417 713 2485 rel
733 2416 832 2505 viget,
856 2417 1003 2505 profecto
1023 2436 1098 2485 con·

150 2511 314 2580 eludatur
334 2521 465 2599 oportet
485 2530 551 2578 non
572 2509 809 2594 Sacerdotem,
832 2510 887 2579 sod
910 2509 998 2599 ipsos
1018 2530 1098 2578 eon-

156 2604 331 2674 trabentes
351 2602 519 2673 ministros
541 2623 624 2673 esse.
642 2603 736 2673 Unde
756 2604 921 2694 seqnitur,
937 2625 975 2673 ex
990 2602 1097 2684 dietis,

156 2700 193 2766 in
215 2697 430 2768 matrimonio
449 2717 608 2784 corpora,
630 2718 688 2767 sco
712 2698 764 2767 ius
781 2698 814 2766 in
834 2718 972 2787 corpora
993 2707 1099 2766 mate·

151 2792 242 2860 riam
263 2802 439 2869 remotam,
462 2790 563 2859 huius
584 2790 667 2862 iuris
687 2791 899 2881 traditionem
924 2790 1096 2861 materiam

156 2884 357 2973 proximam,
381 2896 530 2953 mutuam
551 2884 797 2975 coreptionem,
820 2905 879 2954 scu
899 2904 1096 2954 consensum

152 2978 303 3049 anterius
323 2998 526 3067 expressum,
551 2979 692 3047 tbrmom
710 2978 924 3048 constituere.

193 3179 273 3234 ldulta
291 3173 402 3246 quidam
419 3182 571 3263 argumenta
588 3183 666 3239 11111,
686 3191 753 3245 quae
776 3175 902 3229 Malchior
922 3175 1008 3227 Caum
1031 3173 1100 3225 eius

154 3275 210 3328 qua
225 3256 361 3317 asseclae,
380 3249 434 3304 tom
452 3251 625 3320 antiquiores,
643 3260 699 3306 tum
718 3253 891 3314 recentiores,
908 3260 939 3304 ut
960 3249 1046 3303 Patael
1069 3249 1102 3300 ale

154 3336 279 3395 Lemana,
297 3330 456 3397 Dobmayar,
473 3329 576 3394 Sauter,
594 3328 740 3397 Ddlliuger,
758 3330 862 3394 bliiller,
880 3330 990 3393 Brauon,
1008 3326 1101 3397 flagei,

150 3406 819 3479 111111,111151181111111,1111111111111111
838 3405 889 3460 Sad
905 3424 935 3460 ca
953 3406 1103 3477 singillatim

157 3485 265 3539 diluunt
282 3481 457 3536 bellarminus
477 3478 525 3560 lib
545 3486 556 3532 1
589 3479 621 3533 de
644 3479 760 3535 11111111.
782 3499 841 3553 cap
859 3487 920 3536 det
941 3480 1103 3550 1111111111-

149 3559 278 3615 luaatde
295 3556 412 3611 blata-im
430 3572 489 3625 cap.
508 3560 545 3622 o,
565 3557 675 3610 Pontias
692 3559 737 3611 eit.
756 3560 803 3613 lib.
825 3566 918 3628 lcap.
937 3562 972 3623 8,
992 3565 1018 3608 et
1038 3555 1106 3605 inter
