2642 4175
365 298 409 342 ιιι,
427 297 663 341 mahumetana
682 296 880 345 ιιιτιιιιιοιιιι
978 286 1043 344 269
1075 299 1092 340 .’

139 392 257 484 toto)
278 367 428 477 feceriut,
451 405 484 462 et
502 414 539 463 re
565 395 605 464 ad
626 392 837 465 Ordinarium
858 396 965 467 delata
988 397 1029 468 ab
1049 422 1092 471 eo

141 489 320 558 licentiam
353 487 386 554 id
420 447 559 556 'faciendi
580 488 797 559 obtinuerint.
823 487 893 558 »si
918 503 1028 561 tamen
1047 495 1091 565 de

140 583 234 651 lacto
256 580 449 650 assisterent
466 581 592 671 absque
613 582 669 651 tali
688 582 831 668 licentia,
851 586 1001 674 quamvis
1015 608 1089 677 pec·
1188 625 1192 630 ·

141 686 276 759 carent,
295 673 543 743 matrimonium
559 687 667 745 tamen
682 676 816 758 valeret,
834 678 911 768 quia
927 692 993 748 tam
1010 692 1089 751 sunt

143 768 288 860 parochi
323 767 437 837 talium
452 789 579 857 ,quam
600 768 783 860 Episcopus
814 791 928 841 eorum
950 772 1089 845 Ordina-

142 864 229 947 rins,
254 873 292 931 ut
311 861 485 932 observant
499 860 638 955 Sylvius
658 863 816 968 ledesma
838 864 995 947 Sancbez,
1015 868 1090 936 alii·

142 979 212 1048 que
234 956 361 1046 pl.ures
453 992 459 1005 ·

190 1049 334 1118 Praeter
353 1046 534 1137 parocbum
554 1048 620 1118 duo
641 1062 699 1118 aut
713 1062 779 1119 tres
800 1062 900 1120 testes
915 1052 1089 1122 matrimo-

143 1143 202 1213 nio
225 1143 389 1212 interesse
403 1140 524 1213 debent
539 1154 576 1210 ut
591 1143 719 1212 aalide
711 1156 854 1214 meatur.
872 1144 992 1214 Verum
1011 1168 1088 1216 cum

141 1236 305 1306 nullam
296 1256 331 1303 ιιι
362 1234 409 1303 eis
429 1235 632 1342 peculiarem
660 1236 852 1326 qualitatem
889 1241 1088 1329 postulet
1053 1239 1073 1291 q

146 1331 328 1434 Spnodus,
339 1328 416 1396 binc
447 1328 573 1417 nuptiis
601 1331 836 1400 contrahendis
857 1345 994 1422 possunt
1016 1354 1088 1404 esse

146 1435 250 1493 testes
272 1420 474 1513 quicumque
494 1442 555 1490 usu
578 1423 716 1492 rationis
735 1424 878 1514 pollent,
906 1437 939 1494 et
968 1446 1088 1496 secun-

143 1517 254 1586 dum
244 1537 297 1585 rus
318 1526 457 1584 naturae
478 1514 605 1584 habiles
618 1528 651 1586 et
668 1518 735 1607 apti
752 1530 829 1586 sunt
849 1519 888 1587 ad
911 1520 1087 1590 ferendum

144 1608 378 1680 testimonium
398 1607 465 1677 sive
485 1609 694 1697 impuberes,
727 1610 795 1680 sive
821 1614 1084 1703 consanguinei,

143 1706 214 1773 sive
235 1701 433 1786 domestici,
464 1701 531 1770 sive
555 1703 715 1792 religiosi,
741 1705 807 1774 sive
828 1702 996 1790 feminae,
1018 1708 1088 1778 sive

143 1798 311 1880 infideles,
333 1795 707 1879 sireexoommunioati,
729 1797 795 1867 sive
816 1799 986 1883 baeretici,
1012 1801 1086 1869 alii-

143 1913 212 1980 que
231 1891 367 1960 demum
388 1887 486 1957 etiam
518 1888 589 1958 iure
608 1889 749 1979 positivo
783 1892 823 1960 ad
854 1893 1085 1962 testimonium

143 1984 324 2054 dicendum
345 1981 520 2064 inhabiles,
544 1985 641 2052 modo
661 2003 727 2052 non
743 2004 802 2072 per
819 1983 917 2069 vices,
940 1986 996 2055 sed
1017 2007 1086 2054 uno

143 2077 247 2148 simul
267 2078 451 2167 eodemque
471 2087 622 2166 tempore
653 2075 868 2146 celebrationi
890 2077 1085 2168 nuptiarum

145 2171 314 2242 intersint.
337 2170 486 2240 Validum
507 2190 642 2261 quoque
670 2170 919 2239 matrimonium
940 2181 1013 2255 est,
1036 2184 1085 2241 et·

146 2265 244 2334 iamsi
267 2265 431 2354 parochus
450 2275 483 2333 et
501 2275 601 2333 testes
621 2284 687 2332 non
708 2275 836 2354 sponte,
860 2266 917 2334 sed
947 2265 1087 2333 fortuito

144 2372 204 2430 aut
224 2359 301 2427 dolo
323 2356 461 2440 inducti,
483 2370 540 2427 aut
559 2355 663 2427 coacti
691 2368 724 2427 et
756 2357 867 2441 inviti,
892 2358 958 2427 imo
983 2356 1082 2428 etiam

145 2452 410 2522 contradicentes
425 2461 483 2520 aut
495 2451 691 2520 dissidentes
709 2451 887 2521 adfuerint:
904 2452 980 2521 finis
994 2452 1084 2522 enim

144 2545 332 2615 Tridentini
350 2543 490 2627 Decreti,
514 2566 580 2634 quo
596 2544 744 2635 ipsorum
766 2546 953 2634 praesentia
974 2546 1014 2616 ad
1032 2558 1084 2617 te·

143 2639 338 2708 stimonium
359 2639 399 2707 de
420 2649 587 2707 contracto
602 2638 815 2709 matrimonio
835 2640 992 2711 duntaxat
1006 2661 1082 2730 per·

144 2733 328 2803 hibendum
348 2730 557 2821 requiritur,
582 2731 660 2800 satis
682 2731 875 2817 obtinetur,
899 2746 1083 2825 utcumque

145 2827 208 2915 ipsi
230 2827 362 2908 adsint,
386 2825 484 2894 modo
504 2824 642 2893 adhibiti
660 2825 795 2904 suerint,
816 2827 946 2915 etquid
968 2848 1083 2915 agere·

145 2932 201 2989 tur
216 2919 450 2990 intellexerint.
466 2917 687 2997 Quamobrem
714 2918 795 2985 illud
815 2929 887 2988 tant
873 2929 944 2988 tum
964 2931 1080 3010 postu·

145 3016 257 3098 latur,
278 3026 315 3083 ut
334 3012 517 3102 praesentia
550 3010 686 3101 parochi
720 3021 754 3080 et
783 3010 917 3081 testium
945 3015 1085 3082 nonsit

146 3130 239 3178 mere
263 3106 397 3198 physica
419 3115 452 3175 et
469 3105 661 3189 materialis
683 3105 739 3174 sed
759 3103 858 3173 etiam
876 3106 1021 3185 moralis,
1047 3118 1083 3175 et

147 3202 307 3285 formalis,
332 3210 368 3268 ut
387 3198 512 3269 scilicet
544 3210 577 3268 et
607 3199 840 3269 contrahentes
873 3196 1022 3279 videant,
1046 3210 1080 3266 et

147 3296 243 3365 rerba
264 3294 483 3371 audientia}
504 3313 627 3362 canon
657 3291 877 3383 percipientes
900 3289 993 3380 signa
1016 3291 1083 3358 sal-

146 3399 212 3459 tem
231 3389 364 3458 videant
383 3398 416 3457 et
433 3386 643 3475 intelligant,
664 3386 785 3476 quibus
805 3396 876 3455 mut
878 3406 939 3454 uus
961 3384 1084 3455 utrius·

147 3505 211 3574 que
231 3479 457 3554 contrahentis
477 3501 593 3550 sensus
625 3501 734 3549 coram
759 3479 846 3571 ipso,
868 3491 905 3549 ut
924 3501 962 3550 eo
984 3499 1081 3570 prae-
