2642 4175
280 332 349 391 tes
593 346 760 392 sernumx
778 347 813 393 tt.

363 445 407 514 ll.
431 444 593 514 Formulo
612 445 746 534 petundi
771 445 1046 533 dispensationem

419 539 457 607 irc
472 539 669 627 proclamat.
688 539 981 627 cntmuptiolibrts.

320 685 546 757 illustrissime
564 706 606 754 ac
624 684 908 755 Reuereudissime
920 677 1088 771 Domine,

281 805 420 874 loannes
450 805 489 874 N.
511 817 544 875 et
567 805 689 874 loanna
717 804 756 871 N.
782 804 974 893 parochiani
995 804 1084 887 mei,
1103 827 1171 874 ma·

233 898 428 969 trimonium
449 899 483 967 in
500 899 619 968 faciem
632 894 799 966 Ecclesiae
813 896 900 967 inire
913 897 1067 989 cupiunt.
1087 898 1167 980 Quia

234 1013 312 1062 uero
333 993 459 1062 diutius
484 992 566 1061 illud
590 991 718 1062 differri
735 1009 802 1058 non
822 1002 953 1079 potest,
982 992 1170 1061 humillime

234 1098 353 1175 petunt
365 1087 407 1156 ab
425 1086 648 1157 illustrissima
663 1083 895 1154 nominatione
910 1080 1022 1154 Vestra
1041 1086 1170 1176 dispeu-

233 1179 397 1249 sationem
417 1201 517 1271 super
534 1180 663 1249 duabus
683 1178 1015 1269 proclamationibus.

294 1272 398 1342 Causa
419 1286 485 1344 est:
517 1273 642 1343 instans
666 1271 821 1341 oratricis
854 1287 991 1360 partus;
1012 1274 1170 1342 damnum

235 1386 333 1455 graue
353 1368 554 1451 evitandum
571 1379 701 1458 tempus
717 1366 866 1436 clausum
884 1365 1169 1458 appropinquans,

235 1470 299 1528 etc.

281 1552 435 1623 Oratores
455 1565 563 1623 taxum
583 1552 786 1622 ordinariam
807 1554 954 1636 solvent;
975 1555 1040 1640 vel,
1059 1551 1174 1623 Orato-

235 1665 289 1715 res
308 1658 385 1714 sunt
404 1664 581 1736 pauperes.
1084 1650 1087 1661 ’

535 1766 589 1835 dio
647 1803 651 1807 ·
685 1768 810 1839 mensis
1004 1766 1084 1838 unni

582 1884 651 1956 NN.
674 1886 793 1957 Pastor
810 1886 989 1979 parochiae

269 2015 296 2070 Si
315 2018 409 2086 sponsi
431 2035 483 2070 nou
501 2018 553 2070 sint
570 2018 692 2072 eiusdem
718 2017 990 2089 percutientium,
1008 2028 1121 2086 utemue
1136 2033 1175 2068 re·

234 2086 351 2154 spective
370 2082 500 2157 parochus
525 2082 626 2141 scribut
642 2090 691 2140 hoc
710 2087 796 2169 modo:
815 2082 923 2140 loannes
940 2084 975 2167 N·
1040 2084 1175 2167 parochia·

236 2156 511 2290 limittit·
519 2155 550 2280 i
608 2155 1095 2294 clttlttttllttlfftlffi
1111 2165 1176 2273 ¹³¹⁸?

236 2287 305 2356 Quia
323 2308 385 2345 vero
402 2301 453 2345 etc.
467 2303 497 2346 ut
513 2308 603 2359 supra.

273 2358 369 2411 Eadem
392 2360 447 2413 lere
464 2361 576 2413 turmula
601 2359 719 2412 tdhiberi
737 2358 871 2429 potestati
889 2359 1027 2430 petendam
1045 2357 1175 2428 dispeusa-

238 2427 335 2480 tiu-en
350 2441 433 2495 tttper
445 2434 555 2493 ternpore
572 2431 665 2480 riuum.
920 2429 922 2432 ’
982 2487 986 2490 ,

271 2493 326 2547 liae
342 2513 447 2564 preces,
461 2498 566 2552 mutatis
582 2495 807 2559 necimmerito
823 2497 902 2549 etium
919 2502 1040 2564 potsunt,
1052 2494 1080 2548 in
1096 2493 1173 2546 iiius·

239 2563 343 2615 cecibus
360 2563 525 2632 quibusdum,
544 2562 577 2617 ad
595 2563 722 2617 decuuurn
741 2564 857 2620 eiusdem
873 2565 1017 2634 respective
1034 2560 1172 2615 districtus.

423 2788 479 2894 lll.
502 2788 664 2899 Formido
679 2792 813 2900 petendi
832 2788 998 2858 iicerttiom

383 2883 567 2952 celebrande
591 2887 840 2954 matrimonium
865 2901 1035 2971 troporum.

328 3027 553 3099 lllusttissime
573 3048 610 3098 ac
628 3025 915 3102 Reverendissime
932 3021 1097 3108 Domine,

307 3147 430 3218 loonua
467 3148 506 3219 N.
547 3147 748 3240 parochiana
788 3165 889 3230 mea,
930 3142 1174 3238 matrimonium

244 3241 332 3311 inire
354 3241 445 3331 cupit
473 3261 547 3311 cum
576 3241 700 3312 loaune
722 3243 763 3311 N.
783 3242 817 3310 iu
840 3238 990 3309 Dioeoesi
1014 3237 1053 3307 N.
1083 3245 1173 3332 nuto,

245 3333 322 3424 qui,
346 3335 503 3424 quoniam
522 3333 641 3405 nullibi
663 3333 764 3406 hahet
782 3324 988 3407 domicilium
1003 3329 1054 3400 vel
1070 3323 1175 3421 quasi·

245 3426 475 3514 domicilium,
509 3427 596 3512 iuter
628 3451 727 3519 vagos
760 3441 810 3500 est
842 3423 1035 3516 habendum
1058 3423 1175 3496 Paret·

245 3532 296 3590 tes
312 3522 476 3605 oratoris,
497 3522 554 3612 qui
575 3522 725 3591 habitant
748 3522 781 3590 in
801 3522 840 3591 N.
864 3538 1061 3589 consensum
1082 3516 1176 3586 dude·
