<?xml version="1.0" encoding="UTF-8"?>
<!DOCTYPE html PUBLIC "-//W3C//DTD XHTML 1.0 Transitional//EN"
    "http://www.w3.org/TR/xhtml1/DTD/xhtml1-transitional.dtd">
<html xmlns="http://www.w3.org/1999/xhtml" xml:lang="en" lang="en">
 <head>
  <title>
</title>
<meta http-equiv="Content-Type" content="text/html;charset=utf-8" />
  <meta name='ocr-system' content='tesseract 3.04.00' />
  <meta name='ocr-capabilities' content='ocr_page ocr_carea ocr_par ocr_line ocrx_word'/>
</head>
<body>
  <div class='ocr_page' id='page_1' title='image "./septimiimariaev00veccgoog_0402.png"; bbox 0 0 2642 4175; ppageno 0'>
   <div class='ocr_carea' id='block_1_1' title="bbox 264 342 766 402">
    <p class='ocr_par' dir='ltr' id='par_1_1' title="bbox 264 342 766 402">
     <span class='ocr_line' id='line_1_1' title="bbox 264 342 766 402; baseline -0.008 0"><span class='ocrx_word' id='word_1_1' title='bbox 264 342 332 402; x_wconf 79' lang='lat' dir='ltr'><strong>nte</strong></span> <span class='ocrx_word' id='word_1_2' title='bbox 600 352 703 399; x_wconf 74' lang='lat' dir='ltr'><strong>carun</strong></span> <span class='ocrx_word' id='word_1_3' title='bbox 717 353 766 398; x_wconf 91' lang='lat'>111.</span> 
     </span>
    </p>
   </div>
   <div class='ocr_carea' id='block_1_2' title="bbox 215 449 1161 915">
    <p class='ocr_par' dir='ltr' id='par_1_2' title="bbox 215 449 1161 915">
     <span class='ocr_line' id='line_1_2' title="bbox 215 449 1161 535; baseline -0.003 -11"><span class='ocrx_word' id='word_1_4' title='bbox 215 452 359 527; x_wconf 82' lang='lat' dir='ltr'><strong>riaaimis</strong></span> <span class='ocrx_word' id='word_1_5' title='bbox 376 450 496 534; x_wconf 83' lang='lat' dir='ltr'><strong>causis,</strong></span> <span class='ocrx_word' id='word_1_6' title='bbox 518 449 724 535; x_wconf 71' lang='lat' dir='ltr'><strong>conceditur,</strong></span> <span class='ocrx_word' id='word_1_7' title='bbox 745 449 868 520; x_wconf 79' lang='lat' dir='ltr'><strong>sivein</strong></span> <span class='ocrx_word' id='word_1_8' title='bbox 889 471 965 521; x_wconf 73' lang='lat' dir='ltr'><strong>mco</strong></span> <span class='ocrx_word' id='word_1_9' title='bbox 986 455 1161 521; x_wconf 74' lang='lat' dir='ltr'><strong>commoni</strong></span> 
     </span>
     <span class='ocr_line' id='line_1_3' title="bbox 217 542 1158 633; baseline -0.005 -16"><span class='ocrx_word' id='word_1_10' title='bbox 217 556 256 618; x_wconf 90' lang='lat' dir='ltr'><strong>ut</strong></span> <span class='ocrx_word' id='word_1_11' title='bbox 272 545 425 616; x_wconf 86' lang='lat' dir='ltr'><strong>scandala</strong></span> <span class='ocrx_word' id='word_1_12' title='bbox 439 544 609 613; x_wconf 86' lang='lat' dir='ltr'><strong>acdamna</strong></span> <span class='ocrx_word' id='word_1_13' title='bbox 626 542 803 627; x_wconf 88' lang='lat' dir='ltr'><strong>evitentur,</strong></span> <span class='ocrx_word' id='word_1_14' title='bbox 818 543 846 613; x_wconf 86' lang='lat' dir='ltr'><strong>si</strong></span> <span class='ocrx_word' id='word_1_15' title='bbox 864 565 883 614; x_wconf 94' lang='lat' dir='ltr'><strong>a</strong></span> <span class='ocrx_word' id='word_1_16' title='bbox 903 564 1022 633; x_wconf 74' lang='lat' dir='ltr'><strong>magna</strong></span> <span class='ocrx_word' id='word_1_17' title='bbox 1039 545 1158 613; x_wconf 88' lang='lat' dir='ltr'><strong>boroi-</strong></span> 
     </span>
     <span class='ocr_line' id='line_1_4' title="bbox 217 635 1156 722; baseline -0.005 -13"><span class='ocrx_word' id='word_1_18' title='bbox 217 659 300 709; x_wconf 88' lang='lat' dir='ltr'><strong>num</strong></span> <span class='ocrx_word' id='word_1_19' title='bbox 313 636 528 717; x_wconf 88' lang='lat' dir='ltr'><strong>multitudine</strong></span> <span class='ocrx_word' id='word_1_20' title='bbox 541 635 754 706; x_wconf 88' lang='lat' dir='ltr'><strong>matrimonia</strong></span> <span class='ocrx_word' id='word_1_21' title='bbox 763 636 806 705; x_wconf 91' lang='lat' dir='ltr'><strong>de</strong></span> <span class='ocrx_word' id='word_1_22' title='bbox 817 637 916 720; x_wconf 84' lang='lat' dir='ltr'><strong>iacto,</strong></span> <span class='ocrx_word' id='word_1_23' title='bbox 925 638 1053 707; x_wconf 86' lang='lat' dir='ltr'><strong>aebona</strong></span> <span class='ocrx_word' id='word_1_24' title='bbox 1068 636 1156 722; x_wconf 85' lang='lat' dir='ltr'><strong>fide,</strong></span> 
     </span>
     <span class='ocr_line' id='line_1_5' title="bbox 218 728 1158 813; baseline -0.004 -11"><span class='ocrx_word' id='word_1_25' title='bbox 218 731 359 802; x_wconf 89' lang='lat' dir='ltr'><strong>nulliter</strong></span> <span class='ocrx_word' id='word_1_26' title='bbox 378 730 555 813; x_wconf 88' lang='lat' dir='ltr'><strong>celebrata,</strong></span> <span class='ocrx_word' id='word_1_27' title='bbox 582 728 740 799; x_wconf 87' lang='lat' dir='ltr'><strong>reiterato</strong></span> <span class='ocrx_word' id='word_1_28' title='bbox 770 749 947 813; x_wconf 80' lang='lat' dir='ltr'><strong>conaensu,</strong></span> <span class='ocrx_word' id='word_1_29' title='bbox 974 728 1158 800; x_wconf 82' lang='lat' dir='ltr'><strong>reralidani</strong></span> 
     </span>
     <span class='ocr_line' id='line_1_6' title="bbox 218 821 1160 915; baseline 0 -23"><span class='ocrx_word' id='word_1_30' title='bbox 218 822 315 894; x_wconf 82' lang='lat' dir='ltr'><strong>facile</strong></span> <span class='ocrx_word' id='word_1_31' title='bbox 334 834 513 915; x_wconf 76' lang='lat' dir='ltr'><strong>nequeant,</strong></span> <span class='ocrx_word' id='word_1_32' title='bbox 529 821 596 892; x_wconf 86' lang='lat' dir='ltr'><strong>sire</strong></span> <span class='ocrx_word' id='word_1_33' title='bbox 622 822 657 890; x_wconf 92' lang='lat' dir='ltr'><strong>in</strong></span> <span class='ocrx_word' id='word_1_34' title='bbox 681 842 761 892; x_wconf 80' lang='lat' dir='ltr'><strong>catu</strong></span> <span class='ocrx_word' id='word_1_35' title='bbox 785 824 970 908; x_wconf 81' lang='lat' dir='ltr'><strong>individuo,</strong></span> <span class='ocrx_word' id='word_1_36' title='bbox 993 831 1031 891; x_wconf 87' lang='lat' dir='ltr'><strong>nt</strong></span> <span class='ocrx_word' id='word_1_37' title='bbox 1052 821 1160 892; x_wconf 91' lang='lat' dir='ltr'><strong>inno·</strong></span> 
     </span>
    </p>
   </div>
   <div class='ocr_carea' id='block_1_3' title="bbox 220 913 1161 3608">
    <p class='ocr_par' dir='ltr' id='par_1_3' title="bbox 220 913 1161 3422">
     <span class='ocr_line' id='line_1_7' title="bbox 220 913 1155 1006; baseline -0.006 -17"><span class='ocrx_word' id='word_1_38' title='bbox 220 916 324 989; x_wconf 79' lang='lat' dir='ltr'><strong>nantis</strong></span> <span class='ocrx_word' id='word_1_39' title='bbox 343 915 447 1006; x_wconf 85' lang='lat' dir='ltr'><strong>partis</strong></span> <span class='ocrx_word' id='word_1_40' title='bbox 466 915 597 986; x_wconf 87' lang='lat' dir='ltr'><strong>animae</strong></span> <span class='ocrx_word' id='word_1_41' title='bbox 613 913 737 1000; x_wconf 86' lang='lat' dir='ltr'><strong>saluti,</strong></span> <span class='ocrx_word' id='word_1_42' title='bbox 759 915 862 1005; x_wconf 91' lang='lat' dir='ltr'><strong>prolis</strong></span> <span class='ocrx_word' id='word_1_43' title='bbox 889 913 1122 1005; x_wconf 75' lang='lat' dir='ltr'><strong>legitimationi</strong></span> <span class='ocrx_word' id='word_1_44' title='bbox 1142 967 1155 999; x_wconf 93' lang='lat'><strong>,</strong></span> 
     </span>
     <span class='ocr_line' id='line_1_8' title="bbox 220 1005 1155 1098; baseline -0.004 -18"><span class='ocrx_word' id='word_1_45' title='bbox 220 1021 255 1080; x_wconf 85' lang='lat' dir='ltr'><strong>et</strong></span> <span class='ocrx_word' id='word_1_46' title='bbox 273 1008 418 1079; x_wconf 82' lang='lat' dir='ltr'><strong>familiae</strong></span> <span class='ocrx_word' id='word_1_47' title='bbox 436 1005 682 1098; x_wconf 75' lang='lat' dir='ltr'><strong>tranquillitati,</strong></span> <span class='ocrx_word' id='word_1_48' title='bbox 703 1027 852 1078; x_wconf 87' lang='lat' dir='ltr'><strong>necnon</strong></span> <span class='ocrx_word' id='word_1_49' title='bbox 871 1007 1042 1079; x_wconf 88' lang='lat' dir='ltr'><strong>renuentis</strong></span> <span class='ocrx_word' id='word_1_50' title='bbox 1060 1007 1155 1077; x_wconf 92' lang='lat' dir='ltr'><strong>bono</strong></span> 
     </span>
     <span class='ocr_line' id='line_1_9' title="bbox 221 1099 1159 1191; baseline -0.004 -19"><span class='ocrx_word' id='word_1_51' title='bbox 221 1103 414 1174; x_wconf 88' lang='lat' dir='ltr'><strong>consulatur</strong></span> <span class='ocrx_word' id='word_1_52' title='bbox 446 1122 485 1171; x_wconf 89' lang='lat' dir='ltr'><strong>oe</strong></span> <span class='ocrx_word' id='word_1_53' title='bbox 515 1099 739 1190; x_wconf 84' lang='lat' dir='ltr'><strong>provideatur.</strong></span> <span class='ocrx_word' id='word_1_54' title='bbox 761 1100 878 1191; x_wconf 89' lang='lat' dir='ltr'><strong>ltaque</strong></span> <span class='ocrx_word' id='word_1_55' title='bbox 896 1100 1025 1170; x_wconf 89' lang='lat' dir='ltr'><strong>sanatio</strong></span> <span class='ocrx_word' id='word_1_56' title='bbox 1042 1099 1079 1168; x_wconf 92' lang='lat' dir='ltr'><strong>in</strong></span> <span class='ocrx_word' id='word_1_57' title='bbox 1096 1120 1159 1169; x_wconf 87' lang='lat' dir='ltr'><strong>ra·</strong></span> 
     </span>
     <span class='ocr_line' id='line_1_10' title="bbox 221 1192 1158 1284; baseline -0.003 -20"><span class='ocrx_word' id='word_1_58' title='bbox 221 1195 294 1265; x_wconf 89' lang='lat' dir='ltr'><strong>dice</strong></span> <span class='ocrx_word' id='word_1_59' title='bbox 314 1194 464 1283; x_wconf 74' lang='lat' dir='ltr'><strong>astiagis</strong></span> <span class='ocrx_word' id='word_1_60' title='bbox 483 1192 748 1277; x_wconf 75' lang='lat' dir='ltr'><strong>aeclesiasticae,</strong></span> <span class='ocrx_word' id='word_1_61' title='bbox 770 1214 858 1282; x_wconf 87' lang='lat' dir='ltr'><strong>quaa</strong></span> <span class='ocrx_word' id='word_1_62' title='bbox 876 1194 1158 1284; x_wconf 86' lang='lat' dir='ltr'><strong>impedimentum</strong></span> 
     </span>
     <span class='ocr_line' id='line_1_11' title="bbox 220 1286 1160 1376; baseline -0.003 -19"><span class='ocrx_word' id='word_1_63' title='bbox 220 1287 373 1373; x_wconf 81' lang='lat' dir='ltr'><strong>induxit,</strong></span> <span class='ocrx_word' id='word_1_64' title='bbox 393 1286 565 1375; x_wconf 78' lang='lat' dir='ltr'><strong>abnegatio</strong></span> <span class='ocrx_word' id='word_1_65' title='bbox 584 1306 625 1355; x_wconf 83' lang='lat' dir='ltr'><strong>ex</strong></span> <span class='ocrx_word' id='word_1_66' title='bbox 649 1297 739 1366; x_wconf 89' lang='lat' dir='ltr'><strong>tunc,</strong></span> <span class='ocrx_word' id='word_1_67' title='bbox 757 1307 818 1356; x_wconf 91' lang='lat' dir='ltr'><strong>seu</strong></span> <span class='ocrx_word' id='word_1_68' title='bbox 837 1306 876 1356; x_wconf 84' lang='lat' dir='ltr'><strong>ex</strong></span> <span class='ocrx_word' id='word_1_69' title='bbox 890 1299 1039 1376; x_wconf 86' lang='lat' dir='ltr'><strong>tempore</strong></span> <span class='ocrx_word' id='word_1_70' title='bbox 1055 1306 1160 1374; x_wconf 86' lang='lat' dir='ltr'><strong>prae·</strong></span> 
     </span>
     <span class='ocr_line' id='line_1_12' title="bbox 220 1377 1157 1464; baseline -0.004 -13"><span class='ocrx_word' id='word_1_71' title='bbox 220 1379 290 1456; x_wconf 88' lang='lat' dir='ltr'><strong>stiti</strong></span> <span class='ocrx_word' id='word_1_72' title='bbox 309 1399 499 1464; x_wconf 82' lang='lat' dir='ltr'><strong>muscosus,</strong></span> <span class='ocrx_word' id='word_1_73' title='bbox 519 1399 586 1447; x_wconf 93' lang='lat' dir='ltr'><strong>una</strong></span> <span class='ocrx_word' id='word_1_74' title='bbox 605 1399 680 1448; x_wconf 90' lang='lat' dir='ltr'><strong>com</strong></span> <span class='ocrx_word' id='word_1_75' title='bbox 701 1379 887 1449; x_wconf 83' lang='lat' dir='ltr'><strong>irritatione</strong></span> <span class='ocrx_word' id='word_1_76' title='bbox 905 1379 1055 1448; x_wconf 90' lang='lat' dir='ltr'><strong>omnium</strong></span> <span class='ocrx_word' id='word_1_77' title='bbox 1069 1377 1157 1447; x_wconf 82' lang='lat' dir='ltr'><strong>effe-</strong></span> 
     </span>
     <span class='ocr_line' id='line_1_13' title="bbox 222 1469 1161 1560; baseline -0.002 -18"><span class='ocrx_word' id='word_1_78' title='bbox 222 1484 336 1543; x_wconf 90' lang='lat' dir='ltr'><strong>otnum</strong></span> <span class='ocrx_word' id='word_1_79' title='bbox 355 1484 452 1542; x_wconf 86' lang='lat' dir='ltr'><strong>antea</strong></span> <span class='ocrx_word' id='word_1_80' title='bbox 471 1492 510 1541; x_wconf 84' lang='lat' dir='ltr'><strong>en</strong></span> <span class='ocrx_word' id='word_1_81' title='bbox 525 1472 600 1559; x_wconf 76' lang='lat' dir='ltr'><strong>lege</strong></span> <span class='ocrx_word' id='word_1_82' title='bbox 615 1484 849 1560; x_wconf 87' lang='lat' dir='ltr'><strong>sequutorum.</strong></span> <span class='ocrx_word' id='word_1_83' title='bbox 864 1471 990 1542; x_wconf 79' lang='lat' dir='ltr'><strong>Dicitur</strong></span> <span class='ocrx_word' id='word_1_84' title='bbox 1005 1469 1087 1559; x_wconf 77' lang='lat' dir='ltr'><strong>legis</strong></span> <span class='ocrx_word' id='word_1_85' title='bbox 1102 1490 1161 1541; x_wconf 90' lang='lat' dir='ltr'><strong>ec·</strong></span> 
     </span>
     <span class='ocr_line' id='line_1_14' title="bbox 221 1563 1161 1654; baseline -0.003 -19"><span class='ocrx_word' id='word_1_86' title='bbox 221 1564 424 1635; x_wconf 84' lang='lat' dir='ltr'><strong>olesiasticae</strong></span> <span class='ocrx_word' id='word_1_87' title='bbox 454 1563 645 1652; x_wconf 75' lang='lat' dir='ltr'><strong>abnegatio,</strong></span> <span class='ocrx_word' id='word_1_88' title='bbox 669 1564 746 1654; x_wconf 89' lang='lat' dir='ltr'><strong>quia</strong></span> <span class='ocrx_word' id='word_1_89' title='bbox 768 1586 828 1653; x_wconf 95' lang='lat' dir='ltr'><strong>pro</strong></span> <span class='ocrx_word' id='word_1_90' title='bbox 848 1564 1039 1635; x_wconf 84' lang='lat' dir='ltr'><strong>huiusmodi</strong></span> <span class='ocrx_word' id='word_1_91' title='bbox 1056 1583 1161 1633; x_wconf 89' lang='lat' dir='ltr'><strong>sana·</strong></span> 
     </span>
     <span class='ocr_line' id='line_1_15' title="bbox 221 1656 1159 1748; baseline 0.003 -22"><span class='ocrx_word' id='word_1_92' title='bbox 221 1658 313 1727; x_wconf 72' lang='lat' dir='ltr'><strong>none</strong></span> <span class='ocrx_word' id='word_1_93' title='bbox 331 1656 517 1745; x_wconf 80' lang='lat' dir='ltr'><strong>requiritur</strong></span> <span class='ocrx_word' id='word_1_94' title='bbox 535 1657 685 1740; x_wconf 85' lang='lat' dir='ltr'><strong>omnino,</strong></span> <span class='ocrx_word' id='word_1_95' title='bbox 707 1669 745 1726; x_wconf 92' lang='lat' dir='ltr'><strong>ut</strong></span> <span class='ocrx_word' id='word_1_96' title='bbox 762 1657 1064 1748; x_wconf 74' lang='lat' dir='ltr'><strong>impedimentum,</strong></span> <span class='ocrx_word' id='word_1_97' title='bbox 1084 1677 1159 1745; x_wconf 81' lang='lat' dir='ltr'><strong>quo</strong></span> 
     </span>
     <span class='ocr_line' id='line_1_16' title="bbox 222 1747 1156 1841; baseline 0.001 -23"><span class='ocrx_word' id='word_1_98' title='bbox 222 1748 426 1823; x_wconf 86' lang='lat' dir='ltr'><strong>matrimonii</strong></span> <span class='ocrx_word' id='word_1_99' title='bbox 442 1748 577 1819; x_wconf 89' lang='lat' dir='ltr'><strong>nullitas</strong></span> <span class='ocrx_word' id='word_1_100' title='bbox 597 1749 731 1820; x_wconf 88' lang='lat' dir='ltr'><strong>inducta</strong></span> <span class='ocrx_word' id='word_1_101' title='bbox 745 1762 806 1833; x_wconf 85' lang='lat' dir='ltr'><strong>est,</strong></span> <span class='ocrx_word' id='word_1_102' title='bbox 824 1770 892 1821; x_wconf 91' lang='lat' dir='ltr'><strong>non</strong></span> <span class='ocrx_word' id='word_1_103' title='bbox 905 1771 923 1819; x_wconf 94' lang='lat' dir='ltr'><strong>a</strong></span> <span class='ocrx_word' id='word_1_104' title='bbox 937 1751 1012 1837; x_wconf 87' lang='lat' dir='ltr'><strong>iure</strong></span> <span class='ocrx_word' id='word_1_105' title='bbox 1028 1747 1156 1841; x_wconf 85' lang='lat' dir='ltr'><strong>divino,</strong></span> 
     </span>
     <span class='ocr_line' id='line_1_17' title="bbox 220 1841 1158 1931; baseline -0.002 -20"><span class='ocrx_word' id='word_1_106' title='bbox 220 1852 280 1911; x_wconf 85' lang='lat' dir='ltr'><strong>ant</strong></span> <span class='ocrx_word' id='word_1_107' title='bbox 298 1841 455 1927; x_wconf 87' lang='lat' dir='ltr'><strong>naturali,</strong></span> <span class='ocrx_word' id='word_1_108' title='bbox 469 1843 527 1913; x_wconf 90' lang='lat' dir='ltr'><strong>sed</strong></span> <span class='ocrx_word' id='word_1_109' title='bbox 545 1863 564 1911; x_wconf 92' lang='lat' dir='ltr'><strong>a</strong></span> <span class='ocrx_word' id='word_1_110' title='bbox 582 1842 658 1913; x_wconf 80' lang='lat' dir='ltr'><strong>ium</strong></span> <span class='ocrx_word' id='word_1_111' title='bbox 677 1843 836 1913; x_wconf 86' lang='lat' dir='ltr'><strong>canonico</strong></span> <span class='ocrx_word' id='word_1_112' title='bbox 853 1844 1025 1913; x_wconf 83' lang='lat' dir='ltr'><strong>dumtaxat</strong></span> <span class='ocrx_word' id='word_1_113' title='bbox 1041 1862 1158 1931; x_wconf 84' lang='lat' dir='ltr'><strong>prove-</strong></span> 
     </span>
     <span class='ocr_line' id='line_1_18' title="bbox 222 1932 1160 2026; baseline -0.002 -22"><span class='ocrx_word' id='word_1_114' title='bbox 222 1934 305 2004; x_wconf 87' lang='lat' dir='ltr'><strong>niat:</strong></span> <span class='ocrx_word' id='word_1_115' title='bbox 321 1932 443 2005; x_wconf 86' lang='lat' dir='ltr'><strong>dicitur</strong></span> <span class='ocrx_word' id='word_1_116' title='bbox 462 1956 502 2006; x_wconf 85' lang='lat' dir='ltr'><strong>ex</strong></span> <span class='ocrx_word' id='word_1_117' title='bbox 516 1942 600 2007; x_wconf 84' lang='lat' dir='ltr'><strong>tunc</strong></span> <span class='ocrx_word' id='word_1_118' title='bbox 614 1935 799 2024; x_wconf 75' lang='lat' dir='ltr'><strong>abnegatio,</strong></span> <span class='ocrx_word' id='word_1_119' title='bbox 812 1948 850 2008; x_wconf 88' lang='lat' dir='ltr'><strong>ut</strong></span> <span class='ocrx_word' id='word_1_120' title='bbox 866 1946 1023 2026; x_wconf 84' lang='lat' dir='ltr'><strong>appareat</strong></span> <span class='ocrx_word' id='word_1_121' title='bbox 1041 1933 1160 2004; x_wconf 89' lang='lat' dir='ltr'><strong>disari-</strong></span> 
     </span>
     <span class='ocr_line' id='line_1_19' title="bbox 222 2027 1161 2119; baseline 0.001 -22"><span class='ocrx_word' id='word_1_122' title='bbox 222 2048 301 2099; x_wconf 88' lang='lat' dir='ltr'><strong>men</strong></span> <span class='ocrx_word' id='word_1_123' title='bbox 320 2028 410 2119; x_wconf 94' lang='lat' dir='ltr'><strong>quod</strong></span> <span class='ocrx_word' id='word_1_124' title='bbox 429 2028 518 2101; x_wconf 90' lang='lat' dir='ltr'><strong>inter</strong></span> <span class='ocrx_word' id='word_1_125' title='bbox 536 2028 742 2099; x_wconf 83' lang='lat' dir='ltr'><strong>sanationem</strong></span> <span class='ocrx_word' id='word_1_126' title='bbox 763 2028 798 2099; x_wconf 93' lang='lat' dir='ltr'><strong>in</strong></span> <span class='ocrx_word' id='word_1_127' title='bbox 814 2029 937 2111; x_wconf 88' lang='lat' dir='ltr'><strong>radice,</strong></span> <span class='ocrx_word' id='word_1_128' title='bbox 951 2041 986 2100; x_wconf 88' lang='lat' dir='ltr'><strong>et</strong></span> <span class='ocrx_word' id='word_1_129' title='bbox 999 2027 1161 2099; x_wconf 81' lang='lat' dir='ltr'><strong>ratihabi-</strong></span> 
     </span>
     <span class='ocr_line' id='line_1_20' title="bbox 221 2121 1158 2212; baseline 0 -21"><span class='ocrx_word' id='word_1_130' title='bbox 221 2123 360 2206; x_wconf 86' lang='lat' dir='ltr'><strong>tionem,</strong></span> <span class='ocrx_word' id='word_1_131' title='bbox 376 2142 436 2191; x_wconf 89' lang='lat' dir='ltr'><strong>seu</strong></span> <span class='ocrx_word' id='word_1_132' title='bbox 448 2121 719 2193; x_wconf 83' lang='lat' dir='ltr'><strong>revalidationem</strong></span> <span class='ocrx_word' id='word_1_133' title='bbox 733 2122 892 2210; x_wconf 81' lang='lat' dir='ltr'><strong>coniugii,</strong></span> <span class='ocrx_word' id='word_1_134' title='bbox 901 2122 1158 2212; x_wconf 79' lang='lat' dir='ltr'><strong>simplicemque</strong></span> 
     </span>
     <span class='ocr_line' id='line_1_21' title="bbox 221 2215 1156 2307; baseline 0.001 -23"><span class='ocrx_word' id='word_1_135' title='bbox 221 2215 501 2307; x_wconf 87' lang='lat' dir='ltr'><strong>dispensationem</strong></span> <span class='ocrx_word' id='word_1_136' title='bbox 521 2215 709 2299; x_wconf 86' lang='lat' dir='ltr'><strong>intercedit,</strong></span> <span class='ocrx_word' id='word_1_137' title='bbox 730 2216 896 2305; x_wconf 88' lang='lat' dir='ltr'><strong>siquidem</strong></span> <span class='ocrx_word' id='word_1_138' title='bbox 918 2236 993 2286; x_wconf 83' lang='lat' dir='ltr'><strong>vera</strong></span> <span class='ocrx_word' id='word_1_139' title='bbox 1012 2215 1156 2298; x_wconf 84' lang='lat' dir='ltr'><strong>sanatio,</strong></span> 
     </span>
     <span class='ocr_line' id='line_1_22' title="bbox 221 2307 1160 2398; baseline -0.002 -21"><span class='ocrx_word' id='word_1_140' title='bbox 221 2309 348 2398; x_wconf 85' lang='lat' dir='ltr'><strong>absque</strong></span> <span class='ocrx_word' id='word_1_141' title='bbox 367 2309 436 2378; x_wconf 91' lang='lat' dir='ltr'><strong>allo</strong></span> <span class='ocrx_word' id='word_1_142' title='bbox 454 2328 540 2378; x_wconf 84' lang='lat' dir='ltr'><strong>noro</strong></span> <span class='ocrx_word' id='word_1_143' title='bbox 553 2328 729 2392; x_wconf 87' lang='lat' dir='ltr'><strong>consensu,</strong></span> <span class='ocrx_word' id='word_1_144' title='bbox 751 2310 792 2378; x_wconf 90' lang='lat' dir='ltr'><strong>ad</strong></span> <span class='ocrx_word' id='word_1_145' title='bbox 810 2321 942 2398; x_wconf 89' lang='lat' dir='ltr'><strong>tempus</strong></span> <span class='ocrx_word' id='word_1_146' title='bbox 955 2308 1028 2379; x_wconf 89' lang='lat' dir='ltr'><strong>initi</strong></span> <span class='ocrx_word' id='word_1_147' title='bbox 1042 2307 1160 2376; x_wconf 91' lang='lat' dir='ltr'><strong>matri·</strong></span> 
     </span>
     <span class='ocr_line' id='line_1_23' title="bbox 221 2400 1158 2493; baseline 0 -23"><span class='ocrx_word' id='word_1_148' title='bbox 221 2400 326 2471; x_wconf 88' lang='lat' dir='ltr'><strong>monii</strong></span> <span class='ocrx_word' id='word_1_149' title='bbox 341 2400 467 2470; x_wconf 87' lang='lat' dir='ltr'><strong>directe</strong></span> <span class='ocrx_word' id='word_1_150' title='bbox 478 2422 615 2489; x_wconf 86' lang='lat' dir='ltr'><strong>prorsus</strong></span> <span class='ocrx_word' id='word_1_151' title='bbox 633 2407 819 2485; x_wconf 82' lang='lat' dir='ltr'><strong>revocator,</strong></span> <span class='ocrx_word' id='word_1_152' title='bbox 842 2402 1005 2493; x_wconf 86' lang='lat' dir='ltr'><strong>illudque,</strong></span> <span class='ocrx_word' id='word_1_153' title='bbox 1024 2401 1158 2470; x_wconf 88' lang='lat' dir='ltr'><strong>sublato</strong></span> 
     </span>
     <span class='ocr_line' id='line_1_24' title="bbox 221 2492 1158 2576; baseline 0.002 -14"><span class='ocrx_word' id='word_1_154' title='bbox 221 2492 338 2576; x_wconf 85' lang='lat' dir='ltr'><strong>obice,</strong></span> <span class='ocrx_word' id='word_1_155' title='bbox 359 2493 504 2562; x_wconf 86' lang='lat' dir='ltr'><strong>validum</strong></span> <span class='ocrx_word' id='word_1_156' title='bbox 524 2495 565 2563; x_wconf 91' lang='lat' dir='ltr'><strong>ab</strong></span> <span class='ocrx_word' id='word_1_157' title='bbox 584 2494 680 2565; x_wconf 89' lang='lat' dir='ltr'><strong>initio</strong></span> <span class='ocrx_word' id='word_1_158' title='bbox 699 2508 819 2565; x_wconf 87' lang='lat' dir='ltr'><strong>natura</strong></span> <span class='ocrx_word' id='word_1_159' title='bbox 835 2515 894 2564; x_wconf 86' lang='lat' dir='ltr'><strong>sua</strong></span> <span class='ocrx_word' id='word_1_160' title='bbox 916 2495 1046 2565; x_wconf 89' lang='lat' dir='ltr'><strong>reddit:</strong></span> <span class='ocrx_word' id='word_1_161' title='bbox 1073 2493 1158 2564; x_wconf 91' lang='lat' dir='ltr'><strong>rati-</strong></span> 
     </span>
     <span class='ocr_line' id='line_1_25' title="bbox 221 2584 1159 2677; baseline 0.004 -25"><span class='ocrx_word' id='word_1_162' title='bbox 221 2584 348 2656; x_wconf 87' lang='lat' dir='ltr'><strong>habitio</strong></span> <span class='ocrx_word' id='word_1_163' title='bbox 368 2605 386 2653; x_wconf 86' lang='lat' dir='ltr'><strong>e</strong></span> <span class='ocrx_word' id='word_1_164' title='bbox 406 2596 520 2655; x_wconf 89' lang='lat' dir='ltr'><strong>eontra</strong></span> <span class='ocrx_word' id='word_1_165' title='bbox 541 2598 574 2656; x_wconf 91' lang='lat' dir='ltr'><strong>et</strong></span> <span class='ocrx_word' id='word_1_166' title='bbox 595 2587 852 2658; x_wconf 83' lang='lat' dir='ltr'><strong>reconvalidatio</strong></span> <span class='ocrx_word' id='word_1_167' title='bbox 871 2608 1018 2658; x_wconf 81' lang='lat' dir='ltr'><strong>exnunc</strong></span> <span class='ocrx_word' id='word_1_168' title='bbox 1036 2607 1159 2677; x_wconf 87' lang='lat' dir='ltr'><strong>opera·</strong></span> 
     </span>
     <span class='ocr_line' id='line_1_26' title="bbox 223 2673 1158 2771; baseline 0.003 -24"><span class='ocrx_word' id='word_1_169' title='bbox 223 2689 291 2760; x_wconf 88' lang='lat' dir='ltr'><strong>tur,</strong></span> <span class='ocrx_word' id='word_1_170' title='bbox 314 2687 347 2747; x_wconf 91' lang='lat' dir='ltr'><strong>et</strong></span> <span class='ocrx_word' id='word_1_171' title='bbox 363 2676 404 2745; x_wconf 92' lang='lat' dir='ltr'><strong>ad</strong></span> <span class='ocrx_word' id='word_1_172' title='bbox 422 2697 579 2766; x_wconf 89' lang='lat' dir='ltr'><strong>praesens</strong></span> <span class='ocrx_word' id='word_1_173' title='bbox 598 2691 729 2771; x_wconf 86' lang='lat' dir='ltr'><strong>tempus</strong></span> <span class='ocrx_word' id='word_1_174' title='bbox 746 2673 915 2765; x_wconf 79' lang='lat' dir='ltr'><strong>refertur,</strong></span> <span class='ocrx_word' id='word_1_175' title='bbox 937 2682 1019 2750; x_wconf 87' lang='lat' dir='ltr'><strong>adeo</strong></span> <span class='ocrx_word' id='word_1_176' title='bbox 1038 2693 1075 2749; x_wconf 89' lang='lat' dir='ltr'><strong>ut</strong></span> <span class='ocrx_word' id='word_1_177' title='bbox 1093 2699 1158 2750; x_wconf 91' lang='lat' dir='ltr'><strong>no-</strong></span> 
     </span>
     <span class='ocr_line' id='line_1_27' title="bbox 221 2773 1156 2864; baseline 0.007 -29"><span class='ocrx_word' id='word_1_178' title='bbox 221 2790 299 2838; x_wconf 87' lang='lat' dir='ltr'><strong>rum</strong></span> <span class='ocrx_word' id='word_1_179' title='bbox 316 2773 513 2840; x_wconf 87' lang='lat' dir='ltr'><strong>consensum</strong></span> <span class='ocrx_word' id='word_1_180' title='bbox 532 2791 664 2861; x_wconf 88' lang='lat' dir='ltr'><strong>semper</strong></span> <span class='ocrx_word' id='word_1_181' title='bbox 681 2774 848 2863; x_wconf 83' lang='lat' dir='ltr'><strong>importet3</strong></span> <span class='ocrx_word' id='word_1_182' title='bbox 864 2773 1156 2864; x_wconf 76' lang='lat' dir='ltr'><strong>dispensationem</strong></span> 
     </span>
     <span class='ocr_line' id='line_1_28' title="bbox 223 2862 1155 2955; baseline 0.003 -24"><span class='ocrx_word' id='word_1_183' title='bbox 223 2862 374 2934; x_wconf 80' lang='lat' dir='ltr'><strong>effectum</strong></span> <span class='ocrx_word' id='word_1_184' title='bbox 389 2863 489 2934; x_wconf 89' lang='lat' dir='ltr'><strong>habet</strong></span> <span class='ocrx_word' id='word_1_185' title='bbox 506 2885 567 2955; x_wconf 94' lang='lat' dir='ltr'><strong>pro</strong></span> <span class='ocrx_word' id='word_1_186' title='bbox 585 2866 698 2936; x_wconf 83' lang='lat' dir='ltr'><strong>sutoro</strong></span> <span class='ocrx_word' id='word_1_187' title='bbox 712 2878 852 2936; x_wconf 90' lang='lat' dir='ltr'><strong>tantum.</strong></span> <span class='ocrx_word' id='word_1_188' title='bbox 875 2866 1004 2937; x_wconf 84' lang='lat' dir='ltr'><strong>Dicitur</strong></span> <span class='ocrx_word' id='word_1_189' title='bbox 1021 2866 1155 2936; x_wconf 92' lang='lat' dir='ltr'><strong>tandem</strong></span> 
     </span>
     <span class='ocr_line' id='line_1_29' title="bbox 226 2955 1160 3050; baseline 0.001 -25"><span class='ocrx_word' id='word_1_190' title='bbox 226 2977 301 3026; x_wconf 89' lang='lat' dir='ltr'><strong>oum</strong></span> <span class='ocrx_word' id='word_1_191' title='bbox 320 2955 508 3028; x_wconf 87' lang='lat' dir='ltr'><strong>irritatione</strong></span> <span class='ocrx_word' id='word_1_192' title='bbox 526 2959 661 3032; x_wconf 80' lang='lat' dir='ltr'><strong>effectus</strong></span> <span class='ocrx_word' id='word_1_193' title='bbox 679 2959 776 3048; x_wconf 78' lang='lat' dir='ltr'><strong>legis,</strong></span> <span class='ocrx_word' id='word_1_194' title='bbox 796 2960 873 3050; x_wconf 87' lang='lat' dir='ltr'><strong>quia</strong></span> <span class='ocrx_word' id='word_1_195' title='bbox 892 2971 1008 3030; x_wconf 89' lang='lat' dir='ltr'><strong>sanato</strong></span> <span class='ocrx_word' id='word_1_196' title='bbox 1020 2958 1160 3047; x_wconf 89' lang='lat' dir='ltr'><strong>impedi·</strong></span> 
     </span>
     <span class='ocr_line' id='line_1_30' title="bbox 224 3052 1159 3139; baseline 0.004 -22"><span class='ocrx_word' id='word_1_197' title='bbox 224 3061 336 3119; x_wconf 88' lang='lat' dir='ltr'><strong>mento</strong></span> <span class='ocrx_word' id='word_1_198' title='bbox 356 3060 390 3119; x_wconf 88' lang='lat' dir='ltr'><strong>et</strong></span> <span class='ocrx_word' id='word_1_199' title='bbox 407 3070 595 3137; x_wconf 87' lang='lat' dir='ltr'><strong>consensu,</strong></span> <span class='ocrx_word' id='word_1_200' title='bbox 618 3052 754 3122; x_wconf 81' lang='lat' dir='ltr'><strong>effeetus</strong></span> <span class='ocrx_word' id='word_1_201' title='bbox 770 3052 913 3123; x_wconf 91' lang='lat' dir='ltr'><strong>babetur</strong></span> <span class='ocrx_word' id='word_1_202' title='bbox 933 3063 1051 3123; x_wconf 91' lang='lat' dir='ltr'><strong>utnon</strong></span> <span class='ocrx_word' id='word_1_203' title='bbox 1077 3072 1159 3139; x_wconf 92' lang='lat' dir='ltr'><strong>pro·</strong></span> 
     </span>
     <span class='ocr_line' id='line_1_31' title="bbox 224 3142 1159 3233; baseline 0.002 -21"><span class='ocrx_word' id='word_1_204' title='bbox 224 3142 430 3226; x_wconf 89' lang='lat' dir='ltr'><strong>duotos,sire</strong></span> <span class='ocrx_word' id='word_1_205' title='bbox 443 3143 763 3227; x_wconf 86' lang='lat' dir='ltr'><strong>fictioneiuris‚sire</strong></span> <span class='ocrx_word' id='word_1_206' title='bbox 782 3146 847 3216; x_wconf 89' lang='lat' dir='ltr'><strong>alia</strong></span> <span class='ocrx_word' id='word_1_207' title='bbox 866 3146 1007 3218; x_wconf 85' lang='lat' dir='ltr'><strong>ratione.</strong></span> <span class='ocrx_word' id='word_1_208' title='bbox 1029 3144 1159 3233; x_wconf 83' lang='lat' dir='ltr'><strong>Exque</strong></span> 
     </span>
     <span class='ocr_line' id='line_1_32' title="bbox 223 3235 1146 3328; baseline 0.001 -22"><span class='ocrx_word' id='word_1_209' title='bbox 223 3236 376 3327; x_wconf 91' lang='lat' dir='ltr'><strong>sequitur</strong></span> <span class='ocrx_word' id='word_1_210' title='bbox 389 3235 501 3322; x_wconf 90' lang='lat' dir='ltr'><strong>etiarn,</strong></span> <span class='ocrx_word' id='word_1_211' title='bbox 518 3239 606 3328; x_wconf 90' lang='lat' dir='ltr'><strong>quod</strong></span> <span class='ocrx_word' id='word_1_212' title='bbox 621 3239 663 3308; x_wconf 94' lang='lat' dir='ltr'><strong>ad</strong></span> <span class='ocrx_word' id='word_1_213' title='bbox 680 3238 885 3309; x_wconf 81' lang='lat' dir='ltr'><strong>sanationem</strong></span> <span class='ocrx_word' id='word_1_214' title='bbox 906 3240 941 3308; x_wconf 90' lang='lat' dir='ltr'><strong>in</strong></span> <span class='ocrx_word' id='word_1_215' title='bbox 961 3237 1073 3308; x_wconf 90' lang='lat' dir='ltr'><strong>radice</strong></span> <span class='ocrx_word' id='word_1_216' title='bbox 1088 3257 1146 3307; x_wconf 78' lang='lat' dir='ltr'><strong>nor</strong></span> 
     </span>
     <span class='ocr_line' id='line_1_33' title="bbox 224 3329 1143 3422; baseline 0.001 -24"><span class='ocrx_word' id='word_1_217' title='bbox 224 3329 421 3418; x_wconf 78' lang='lat' dir='ltr'><strong>requiritur,</strong></span> <span class='ocrx_word' id='word_1_218' title='bbox 443 3341 482 3399; x_wconf 90' lang='lat' dir='ltr'><strong>ut</strong></span> <span class='ocrx_word' id='word_1_219' title='bbox 495 3330 725 3422; x_wconf 87' lang='lat' dir='ltr'><strong>ambo-sponsi</strong></span> <span class='ocrx_word' id='word_1_220' title='bbox 746 3333 855 3403; x_wconf 89' lang='lat' dir='ltr'><strong>adbuc</strong></span> <span class='ocrx_word' id='word_1_221' title='bbox 873 3332 973 3402; x_wconf 85' lang='lat' dir='ltr'><strong>vitam</strong></span> <span class='ocrx_word' id='word_1_222' title='bbox 986 3338 1098 3421; x_wconf 80' lang='lat' dir='ltr'><strong>agant,</strong></span> <span class='ocrx_word' id='word_1_223' title='bbox 1114 3351 1143 3399; x_wconf 83' lang='lat' dir='ltr'><strong>s·</strong></span> 
     </span>
    </p>

    <p class='ocr_par' dir='ltr' id='par_1_4' title="bbox 224 3422 1144 3515">
     <span class='ocr_line' id='line_1_34' title="bbox 224 3422 1144 3515; baseline 0.001 -25"><span class='ocrx_word' id='word_1_224' title='bbox 224 3422 360 3510; x_wconf 89' lang='lat' dir='ltr'><strong>quidem</strong></span> <span class='ocrx_word' id='word_1_225' title='bbox 378 3442 453 3491; x_wconf 89' lang='lat' dir='ltr'><strong>oum</strong></span> <span class='ocrx_word' id='word_1_226' title='bbox 474 3436 592 3511; x_wconf 79' lang='lat' dir='ltr'><strong>agatur</strong></span> <span class='ocrx_word' id='word_1_227' title='bbox 611 3426 652 3493; x_wconf 94' lang='lat' dir='ltr'><strong>de</strong></span> <span class='ocrx_word' id='word_1_228' title='bbox 672 3426 885 3496; x_wconf 83' lang='lat' dir='ltr'><strong>matrimonio</strong></span> <span class='ocrx_word' id='word_1_229' title='bbox 910 3423 1077 3515; x_wconf 85' lang='lat' dir='ltr'><strong>primitivo</strong></span> <span class='ocrx_word' id='word_1_230' title='bbox 1093 3422 1144 3507; x_wconf 67' lang='lat' dir='ltr'><strong>‚el</strong></span> 
     </span>
    </p>

    <p class='ocr_par' dir='ltr' id='par_1_5' title="bbox 225 3514 1139 3608">
     <span class='ocr_line' id='line_1_35' title="bbox 225 3514 1139 3608; baseline 0.007 -26"><span class='ocrx_word' id='word_1_231' title='bbox 225 3514 271 3582; x_wconf 87' lang='lat' dir='ltr'><strong>de</strong></span> <span class='ocrx_word' id='word_1_232' title='bbox 296 3519 458 3600; x_wconf 63' lang='lat' dir='ltr'><strong>mensu</strong></span> <span class='ocrx_word' id='word_1_233' title='bbox 484 3516 563 3586; x_wconf 89' lang='lat' dir='ltr'><strong>olim</strong></span> <span class='ocrx_word' id='word_1_234' title='bbox 593 3518 767 3590; x_wconf 87' lang='lat' dir='ltr'><strong>actualiter</strong></span> <span class='ocrx_word' id='word_1_235' title='bbox 787 3520 829 3588; x_wconf 92' lang='lat' dir='ltr'><strong>ab</strong></span> <span class='ocrx_word' id='word_1_236' title='bbox 848 3517 944 3589; x_wconf 91' lang='lat' dir='ltr'><strong>initio</strong></span> <span class='ocrx_word' id='word_1_237' title='bbox 970 3515 1139 3608; x_wconf 68' lang='lat' dir='ltr'><strong>praeati02</strong></span> 
     </span>
    </p>
   </div>
   <div class='ocr_carea' id='block_1_4' title="bbox 0 0 1334 4175">
    <p class='ocr_par' dir='ltr' id='par_1_6' title="bbox 0 0 1334 4175">
     <span class='ocr_line' id='line_1_36' title="bbox 0 0 1334 4175; baseline 0 0"><span class='ocrx_word' id='word_1_238' title='bbox 0 0 1334 4175; x_wconf 95' lang='lat' dir='ltr'><strong> </strong></span> 
     </span>
    </p>
   </div>
  </div>
 </body>
</html>
