2642 4175
512 372 677 419 mennmx
695 373 717 416 t.
970 362 1036 422 tea

146 475 260 544 muita
272 472 321 542 uti
341 471 440 541 debet
459 470 586 540 cautela
607 491 645 539 ae
665 470 865 561 prudentia,
900 484 934 544 et
952 474 1085 545 ordina·

147 568 192 637 rii
209 566 386 636 eonsilium
411 574 576 654 caponem.

195 661 311 730 Finem
332 658 410 728 huie
436 655 659 749 disquisitioni
681 678 805 747 ponere
832 679 899 727 aon
921 680 1080 750 possum,

147 754 231 845 quin
252 752 306 822 hic
325 754 467 823 reieram
487 771 573 843 quae
593 749 694 821 habet
710 750 833 821 Bened.
854 751 920 821 xtv
941 755 982 823 de
1001 753 1080 846 Syn.

146 848 262 916 Dioee.
283 857 309 915 t.
329 865 373 926 vt,
395 866 424 914 e.
447 842 481 930 t,
498 865 534 914 u.
557 840 595 912 5:
622 844 849 915 «consultius
864 846 980 937 utique
998 847 1085 918 foret

147 953 187 1010 ut
205 939 370 1020 eathoiiei,
390 938 522 1009 nonnisi
542 938 755 1007 matrimonio
774 937 838 1007 iam
862 951 958 1009 antea
978 939 1014 1008 in
1034 941 1084 1009 fa·

146 1034 234 1109 niem
255 1032 420 1102 Ecclesiae
440 1031 528 1101 inter
547 1052 583 1101 se
602 1030 754 1120 legitime
774 1031 961 1116 celebrato,
984 1033 1024 1101 ad
1044 1033 1084 1102 ii-

146 1128 215 1198 iam
236 1127 429 1215 explendam
448 1126 577 1195 civilem
612 1125 856 1195 caeremoniam
877 1127 1081 1196 saecularem

147 1220 379 1309 magistratum
399 1219 541 1288 adirent.
567 1218 728 1287 »Eadem
758 1220 862 1289 ferme
887 1219 988 1289 habet
1005 1218 1084 1291 Pius

145 1314 202 1383 vtt
221 1313 320 1383 iuste.
342 1311 389 1381 tt
407 1312 476 1382 ian.
499 1309 603 1381 1808.
628 1311 689 1380 Ubi
708 1332 787 1381 vero
807 1312 852 1390 id,
869 1312 942 1383 siue
963 1332 1085 1400 magno

145 1408 411 1479 incommodoae
426 1406 575 1497 periente
588 1405 721 1496 impteti
743 1401 900 1496 nequeat,
918 1408 1085 1495 pannutius

146 1501 265 1572 saltem
285 1523 346 1591 pro
363 1499 488 1571 viribus
506 1512 655 1591 satagat,
689 1511 727 1570 ut
761 1511 938 1591 postquam
970 1501 1086 1590 spousi

146 1592 312 1684 gubernio
332 1615 459 1664 morem
480 1606 677 1682 gesserunt,
706 1594 848 1679 sublato,
869 1595 1004 1687 siquod
1027 1594 1086 1665 ub·
1203 1644 1207 1649 -

146 1700 224 1771 ¹stat,
246 1688 405 1757 canonico
425 1687 677 1777 impedimento,
698 1689 947 1758 matrimonium
973 1709 1086 1758 eoram

148 1781 309 1864 Ecclesia,
331 1781 358 1851 ui
377 1781 452 1851 fieri
473 1781 587 1870 possit,
610 1782 726 1850 audem
742 1782 811 1869 ipsa
829 1782 884 1852 die
900 1783 1084 1867 eelebrent,

146 1875 199 1945 vel
215 1875 333 1947 saitem
353 1896 419 1945 non
443 1877 500 1945 diu
518 1874 673 1945 diiiemut
692 1874 860 1945 Eoeteaiae
879 1874 1010 1963 iegibus
1033 1896 1088 1966 pa-

147 1989 238 2051 rere,
260 1981 294 2040 et
313 1968 447 2040 iuterim
477 1990 497 2037 a
518 1967 721 2038 matrimonii
745 1989 810 2037 usu
829 1987 864 2039 se
885 1967 1086 2039 abstineant.

148 2061 194 2132 De
212 2063 275 2133 hoc
288 2074 487 2151 argumento
504 2061 584 2131 nihii
600 2061 718 2131 attinet
736 2061 830 2151 plura
848 2060 972 2144 dicere;
988 2060 1088 2131 veiim

149 2167 187 2227 ut
206 2155 395 2248 disquisitio
416 2156 499 2226 haee
515 2153 672 2226 Paroehis
706 2176 744 2224 ao
771 2153 984 2225 confessoriis
1003 2155 1089 2225 bene

150 2251 264 2323 maltis
281 2249 446 2342 ptuiaiaae
461 2250 615 2319 eandam.
