2642 4175
295 392 359 448 178
629 396 730 442 carun
748 397 795 439 ιιι

246 498 550 604 queparentibus,
574 496 776 564 hocerrore
802 494 1064 577 nonobstante,
1087 496 1181 585 spiri·
1304 517 1306 570 t

246 596 370 665 tualem
399 590 631 681 cognationem
661 587 840 657 contrahit
872 588 898 655 li
919 588 1064 658 afferunt
1089 611 1181 679 prae·
1304 601 1306 678 j

248 693 350 759 terea
361 688 403 756 in
414 686 559 755 medium
578 683 763 772 exemplum
779 682 946 751 affinitatis
950 704 1055 771 ,quae
1067 686 1109 754 ab
1127 686 1181 754 itto
1305 691 1306 706 ¹

246 781 479 863 contrahitur,
502 800 559 868 qut
551 777 732 865 copulam
753 797 829 844 cum
847 796 911 845 una
931 776 1055 861 habet,
1084 801 1181 869 qnam

246 876 344 945 aliam
371 896 442 944 csse
464 884 569 962 putat.
573 871 655 939 Aliis
675 882 787 939 autem
805 870 957 960 negativa
976 872 1085 960 piacet
1111 895 1182 943 sen-

249 971 367 1039 tentia
389 967 470 1038 Cum
493 966 582 1036 enim
613 965 648 1032 in
680 984 754 1053 cap
783 963 816 1032 Si
841 965 902 1046 uir,
922 964 963 1033 de
988 967 1182 1055 cognatione

247 1061 433 1153 spirituali,
463 1060 637 1130 decidatur
664 1078 824 1141 uxorem,
847 1078 932 1147 quae
956 1078 1017 1146 per
1035 1079 1182 1131 errorem
1304 1135 1306 1158 1

246 1157 365 1226 levavit
397 1155 504 1223 filium
537 1151 649 1223 mariti
684 1151 761 1233 sui,
794 1172 862 1221 non
894 1153 1001 1221 arceri
1031 1175 1050 1222 a
1083 1155 1188 1224 debiti
1305 1169 1306 1184 ³

250 1250 434 1338 petitione,
454 1248 628 1327 inferunt,
655 1245 742 1333 quod
764 1256 871 1314 stante
890 1265 1006 1316 errore
1025 1267 1184 1335 personae

250 1354 449 1433 susceptae,
470 1340 598 1410 nullam
632 1359 769 1428 prorsus
789 1338 823 1406 in
842 1359 944 1421 casu,
964 1341 1006 1409 de
1031 1363 1100 1430 quo
1119 1342 1184 1431 agi-

249 1449 330 1519 tur,
368 1434 599 1523 cognationem
639 1432 854 1502 contraxerit
888 1432 921 1501 Si
956 1433 1059 1522 igitur
1093 1457 1185 1506 error

251 1548 413 1618 personae
433 1529 468 1596 in
488 1548 586 1596 causa
606 1538 681 1608 est,
704 1538 741 1595 ut
759 1547 841 1595 uxor
868 1527 991 1597 nullam
1012 1529 1186 1599 contrahat

252 1622 498 1710 cognationem,
518 1621 544 1689 si
571 1623 658 1689 leuat
677 1620 784 1688 filiurn
803 1620 902 1689 marit
904 1621 936 1704 i,
957 1622 1108 1711 profecto
1125 1623 1185 1691 dici

250 1716 378 1807 pariter
398 1716 497 1785 debet
529 1735 567 1784 eu
597 1715 715 1784 eodem
747 1733 862 1783 errore
892 1735 1078 1803 personae,
1102 1717 1184 1807 quod

250 1809 376 1879 nullam
408 1808 641 1898 cognationem
671 1807 843 1877 contrahat
862 1808 920 1897 qui
938 1811 1034 1891 levat,
1056 1831 1116 1879 seu
1135 1832 1187 1879 sn·

249 1903 349 1992 scipit
368 1903 475 1971 filium
493 1901 640 1984 Antonii,
656 1912 777 1990 putans
793 1922 828 1970 se
846 1903 954 1972 levare
971 1903 1077 1971 filium
1093 1906 1188 1972 Fran·

249 1997 344 2066 cisci.
367 1996 467 2067 Serus
485 2008 594 2065 tamen
615 1996 724 2078 foret,
758 1995 786 2063 si
818 1994 939 2065 babeat
970 1996 1186 2068 intentionem

251 2091 453 2180 suscipiendi
472 2092 633 2160 infantem
653 2099 888 2179 praesentem,
910 2091 1116 2181 quicumque
1135 2093 1187 2161 iile
1304 2162 1305 2177 ,

250 2187 307 2255 sit.
324 2187 395 2256 Hoc
414 2185 503 2257 enirn
524 2206 614 2267 casu,
634 2182 785 2273 quamvis
805 2196 907 2267 erret,
927 2197 1048 2274 putans
1067 2207 1140 2256 esse
1157 2186 1189 2252 fi-

250 2281 333 2349 lium
355 2279 534 2361 Francisci‚
556 2278 614 2368 qui
635 2289 834 2346 tamennon
856 2289 929 2361 est,
951 2299 1034 2347 cum.
1050 2280 1135 2370 ipso,
1156 2300 1189 2348 e·

250 2373 370 2462 iusque
402 2373 596 2462 parentibus
628 2371 860 2458 cognationem
894 2373 1084 2456 contrahit,
1115 2370 1197 2444 cum,

250 2466 391 2535 intentio
404 2466 503 2534 illius
522 2484 636 2534 revera
657 2464 785 2533 seratur
806 2466 839 2533 in
862 2486 951 2549 eum,
968 2488 1067 2556 quem
1090 2469 1186 2547 ierat,

251 2581 312 2629 seu
328 2559 483 2648 suscipit,
506 2571 543 2627 ut
562 2558 702 2646 proinde
722 2557 800 2626 vetit
818 2558 909 2629 illius
929 2580 1003 2630 csse
1019 2559 1187 2630 Petrinus.

250 2652 385 2721 Nullum
417 2664 529 2722 autem
551 2651 690 2721 huiusce
710 2652 894 2721 sententiae
914 2654 1066 2743 patronis
1087 2675 1190 2743 nego·

252 2746 335 2814 tium
357 2746 490 2815 secessit
510 2747 633 2833 paritas
649 2747 822 2835 desumpta
841 2746 882 2814 ab
902 2767 952 2831 co,
971 2747 1027 2836 qui
1045 2748 1192 2837 baptizat

252 2840 359 2908 tilium
380 2840 491 2923 unius,
516 2851 635 2928 putans
656 2859 691 2907 se
712 2840 850 2907 alterius
879 2839 985 2909 filium
1007 2841 1188 2929 baptizare
1302 2912 1303 2923 ,

251 2933 423 3023 Siquidem
442 2944 541 3040 prout
555 2933 618 3022 ipsr
610 2933 850 3020 respondent,
864 2934 978 3004 minist
981 2956 1017 3004 er
1033 2933 1190 3024 baptismi
1302 2938 1303 2957 ¹

252 3027 376 3099 habere
395 3026 522 3097 debet
513 3037 621 3096 intent
623 3025 733 3095 ionem
752 3026 847 3094 ilium
869 3027 1106 3108 ministrandi,
1132 3028 1189 3118 qui

171 3194 176 3203 ,
251 3142 409 3211 praesens
428 3132 500 3204 est,
523 3104 729 3209 quicu'mquc
749 3118 805 3189 iile
830 3120 896 3205 sit,
924 3133 1041 3211 atque
1037 3122 1189 3204 idcirco,

251 3215 489 3285 nonobstante
521 3234 684 3302 personae
715 3233 857 3297 errore,
886 3215 1006 3284 valide
1024 3216 1190 3305 baptisma
1301 3254 1302 3301 ι

251 3309 434 3392 confertur,
458 3320 491 3378 et
507 3328 583 3376 vera
604 3305 814 3376 contrahitur
833 3310 1001 3415 cognatio
1020 3310 1060 3379 tt
1088 3308 1193 3398 patri-
1301 3320 1302 3397 q

251 3423 316 3470 nus
330 3422 398 3471 non
415 3413 548 3472 tenetur
562 3401 686 3471 habere
706 3400 817 3469 hanc
809 3401 1040 3486 intentionem,
1056 3404 1193 3484 aliunde
1288 3424 1291 3431 ’

253 3514 331 3563 uero
348 3495 390 3563 ad
410 3495 609 3579 leuandum,
632 3497 682 3564 vel
703 3494 948 3584 suscipiendum
971 3494 1194 3566 determinata

253 3607 396 3675 persono
417 3588 576 3677 eiigitur,
603 3589 655 3657 cui
688 3599 859 3677 praeterea
887 3589 1107 3679 obligationes
1135 3591 1193 3658 ad·
1298 3660 1301 3731 1
