2642 4175
362 350 407 393 nn
424 348 661 397 mrunmnnrrs
679 349 877 395 nsramoun
973 340 1039 398 187

144 446 210 534 giS,
233 459 271 516 ut
287 468 361 516 eam
383 447 417 515 in
438 467 574 516 uxorem
602 448 724 532 ducat,
747 449 890 518 validum
924 450 1013 522 inter
1049 475 1089 521 n·
1174 491 1186 502 ν

144 554 311 630 tuumque
325 541 403 609 iniri
423 540 546 630 poterit
569 540 836 627 matrimonium,
861 556 976 633 utpote
996 549 1087 635 qood
1188 540 1199 566 '

119 635 251 704 »nullis
272 635 402 723 legibus
432 635 649 724 reprobatum
682 648 821 707 constet.
862 635 945 708 Sunt
976 645 1087 709 tamon

143 745 217 798 non
236 728 335 818 pauci
352 750 391 797 ex
404 728 568 816 theologis
591 741 628 798 et
648 729 840 815 canonistis,
863 732 920 820 qui
941 732 1091 804 latentur

146 823 332 912 optandum
351 833 494 904 esseut
509 822 657 894 Ecclesia
678 822 742 894 hoc
760 824 860 895 etiam
879 825 912 894 in
926 846 1004 896 casu
1024 827 1089 896 im·

147 915 379 1005 pedimentnm
399 916 559 985 dirimens
577 929 751 987 statueret.

44 1088 51 1098 ¹
195 1010 423 1079 Homicidium
443 1024 555 1080 autem
573 1031 648 1080 oum
674 1010 839 1081 adulterio
859 1012 1087 1096 coniunctum,

149 1105 240 1192 quod
258 1104 556 1174 alterumcriminis
570 1125 677 1193 genus
689 1115 751 1188 est,
763 1116 799 1175 ot
813 1105 1089 1194 impedimentum

148 1196 313 1269 dirimens
327 1200 446 1287 pariat,
467 1198 529 1268 tria
546 1219 681 1288 quoque
697 1198 930 1288 requiruntur:
946 1200 973 1268 l.
987 1200 1028 1269 Ut
1042 1203 1088 1269 al·

149 1303 280 1362 teruter
289 1293 390 1365 etiam
404 1292 529 1382 absque
539 1294 606 1361 ulla
615 1293 752 1362 alterius
761 1293 902 1363 adulteri
912 1292 1089 1384 participa·

150 1384 241 1453 tione
258 1406 318 1454 sen
340 1386 586 1473 conspiratione
603 1386 647 1455 sit
664 1407 756 1469 vera,
779 1407 839 1455 seu
859 1386 1006 1478 physica,
1029 1409 1086 1457 seo

151 1479 300 1563 moralis,
312 1501 409 1549 cama
420 1479 604 1549 homicidii.
616 1480 657 1548 ll.
669 1479 709 1549 Ut
722 1501 760 1549 ex
777 1481 833 1549 tali
844 1480 1091 1551 machinatione

149 1571 311 1642 innocens
329 1573 506 1643 interierit.
538 1573 603 1642 lll.‘
617 1574 659 1643 Ut
675 1573 791 1643 mortis
823 1574 1026 1645 machinatio
1046 1576 1089 1646 nh

152 1664 318 1735 alterutro
335 1667 485 1737 adultero
500 1667 558 1736 hat
571 1666 734 1736 exanimo
747 1667 880 1757 nuptias
893 1689 968 1738 oum
984 1671 1090 1739 altero

151 1760 386 1829 contrahendi.

166 1871 167 1874 ’
200 1853 350 1922 Tertium
378 1852 528 1922 oriminis
553 1874 680 1942 genus,
707 1855 795 1943 quod
819 1855 1085 1936 matrimonium,

151 1945 243 2016 iuxta
265 1967 384 2016 novam
404 1946 626 2036 disciplinam,
643 1946 782 2029 dirimit,
810 1961 860 2018 est
886 1950 1088 2020 adulterium

151 2060 226 2109 cum
248 2040 353 2111 futuri
389 2041 592 2111 matrimonii
630 2040 876 2129 promissione,
898 2043 968 2113 sive
1005 2044 1087 2113 haec

151 2147 240 2219 ante,
263 2135 332 2204 sive
353 2148 426 2225 post
455 2147 684 2226 perpetratum
719 2135 921 2203 adulterium
951 2136 1090 2206 interce·

149 2229 216 2296 dat.
245 2227 383 2318 Oportet
409 2242 539 2298 autem:
567 2229 601 2295 l⁰
621 2227 663 2298 Ut
682 2226 874 2318 nuptiarum
895 2228 1085 2317 promissio,

150 2335 184 2390 et
202 2322 432 2407 adulterium,
454 2323 581 2392 vivente
603 2321 746 2410 coniuge
771 2321 844 2406 liat,
865 2323 906 2391 de
925 2342 990 2414 qua
1015 2322 1089 2392 vide

148 2414 275 2486 Bened.
295 2416 362 2485 Xlll
383 2417 497 2486 Const.
522 2416 819 2500 Rsunrrasuon1s‚
843 2413 937 2505 595.
971 2414 1088 2506 Dispu-

148 2521 219 2581 tant
239 2511 403 2594 doctores,
420 2531 461 2580 an
479 2531 613 2580 necesse
630 2510 685 2594 sit,
704 2522 741 2580 ut
755 2510 930 2600 promissio
945 2523 978 2581 et
992 2512 1085 2580 adul·

148 2605 295 2687 terium,
324 2607 465 2674 durante
486 2606 602 2677 eodem
622 2604 777 2693 coniugio
797 2617 1020 2688 concurrant,
1045 2627 1086 2674 an

146 2697 259 2783 potius
278 2699 421 2768 sufficiat
437 2698 464 2767 si
480 2711 679 2768 concurrant
700 2699 734 2767 in
754 2697 896 2768 diversis
907 2698 1082 2787 coniugiis.

95 2843 98 2850 .
147 2790 279 2875 Petrus,
298 2808 340 2860 ¹eu
358 2813 424 2881 gr,
442 2792 582 2861 maritus
599 2791 809 2875 Catherinae,
828 2793 955 2862 virente
968 2792 1085 2862 Gathe-

147 2885 239 2967 rina,
262 2886 388 2975 absque
410 2886 476 2954 ulla
496 2886 715 2974 promissione
735 2886 839 2955 luturi
861 2886 1082 2968 matrimonii,

146 2979 294 3067 peccavit
313 3000 396 3048 eum
409 2979 579 3060 Therasia;
599 2976 750 3048 defuncta
768 2979 888 3050 deinde
908 2979 1082 3049 Catherina

147 3072 238 3142 dunt
256 3076 405 3156 Annam,
428 3058 535 3161 cadite
547 3074 655 3155 ducta,
672 3073 799 3160 absque
818 3093 901 3142 noro
922 3073 1088 3143 adulterio

73 3172 75 3181 ’
147 3166 280 3255 nuptias
299 3167 453 3255 promisit
471 3166 666 3251 lheresiae;
690 3177 845 3254 poterunt
864 3186 906 3234 ne
927 3177 1001 3253 post
1019 3168 1083 3233 An-

146 3278 206 3332 nae
227 3273 371 3329 mortem
400 3259 517 3330 Petrus
532 3273 565 3330 et
584 3259 740 3329 Therasia
760 3258 955 3347 superstites
975 3259 1085 3327 matri-

147 3353 259 3427 monio
282 3355 446 3443 copulari,
463 3355 512 3424 vel
532 3354 727 3442 potiusnon
748 3365 904 3442 poterunt
924 3351 966 3421 ob
985 3352 1085 3441 impe·

112 3527 115 3536 ¹
146 3445 330 3517 dimentum
365 3447 515 3516 criminis
544 3468 582 3516 ex
602 3447 822 3536 promissione
855 3445 1084 3516 etsudulterio

145 3541 368 3628 promanans?
397 3541 587 3630 Negativam
617 3541 816 3612 seutentiam
846 3552 981 3610 tuentur
999 3543 1111 3608 non·'
