2642 4175
362 370 407 414 ou
426 368 662 415 mannmnm‘rs
680 370 878 416 nummorum
976 360 1039 418 261

155 468 298 540 uiculum
333 466 444 557 magni
478 467 635 539 momenti
668 470 754 559 apud
785 479 937 540 auctores
958 470 1088 540 desumi

152 562 314 633 affirmati
333 561 400 631 Cur
416 560 554 629 dubium
573 562 756 650 generatim
776 585 793 633 a
813 563 1006 652 sepositum
1027 567 1092 635 sol-

153 678 227 727 vere
259 676 326 726 non
345 656 438 724 rult‘l
457 655 545 725 Haec
565 656 675 725 omnia
712 656 807 727 lucile
843 655 1042 746 explicabis,
1061 658 1088 727 si

150 750 239 822 dices
259 747 453 819 Pontificem
473 758 605 838 putasse
620 750 718 820 unius
733 748 855 821 mensis
871 749 1087 821 residentiam

33 923 34 928 ,
153 866 211 935 per
230 863 266 913 sc
286 863 354 911 uon
374 842 538 922 sufficere,
558 843 614 911 sed
631 843 754 913 attendi
776 844 898 913 debere
917 844 1086 930 adiuncta,

154 948 190 1006 ut
208 937 369 1006 diiudicet
399 936 442 1004 sit
470 956 512 1004 ne
536 936 853 1026 quasi-domicilium
875 938 1086 1027 acquisitum.

151 1032 242 1113 Quae
264 1051 341 1099 cum
362 1030 405 1098 ita
426 1028 619 1112 sint‚nemo
639 1029 762 1121 estqui
783 1050 848 1099 non
866 1029 975 1098 videat
988 1052 1090 1121 quae·

151 1125 294 1194 stionem
313 1125 354 1191 de
373 1122 655 1214 quusi-domicilio
675 1124 709 1192 in
727 1123 880 1213 pluribus
901 1122 1031 1194 casibus
1053 1145 1090 1193 er

155 1216 317 1287 adiunctis
330 1216 476 1285 deliniri.
499 1214 633 1286 Summa
648 1216 815 1306 expositae
830 1217 1091 1287 doctrinaehaec

152 1324 220 1382 est:
244 1310 346 1381 unius
364 1309 488 1380 mensis
508 1309 667 1379 habitatio
687 1311 727 1379 ad
748 1310 991 1401 acquirendum
1009 1333 1090 1401 qua·

152 1405 400 1475 si-domicilium
419 1424 529 1494 neque
545 1423 678 1493 semper
693 1405 879 1474 necessaria
899 1418 960 1491 est,
979 1425 1090 1497 neque

151 1519 285 1590 semper
304 1496 438 1567 sufficit.

199 1592 321 1674 Quaeri
349 1592 405 1659 hic
429 1590 566 1679 insuper
585 1600 716 1680 potest,
740 1591 818 1682 quid
840 1591 1017 1663 dicendum
1051 1593 1091 1662 de

152 1708 194 1756 eo
210 1686 265 1765 sit,
289 1684 397 1774 quiin
416 1685 567 1752 lraudem
585 1684 681 1773 legis,
703 1686 754 1755 vel
781 1686 935 1776 parochi,
971 1698 1029 1756 aut
1049 1688 1089 1755 ad

153 1781 285 1869 aliquas
305 1778 519 1848 declinandas
544 1777 755 1849 difficultates
786 1801 824 1849 ex
857 1782 929 1850 loco
961 1780 1088 1871 proprii

152 1872 328 1955 domicilii,
347 1871 569 1961 propriaeque
590 1871 804 1943 habitationis
824 1884 969 1944 transeat
990 1875 1029 1943 nd
1058 1895 1092 1943 a·

158 1968 240 2036 lium
262 1967 386 2049 locum,
408 1964 504 2033 unius
525 1965 729 2035 matrimonii
757 1965 945 2034 celebrandi
967 1987 1090 2049 causa,

153 2072 188 2130 et
207 2059 396 2142 confestim,
420 2058 632 2128 matrimonio
650 2058 878 2140 celebrato,ad
892 2058 1022 2149 pristini
1036 2059 1094 2127 do·

94 2162 95 2165 ’
160 2155 275 2224 micilii
295 2155 405 2222 locum
422 2152 630 2223 revertatur?
653 2151 770 2220 lllicite
801 2171 867 2235 ne,
890 2163 923 2220 et
952 2151 1094 2221 invalide

156 2248 357 2318 contrahet‘.l
373 2247 582 2328 Quaestionis
604 2245 726 2315 solutio
748 2246 903 2334 pendete
933 2244 1096 2334 quaestio·

156 2363 198 2413 ne
219 2341 396 2412 domicilii.
426 2341 507 2410 Nam
527 2341 554 2409 si
576 2350 754 2430 antequam
774 2339 1023 2411 matrimonium
1044 2336 1095 2407 in-

136 2448 221 2521 eat,
245 2434 465 2517 domicilium,
483 2446 540 2502 aut
559 2433 653 2524 quasi
671 2433 876 2503 domicilium
894 2433 1095 2505 contrahens

154 2543 206 2600 est
229 2530 370 2618 adeptus
388 2528 423 2601 in
444 2548 483 2597 eo
501 2528 585 2611 loco,
602 2527 717 2617 inquo
737 2527 1004 2615 contraxit,iam
1024 2527 1098 2597 nul-

158 2625 228 2692 lum
243 2623 338 2691 adest
351 2620 596 2711 dubium,quin
611 2622 755 2690 validum
771 2620 814 2690 sit
830 2620 1092 2705 matrimonium;

155 2717 325 2807 siquidem
345 2716 560 2797 contrahens,
579 2715 657 2784 licet
677 2736 776 2785 suum
794 2715 970 2805 pristinum
988 2714 1096 2784 adhuc

158 2811 304 2880 retineat
323 2807 552 2892 domicilium,
575 2808 647 2878 iure
676 2820 787 2884 tamen
815 2828 935 2877 norum
957 2807 1096 2878 domici·

159 2904 263 2987 lium,
294 2913 352 2970 aut
375 2903 469 2990 quasi
490 2901 695 2972 domicilium
717 2902 751 2968 in
773 2901 838 2968 alio
866 2901 938 2970 loco
959 2902 1098 2991 adeptus

159 2998 248 3066 lacto
271 3006 333 3077 est,
355 2994 411 3064 ubi
439 2996 579 3084 proinde
608 2995 776 3082 integrum
805 2992 871 3062 erit
898 2994 960 3084 ipsi
985 2993 1100 3063 matri·

161 3089 316 3159 monium
337 3090 533 3158 contrahere
548 3089 597 3157 vel
617 3107 729 3157 coram
749 3085 894 3176 parocho
915 3098 947 3154 et
967 3086 1098 3153 duobus

164 3183 319 3265 testibus,
342 3181 369 3249 si
390 3181 435 3250 ihi
456 3182 555 3253 Cone.
577 3181 668 3250 Trid.
693 3180 863 3250 decretum
897 3178 1101 3269 publicatum

160 3272 226 3359 est,
249 3296 288 3344 ac
313 3274 413 3363 viget,
434 3276 484 3344 vel
505 3276 720 3357 clandestine,
742 3273 769 3342 si
796 3281 933 3343 nonest
957 3270 1102 3361 publico·

160 3382 251 3438 tum.
275 3368 342 3437 Nec
361 3369 571 3438 fraudulenta
590 3368 731 3439 intentio
751 3366 901 3458 impedit,
925 3364 1102 3456 quominus

159 3464 294 3531 dicatur
314 3462 519 3531 domicilium
538 3463 588 3532 vel
613 3463 708 3551 quasi
728 3461 932 3535 domicilium
963 3459 1008 3529 ihi
1028 3479 1102 3528 rea·
1153 3483 1156 3492 ‘

160 3576 224 3645 pse
244 3555 367 3638 fixisse,
390 3566 423 3624 et
444 3556 615 3645 paroeciae
637 3555 744 3624 insin
765 3556 882 3625 ordine
908 3556 947 3624 ad
969 3551 1103 3642 nuptias
