2642 4175
296 349 362 409 354
630 359 733 406 curor
750 360 796 405 ru.

248 482 381 533 norum.
419 457 455 525 7⁰
472 456 519 527 ot
539 466 679 527 aetatem
699 456 873 541 mulieris,
895 478 981 548 quae
998 456 1043 527 25
1063 461 1173 530 aetatis

248 575 372 625 annum
391 551 512 640 attigit,
528 561 585 619 aut
601 550 701 620 etiarn
717 561 961 639 praetergressa
974 564 1035 633 est,
1054 572 1114 621 neo
1127 555 1172 621 ri-

248 669 323 718 rum
343 646 405 715 sibi
422 645 604 731 adiungere
625 643 734 711 adhuc
753 643 872 731 potuit;
892 644 973 713 haer
993 665 1089 716 causa
1115 667 1171 734 pro

248 740 344 808 vidua
364 759 429 808 non
450 736 570 806 sufficit
600 735 664 804 nisi
700 735 811 804 iunior
837 736 897 819 sit,
917 747 950 805 et
970 736 1005 806 iri
1028 736 1171 826 periculo

247 830 507 917 incontinentiae
536 829 633 897 facile
651 839 812 909 versetur,
834 829 1028 917 praesertim
1050 830 1077 898 si
1100 851 1172 919 pro·

246 925 311 994 lem
332 925 471 1006 habeat,
484 942 546 990 nec
564 923 653 991 alere
673 923 844 990 commode
865 923 978 1010 possit.
1001 919 1038 990 8⁰
1057 922 1105 991 Ob
1127 924 1171 994 iu·

246 1016 393 1100 iamiam,
414 1035 517 1106 quum
538 1015 663 1083 scilicet
676 1013 725 1081 vir
745 1026 778 1083 et
794 1015 915 1085 mulier
935 1016 1170 1103 consanguinei

246 1111 296 1180 vel
313 1110 429 1179 affines
448 1119 537 1178 tanta
559 1106 799 1177 cousuetudine
831 1106 969 1176 invicem
1000 1108 1051 1175 usi
1071 1119 1168 1190 sunt,

249 1215 285 1272 ut
304 1216 375 1273 orta
396 1203 439 1273 sit
458 1199 601 1289 suspicio
622 1195 778 1288 publica,
800 1199 878 1269 licet
896 1201 1002 1283 salsa,
1024 1202 1113 1288 quod
1140 1222 1172 1271 se

247 1295 425 1365 carnaliter
442 1292 667 1382 cognoverin13
690 1303 893 1381 quapropter
920 1292 983 1361 nisi
1005 1294 1173 1362 matrimo-

247 1388 338 1457 nium
356 1389 443 1459 inter
465 1406 521 1456 eos
541 1384 780 1469 contrahatur,
803 1385 924 1454 mulier
950 1386 1095 1473 graviter
1113 1387 1174 1454 dit-

246 1481 367 1550 iamata
390 1492 424 1549 et
449 1479 586 1569 innupta
621 1488 822 1546 remaneret.
854 1476 891 1545 9ο
916 1475 964 1547 Ob
993 1480 1171 1568 copulam,

247 1573 326 1641 durn
345 1592 464 1661 nempe
483 1571 532 1639 vir
550 1582 584 1640 et
601 1570 723 1639 mulier
741 1569 1026 1659 consanguinitate
1052 1572 1103 1641 vel
1128 1573 1174 1639 af·

246 1664 374 1735 finitate
394 1661 586 1746 coniuncti,
608 1684 676 1732 non
696 1662 837 1751 quidem.
853 1675 986 1752 peceato
1006 1664 1081 1732 data
1103 1685 1175 1753 ope·

245 1775 293 1841 ra,
315 1768 352 1826 ut
371 1755 511 1826 erimine
528 1755 672 1825 admisso
691 1755 912 1844 Apostolioam
928 1754 1045 1825 Sedem
1061 1758 1101 1825 ad
1119 1756 1174 1824 mi·

244 1849 458 1924 serioordiam
479 1860 513 1919 et
530 1848 671 1938 gratiam
692 1869 770 1936 erga
790 1868 825 1916 se
843 1848 1026 1917 faciliorem
1058 1849 1174 1918 redde·

245 1944 422 2025 rent,sed
443 1943 550 2010 solum
577 1962 697 2011 resana
726 1940 864 2010 libidine
893 1941 968 2010 victi
982 1942 1175 2035 ,carnaliter

245 2036 389 2127 copulati
408 2046 504 2106 sunt:
527 2036 614 2104 unde
633 2034 661 2103 si
683 2032 930 2103 matrimonium
952 2054 1019 2104 non
1046 2046 1175 2104 eontra·

216 2206 220 2215 ¹
246 2129 358 2214 hatur,
379 2129 501 2198 mulier
519 2140 588 2198 tum
605 2128 772 2197 diffamata
792 2138 826 2196 et
844 2127 981 2216 innupta
1012 2138 1173 2210 maneret,
1258 2200 1263 2210 p

246 2233 316 2295 tum
336 2223 435 2294 etiam
454 2221 564 2310 gravia
593 2219 745 2289 seandala
777 2231 912 2309 possent
942 2220 1176 2290 verosimiliter

246 2315 381 2384 exoriri.
403 2312 730 2403 adiltpericulum
748 2311 844 2396 vitae,
865 2313 1084 2381 dumsoilioel
1104 2333 1178 2380 uro·

245 2407 292 2475 ris
310 2419 475 2495 parentes,
496 2406 702 2488 autumes,
721 2405 820 2475 aliive
837 2404 1015 2495 propinqui
1036 2416 1177 2474 mortem

247 2499 417 2568 minantur
430 2499 512 2582 viro,
529 2498 591 2567 nisi
606 2498 780 2567 mulierem
797 2497 913 2586 ipsam,
934 2519 1007 2565 oum
1025 2516 1175 2587 quarem

248 2591 387 2673 habuit,
409 2612 545 2659 uxorem
563 2590 705 2660 duxerit.
739 2589 798 2657 ll·
815 2589 863 2658 Ob
882 2588 1069 2679 periculum
1088 2590 1177 2659 reale

246 2682 440 2752 deiectionis
461 2704 478 2751 a
499 2683 564 2751 nde
579 2682 758 2767 catholiea,
779 2702 845 2752 non
863 2703 941 2751 vero
956 2682 1177 2772 perversionis

247 2796 390 2856 morum,
414 2775 514 2864 idque
534 2785 602 2843 tum
622 2776 732 2845 lorum
751 2775 888 2858 obtinet,
905 2796 978 2844 curn
996 2774 1178 2864 prudenter
1210 2830 1213 2834 a

247 2869 395 2952 timetur,
415 2890 456 2937 ue
477 2868 552 2957 quis
571 2868 664 2938 valde
687 2867 782 2937 tortis
802 2867 835 2936 in
856 2866 932 2952 tide,
955 2889 994 2938 ex
1013 2868 1176 2954 denegata

248 2961 504 3049 dispensatione,
528 2961 570 3029 ob
590 2960 692 3029 animi
722 2959 972 3042 infirmitatem,
994 2980 1032 3028 aa
1050 2958 1180 3047 fragili·

248 3064 361 3136 tatem,
378 3075 512 3123 caecum
532 3054 705 3142 impetum,
718 3052 865 3142 aliasque
879 3052 1004 3121 similes
1022 3051 1179 3131 rationes

247 3167 266 3215 a
280 3147 440 3216 catholiea
455 3148 519 3217 fide
536 3146 723 3229 defictateo
737 3146 803 3215 dne
813 3157 849 3214 ut
862 3147 950 3234 quod
964 3144 1052 3213 inter
1065 3144 1180 3237 ootho-

247 3239 328 3309 liros
347 3240 433 3308 inire
452 3238 649 3328 prohibetur
665 3238 926 3320 matrimonium,
944 3237 1025 3305 illud
1047 3248 1181 3305 contra-

250 3332 330 3401 here
350 3344 489 3402 attentet
510 3353 581 3401 sese
605 3331 796 3421 recipiendo
823 3331 856 3400 in
877 3352 949 3400 eam
976 3327 1182 3397 communio·

248 3443 337 3505 nem,
359 3424 475 3513 inqua
496 3424 600 3494 niide
623 3424 866 3513 dispensatione
889 3422 1049 3492 sollicitus
1081 3422 1182 3509 genio

246 3534 308 3583 suo
328 3515 503 3606 indulgere
527 3520 644 3602 valeat,
664 3529 701 3588 ut
732 3518 873 3588 habetur
902 3516 936 3585 iu
966 3515 1122 3583 Instruot.
1146 3512 1195 3583 S.-
