2642 4175
469 356 512 401 os
529 355 741 403 accusamus
982 345 1025 407 17

139 465 281 526 moratus
299 451 488 522 Senoniae.
508 502 518 522 .
538 500 547 519 .
569 453 602 521 in
619 452 722 523 Gallia
744 506 751 522 .
770 507 804 524 ..
828 456 860 525 in
875 457 1068 549 Hispania.»

138 549 270 619 Interim
293 548 381 637 apud
396 566 512 616 omues
526 547 702 637 utriusque
715 552 898 621 sententiaa
915 566 1071 642 patronos
1133 600 1141 620 .

138 644 217 713 baec
235 652 327 711 certa
348 652 443 710 sunt:
466 640 502 708 l⁰
522 640 728 728 praedictum
748 655 847 732 caput
866 647 1010 734 primum
1029 650 1072 719 de

140 737 239 805 adult.
273 746 310 805 et
326 746 415 822 stup.
445 734 666 823 praestituere
696 756 837 823 poenam
869 741 1068 827 positivam,

139 851 220 921 quae
241 828 292 899 rei
313 827 538 917 cognitionem
559 839 593 896 et
611 829 807 898 sententiam
837 834 1072 905 condemnato·

139 923 218 993 riam
236 923 396 1012 postulat.
429 918 465 988 2⁰
483 941 613 990 cessare
629 921 867 1007 obligationem
885 926 1026 997 ducendi
1039 939 1073 998 ct

140 1016 286 1097 datandi,
309 1035 414 1105 quum
429 1015 540 1105 puella
553 1035 621 1084 non
634 1027 708 1085 erat
724 1017 828 1104 virgo,
845 1031 902 1086 aut
913 1022 1074 1109 rirgode·

142 1111 253 1181 donata
269 1109 332 1178 luit
350 1109 422 1177 sine
441 1109 508 1177 ulla
523 1108 743 1198 promissione
764 1112 979 1194 matrimonii,
996 1134 1072 1183 nam

144 1206 255 1295 duplex
277 1223 384 1292 poena
405 1214 439 1271 et
457 1202 543 1271 dotis
568 1204 708 1286 dandae,
725 1214 759 1272 et
775 1205 979 1275 matrimonii
993 1227 1072 1276 cou-

142 1298 292 1369 trebendi
306 1297 336 1366 ei
350 1306 478 1365 tantum
493 1295 671 1385 irrogatur,
688 1298 744 1386 qui
764 1300 959 1368 «seduxerit
970 1300 1072 1391 virgi·

67 1467 72 1474 ,
139 1414 225 1476 nem,
242 1390 492 1481 dormieritque
503 1410 578 1458 cnm
595 1411 671 1472 ea;»
688 1390 725 1460 3⁰
733 1394 882 1462 eamdem
899 1393 1074 1482 obligatio·

138 1507 213 1557 nem
228 1505 371 1566 cessare,
382 1504 485 1573 quum
500 1483 608 1573 puella
622 1505 659 1553 en
673 1486 781 1555 verbis
793 1498 851 1555 aut
862 1488 936 1556 aliis
949 1489 1073 1578 apertis

139 1579 340 1649 coniecturis
359 1578 455 1646 lacile
475 1577 582 1666 potuit
600 1579 751 1656 fallacem
770 1581 917 1649 animum
936 1582 1073 1671 promit·

138 1674 239 1744 tentis
257 1671 460 1762 perspicere.
482 1671 563 1740 Nam
596 1685 694 1761 caput
722 1672 872 1763 loquitur
905 1677 946 1744 de
975 1678 1074 1745 sedu-

139 1768 259 1849 ctioue;
284 1778 354 1835 tum
376 1766 464 1834 enim
485 1785 648 1834 veronen
675 1766 807 1836 videtur
836 1770 969 1838 seducta
988 1822 997 1854 ‚
1017 1771 1076 1838 sad

137 1861 323 1930 voluntarie
342 1859 451 1927 fraudi
470 1859 687 1941 consensisse,
710 1863 979 1952 quandoquidem
993 1863 1075 1932 dum

138 1952 383 2033 animadvertit,
398 1964 455 2021 aut
473 1953 582 2042 potuit
600 1953 862 2024 animadvertere
877 1956 1072 2044 promissio·

48 2059 51 2062 ’
137 2050 169 2120 ni
187 2050 327 2119 subesse
344 2048 469 2129 dolum,
490 2058 523 2115 et
542 2058 652 2116 tamen
669 2048 721 2115 sui
742 2048 870 2136 copiam
890 2050 988 2132 lacit,
1007 2071 1075 2119 non
1107 2057 1112 2064 '

140 2146 167 2213 id
185 2144 269 2213 iacit
292 2142 425 2211 seducta
459 2140 680 2230 promissione
715 2142 944 2225 matrimonii,
974 2164 1074 2231 quam

140 2238 249 2308 fictam
272 2256 343 2306 esse
368 2235 572 2304 sufficienter
604 2233 788 2313 intellexit,
821 2235 878 2303 sed
908 2236 1076 2304 voluntate

140 2353 206 2414 aaa,
226 2330 330 2400 veluti
345 2331 371 2398 si
391 2331 441 2397 uir
460 2328 657 2418 promittens
678 2327 850 2397 nobilitate
866 2329 1010 2416 generis,
1026 2330 1076 2398 vel

142 2425 264 2495 divitiis
278 2424 456 2512 insigniter
476 2423 516 2490 ab
537 2444 574 2491 ea
595 2423 743 2491 distaret.
766 2422 813 2491 Ob
835 2434 958 2491 tantam
986 2423 1073 2492 enim

140 2517 413 2609 inaequalitatem
445 2516 528 2584 illud
555 2517 674 2585 merito
706 2517 953 2605 praesumitur,
986 2520 1075 2607 quod

140 2614 261 2682 mulier
281 2612 392 2700 potius
411 2632 447 2679 se
464 2611 635 2699 deceptam
657 2611 810 2691 finxerit,
831 2632 929 2700 quam
958 2632 1075 2701 reapse

140 2708 275 2795 decepta
297 2705 352 2774 sit.
375 2704 411 2772 ln
432 2704 621 2772 huiusmodi
654 2716 765 2773 autem
794 2706 924 2773 casibus
944 2704 1076 2774 videtur

140 2801 321 2869 dessorator
341 2799 380 2867 ad
400 2798 644 2887 reparationem
676 2799 897 2881 damnorum,
930 2799 957 2866 si
990 2819 1076 2888 quae

139 2896 262 2963 mulier
280 2913 375 2982 passa
392 2903 451 2975 est,
468 2892 620 2979 obligari,
638 2913 704 2961 non
722 2892 857 2981 quidem
873 2893 916 2960 ita
931 2893 1072 2980 integre,

141 2987 421 3077 quemadmodum
441 2985 609 3075 decipiens
629 2997 811 3069 teneretur,
828 2987 884 3054 sed
902 2986 1076 3074 prudentis

143 3081 296 3163 arbitrio,
317 3081 524 3149 considerato
546 3101 582 3151 es
612 3101 678 3148 una
698 3091 791 3168 parte
821 3080 965 3162 damno,
988 3081 1077 3168 quod

140 3174 271 3244 illatum
291 3185 360 3255 est,
383 3195 422 3243 ex
441 3175 543 3244 altera
582 3194 659 3242 vero
685 3173 843 3241 seminam
875 3193 932 3240 sua
960 3183 1078 3259 sponte

143 3268 313 3358 deceptam
332 3289 417 3428 {sem
438 3269 479 3337 de
498 3289 565 3357 quo
580 3267 694 3337 confer
720 3266 803 3334 bech
823 3266 863 3333 de
882 3264 985 3332 ludio.
1014 3265 1078 3333 cri·

144 3363 225 3431 min.
248 3360 325 3446 §tt
358 3413 366 3430 .

251 3676 287 3728 Dc
305 3677 467 3729 Matrimonia
