<?xml version="1.0" encoding="UTF-8"?>
<!DOCTYPE html PUBLIC "-//W3C//DTD XHTML 1.0 Transitional//EN"
    "http://www.w3.org/TR/xhtml1/DTD/xhtml1-transitional.dtd">
<html xmlns="http://www.w3.org/1999/xhtml" xml:lang="en" lang="en">
 <head>
  <title>
</title>
<meta http-equiv="Content-Type" content="text/html;charset=utf-8" />
  <meta name='ocr-system' content='tesseract 3.04.00' />
  <meta name='ocr-capabilities' content='ocr_page ocr_carea ocr_par ocr_line ocrx_word'/>
</head>
<body>
  <div class='ocr_page' id='page_1' title='image "./septimiimariaev00veccgoog_0422.png"; bbox 0 0 2642 4175; ppageno 0'>
   <div class='ocr_carea' id='block_1_1' title="bbox 305 326 807 385">
    <p class='ocr_par' dir='ltr' id='par_1_1' title="bbox 305 326 807 385">
     <span class='ocr_line' id='line_1_1' title="bbox 305 326 807 385; baseline -0.014 0"><span class='ocrx_word' id='word_1_1' title='bbox 305 326 371 385; x_wconf 79' lang='grc'><strong>398</strong></span> <span class='ocrx_word' id='word_1_2' title='bbox 641 335 745 382; x_wconf 76' lang='lat' dir='ltr'><strong>curun</strong></span> <span class='ocrx_word' id='word_1_3' title='bbox 763 335 807 379; x_wconf 70' lang='grc' dir='ltr'><strong>ιν.</strong></span> 
     </span>
    </p>
   </div>
   <div class='ocr_carea' id='block_1_2' title="bbox 257 433 1185 1286">
    <p class='ocr_par' dir='ltr' id='par_1_2' title="bbox 257 433 1185 1268">
     <span class='ocr_line' id='line_1_2' title="bbox 304 433 1184 526; baseline -0.003 -20"><span class='ocrx_word' id='word_1_4' title='bbox 304 441 412 526; x_wconf 78' lang='lat' dir='ltr'><strong>Atque</strong></span> <span class='ocrx_word' id='word_1_5' title='bbox 429 436 513 505; x_wconf 87' lang='lat' dir='ltr'><strong>haec</strong></span> <span class='ocrx_word' id='word_1_6' title='bbox 528 435 569 504; x_wconf 88' lang='lat' dir='ltr'><strong>de</strong></span> <span class='ocrx_word' id='word_1_7' title='bbox 584 433 770 526; x_wconf 78' lang='lat' dir='ltr'><strong>polygamia</strong></span> <span class='ocrx_word' id='word_1_8' title='bbox 788 433 986 502; x_wconf 84' lang='lat' dir='ltr'><strong>simultansa</strong></span> <span class='ocrx_word' id='word_1_9' title='bbox 1005 433 1184 522; x_wconf 78' lang='lat' dir='ltr'>exposuisse</span> 
     </span>
     <span class='ocr_line' id='line_1_3' title="bbox 257 526 1183 613; baseline -0.004 -13"><span class='ocrx_word' id='word_1_10' title='bbox 257 531 413 601; x_wconf 87' lang='lat' dir='ltr'><strong>sufficiat.</strong></span> <span class='ocrx_word' id='word_1_11' title='bbox 432 529 584 599; x_wconf 89' lang='lat' dir='ltr'><strong>Ceterum</strong></span> <span class='ocrx_word' id='word_1_12' title='bbox 607 528 758 598; x_wconf 90' lang='lat' dir='ltr'><strong>Christus</strong></span> <span class='ocrx_word' id='word_1_13' title='bbox 778 526 936 595; x_wconf 83' lang='lat' dir='ltr'>Dominus</span> <span class='ocrx_word' id='word_1_14' title='bbox 957 527 990 595; x_wconf 92' lang='lat' dir='ltr'><strong>in</strong></span> <span class='ocrx_word' id='word_1_15' title='bbox 1017 527 1090 613; x_wconf 81' lang='lat' dir='ltr'><strong>lege</strong></span> <span class='ocrx_word' id='word_1_16' title='bbox 1108 547 1183 596; x_wconf 88' lang='lat' dir='ltr'><strong>nora</strong></span> 
     </span>
     <span class='ocr_line' id='line_1_4' title="bbox 260 621 1185 711; baseline -0.002 -19"><span class='ocrx_word' id='word_1_17' title='bbox 260 622 508 703; x_wconf 78' lang='lat' dir='ltr'><strong>Matrimonium</strong></span> <span class='ocrx_word' id='word_1_18' title='bbox 526 622 566 690; x_wconf 88' lang='lat' dir='ltr'><strong>ad</strong></span> <span class='ocrx_word' id='word_1_19' title='bbox 588 621 790 711; x_wconf 77' lang='lat' dir='ltr'><strong>primaevam</strong></span> <span class='ocrx_word' id='word_1_20' title='bbox 809 641 902 688; x_wconf 88' lang='lat' dir='ltr'><strong>suam</strong></span> <span class='ocrx_word' id='word_1_21' title='bbox 920 639 1076 689; x_wconf 89' lang='lat' dir='ltr'><strong>revocans</strong></span> <span class='ocrx_word' id='word_1_22' title='bbox 1094 621 1185 709; x_wconf 79' lang='lat' dir='ltr'><strong>origi-</strong></span> 
     </span>
     <span class='ocr_line' id='line_1_5' title="bbox 257 713 1185 806; baseline -0.003 -20"><span class='ocrx_word' id='word_1_23' title='bbox 257 737 347 801; x_wconf 85' lang='lat' dir='ltr'><strong>nem,</strong></span> <span class='ocrx_word' id='word_1_24' title='bbox 373 716 653 806; x_wconf 78' lang='lat' dir='ltr'><strong>dispensationem</strong></span> <span class='ocrx_word' id='word_1_25' title='bbox 673 713 840 783; x_wconf 91' lang='lat' dir='ltr'><strong>veteribus</strong></span> <span class='ocrx_word' id='word_1_26' title='bbox 862 714 970 782; x_wconf 85' lang='lat' dir='ltr'><strong>datam</strong></span> <span class='ocrx_word' id='word_1_27' title='bbox 993 714 1123 802; x_wconf 90' lang='lat' dir='ltr'><strong>penitus</strong></span> <span class='ocrx_word' id='word_1_28' title='bbox 1140 735 1185 783; x_wconf 89' lang='lat' dir='ltr'><strong>rc·</strong></span> 
     </span>
     <span class='ocr_line' id='line_1_6' title="bbox 259 806 1184 913; baseline -0.002 -36"><span class='ocrx_word' id='word_1_29' title='bbox 259 810 396 893; x_wconf 84' lang='lat' dir='ltr'><strong>vocarit,</strong></span> <span class='ocrx_word' id='word_1_30' title='bbox 418 820 519 899; x_wconf 85' lang='lat' dir='ltr'><strong>atque</strong></span> <span class='ocrx_word' id='word_1_31' title='bbox 539 806 807 879; x_wconf 89' lang='lat' dir='ltr'><strong>coniunctionem</strong></span> <span class='ocrx_word' id='word_1_32' title='bbox 827 827 900 875; x_wconf 90' lang='lat' dir='ltr'><strong>cum</strong></span> <span class='ocrx_word' id='word_1_33' title='bbox 922 806 1075 913; x_wconf 80' lang='lat' dir='ltr'><strong>pinrihns</strong></span> <span class='ocrx_word' id='word_1_34' title='bbox 1091 806 1184 879; x_wconf 87' lang='lat' dir='ltr'><strong>simul</strong></span> 
     </span>
     <span class='ocr_line' id='line_1_7' title="bbox 258 900 1185 983; baseline -0.003 -12"><span class='ocrx_word' id='word_1_35' title='bbox 258 902 417 972; x_wconf 83' lang='lat' dir='ltr'><strong>uxoribus</strong></span> <span class='ocrx_word' id='word_1_36' title='bbox 436 901 584 971; x_wconf 79' lang='lat' dir='ltr'><strong>illicitam</strong></span> <span class='ocrx_word' id='word_1_37' title='bbox 604 901 749 983; x_wconf 73' lang='lat' dir='ltr'><strong>feritet</strong></span> <span class='ocrx_word' id='word_1_38' title='bbox 769 900 916 969; x_wconf 88' lang='lat' dir='ltr'><strong>irritam:</strong></span> <span class='ocrx_word' id='word_1_39' title='bbox 939 900 1075 983; x_wconf 87' lang='lat' dir='ltr'><strong>etenim,</strong></span> <span class='ocrx_word' id='word_1_40' title='bbox 1094 912 1129 969; x_wconf 87' lang='lat' dir='ltr'><strong>ut</strong></span> <span class='ocrx_word' id='word_1_41' title='bbox 1146 901 1185 968; x_wconf 88' lang='lat' dir='ltr'><strong>ie·</strong></span> 
     </span>
     <span class='ocr_line' id='line_1_8' title="bbox 258 991 1184 1095; baseline -0.004 -30"><span class='ocrx_word' id='word_1_42' title='bbox 258 995 350 1095; x_wconf 79' lang='lat' dir='ltr'><strong>gitur</strong></span> <span class='ocrx_word' id='word_1_43' title='bbox 369 996 456 1086; x_wconf 89' lang='lat' dir='ltr'><strong>apud</strong></span> <span class='ocrx_word' id='word_1_44' title='bbox 473 995 675 1066; x_wconf 87' lang='lat' dir='ltr'><strong>Matthaeum</strong></span> <span class='ocrx_word' id='word_1_45' title='bbox 695 992 765 1061; x_wconf 83' lang='lat' dir='ltr'><strong>xtx</strong></span> <span class='ocrx_word' id='word_1_46' title='bbox 783 991 852 1076; x_wconf 78' lang='lat' dir='ltr'><strong>tu,</strong></span> <span class='ocrx_word' id='word_1_47' title='bbox 867 993 1018 1066; x_wconf 89' lang='lat' dir='ltr'><strong>Christus</strong></span> <span class='ocrx_word' id='word_1_48' title='bbox 1033 993 1184 1063; x_wconf 83' lang='lat' dir='ltr'><strong>Dominus</strong></span> 
     </span>
     <span class='ocr_line' id='line_1_9' title="bbox 258 1082 1185 1176; baseline -0.003 -19"><span class='ocrx_word' id='word_1_49' title='bbox 258 1082 485 1159; x_wconf 85' lang='lat' dir='ltr'><strong>aPharisaeis</strong></span> <span class='ocrx_word' id='word_1_50' title='bbox 506 1089 755 1176; x_wconf 74' lang='lat' dir='ltr'><strong>interrogatus,</strong></span> <span class='ocrx_word' id='word_1_51' title='bbox 778 1107 819 1155; x_wconf 91' lang='lat' dir='ltr'><strong>an</strong></span> <span class='ocrx_word' id='word_1_52' title='bbox 850 1087 966 1158; x_wconf 90' lang='lat' dir='ltr'><strong>liceret</strong></span> <span class='ocrx_word' id='word_1_53' title='bbox 988 1086 1115 1156; x_wconf 90' lang='lat' dir='ltr'><strong>homini</strong></span> <span class='ocrx_word' id='word_1_54' title='bbox 1140 1087 1185 1155; x_wconf 90' lang='lat' dir='ltr'><strong>di·</strong></span> 
     </span>
     <span class='ocr_line' id='line_1_10' title="bbox 259 1179 1185 1286; baseline -0.001 -37"><span class='ocrx_word' id='word_1_55' title='bbox 259 1182 392 1253; x_wconf 90' lang='lat' dir='ltr'><strong>mittere</strong></span> <span class='ocrx_word' id='word_1_56' title='bbox 412 1204 548 1252; x_wconf 84' lang='lat' dir='ltr'><strong>uxorem</strong></span> <span class='ocrx_word' id='word_1_57' title='bbox 568 1201 676 1262; x_wconf 89' lang='lat' dir='ltr'><strong>suam,</strong></span> <span class='ocrx_word' id='word_1_58' title='bbox 696 1180 743 1248; x_wconf 89' lang='lat' dir='ltr'><strong>sic</strong></span> <span class='ocrx_word' id='word_1_59' title='bbox 763 1179 956 1286; x_wconf 82' lang='lat' dir='ltr'><strong>respondit:</strong></span> <span class='ocrx_word' id='word_1_60' title='bbox 982 1204 997 1247; x_wconf 90' lang='lat'>‹</span> <span class='ocrx_word' id='word_1_61' title='bbox 1019 1181 1091 1249; x_wconf 88' lang='lat' dir='ltr'><strong>Non</strong></span> <span class='ocrx_word' id='word_1_62' title='bbox 1111 1179 1185 1267; x_wconf 79' lang='lat' dir='ltr'><strong>tegi·</strong></span> 
     </span>
    </p>
   </div>
   <div class='ocr_carea' id='block_1_3' title="bbox 258 1271 1283 1366">
    <p class='ocr_par' dir='ltr' id='par_1_3' title="bbox 258 1271 1283 1366">
     <span class='ocr_line' id='line_1_11' title="bbox 258 1271 1283 1366; baseline -0.004 -23"><span class='ocrx_word' id='word_1_63' title='bbox 258 1274 330 1359; x_wconf 88' lang='lat' dir='ltr'><strong>stis,</strong></span> <span class='ocrx_word' id='word_1_64' title='bbox 353 1277 432 1365; x_wconf 84' lang='lat' dir='ltr'><strong>quia</strong></span> <span class='ocrx_word' id='word_1_65' title='bbox 453 1275 511 1366; x_wconf 91' lang='lat' dir='ltr'><strong>qui</strong></span> <span class='ocrx_word' id='word_1_66' title='bbox 538 1274 617 1344; x_wconf 85' lang='lat' dir='ltr'><strong>fecit</strong></span> <span class='ocrx_word' id='word_1_67' title='bbox 635 1272 805 1342; x_wconf 89' lang='lat' dir='ltr'><strong>hominem</strong></span> <span class='ocrx_word' id='word_1_68' title='bbox 824 1271 894 1341; x_wconf 88' lang='lat' dir='ltr'><strong>ab</strong></span> <span class='ocrx_word' id='word_1_69' title='bbox 885 1272 992 1357; x_wconf 89' lang='lat' dir='ltr'><strong>mitio,</strong></span> <span class='ocrx_word' id='word_1_70' title='bbox 1010 1272 1184 1344; x_wconf 86' lang='lat' dir='ltr'><strong>masculum</strong></span> <span class='ocrx_word' id='word_1_71' title='bbox 1282 1300 1283 1321; x_wconf 32' lang='grc' dir='ltr'><strong>κ</strong></span> 
     </span>
    </p>
   </div>
   <div class='ocr_carea' id='block_1_4' title="bbox 258 1328 1187 1734">
    <p class='ocr_par' dir='ltr' id='par_1_4' title="bbox 258 1328 1187 1734">
     <span class='ocr_line' id='line_1_12' title="bbox 258 1328 1186 1456; baseline -0.005 -18"><span class='ocrx_word' id='word_1_72' title='bbox 258 1379 294 1438; x_wconf 88' lang='lat' dir='ltr'><strong>et</strong></span> <span class='ocrx_word' id='word_1_73' title='bbox 308 1328 465 1438; x_wconf 69' lang='lat' dir='ltr'><strong>feminam</strong></span> <span class='ocrx_word' id='word_1_74' title='bbox 487 1367 566 1438; x_wconf 84' lang='lat' dir='ltr'><strong>iecit</strong></span> <span class='ocrx_word' id='word_1_75' title='bbox 584 1366 657 1437; x_wconf 85' lang='lat' dir='ltr'><strong>eos‘i</strong></span> <span class='ocrx_word' id='word_1_76' title='bbox 679 1377 712 1436; x_wconf 87' lang='lat' dir='ltr'><strong>et</strong></span> <span class='ocrx_word' id='word_1_77' title='bbox 730 1365 823 1435; x_wconf 80' lang='lat' dir='ltr'><strong>dixit:</strong></span> <span class='ocrx_word' id='word_1_78' title='bbox 846 1377 983 1456; x_wconf 88' lang='lat' dir='ltr'><strong>propter</strong></span> <span class='ocrx_word' id='word_1_79' title='bbox 999 1366 1063 1435; x_wconf 92' lang='lat' dir='ltr'><strong>hoc</strong></span> <span class='ocrx_word' id='word_1_80' title='bbox 1083 1364 1186 1435; x_wconf 90' lang='lat' dir='ltr'><strong>dimit·</strong></span> 
     </span>
     <span class='ocr_line' id='line_1_13' title="bbox 258 1457 1187 1551; baseline -0.004 -22"><span class='ocrx_word' id='word_1_81' title='bbox 258 1472 306 1530; x_wconf 89' lang='lat' dir='ltr'><strong>tet</strong></span> <span class='ocrx_word' id='word_1_82' title='bbox 322 1463 422 1532; x_wconf 92' lang='lat' dir='ltr'><strong>homo</strong></span> <span class='ocrx_word' id='word_1_83' title='bbox 441 1473 570 1551; x_wconf 87' lang='lat' dir='ltr'><strong>patrem</strong></span> <span class='ocrx_word' id='word_1_84' title='bbox 591 1470 624 1529; x_wconf 85' lang='lat' dir='ltr'><strong>et</strong></span> <span class='ocrx_word' id='word_1_85' title='bbox 651 1471 811 1542; x_wconf 88' lang='lat' dir='ltr'><strong>matrem,</strong></span> <span class='ocrx_word' id='word_1_86' title='bbox 838 1470 871 1528; x_wconf 90' lang='lat' dir='ltr'><strong>et</strong></span> <span class='ocrx_word' id='word_1_87' title='bbox 890 1459 1085 1528; x_wconf 78' lang='lat' dir='ltr'><strong>adhaerebit</strong></span> <span class='ocrx_word' id='word_1_88' title='bbox 1102 1457 1187 1528; x_wconf 86' lang='lat' dir='ltr'><strong>uxori</strong></span> 
     </span>
     <span class='ocr_line' id='line_1_14' title="bbox 259 1552 1186 1643; baseline -0.003 -21"><span class='ocrx_word' id='word_1_89' title='bbox 259 1574 352 1636; x_wconf 87' lang='lat' dir='ltr'><strong>suae,</strong></span> <span class='ocrx_word' id='word_1_90' title='bbox 375 1567 408 1624; x_wconf 92' lang='lat' dir='ltr'><strong>et</strong></span> <span class='ocrx_word' id='word_1_91' title='bbox 427 1565 527 1623; x_wconf 89' lang='lat' dir='ltr'><strong>eruat</strong></span> <span class='ocrx_word' id='word_1_92' title='bbox 545 1552 641 1621; x_wconf 93' lang='lat' dir='ltr'><strong>duo</strong></span> <span class='ocrx_word' id='word_1_93' title='bbox 632 1574 666 1621; x_wconf 82' lang='lat' dir='ltr'><strong>tn</strong></span> <span class='ocrx_word' id='word_1_94' title='bbox 689 1572 789 1621; x_wconf 87' lang='lat' dir='ltr'><strong>carne</strong></span> <span class='ocrx_word' id='word_1_95' title='bbox 815 1573 892 1621; x_wconf 86' lang='lat' dir='ltr'><strong>una.</strong></span> <span class='ocrx_word' id='word_1_96' title='bbox 914 1553 1055 1643; x_wconf 87' lang='lat' dir='ltr'><strong>ltaque</strong></span> <span class='ocrx_word' id='word_1_97' title='bbox 1046 1574 1113 1621; x_wconf 82' lang='lat' dir='ltr'><strong>rann</strong></span> <span class='ocrx_word' id='word_1_98' title='bbox 1128 1570 1186 1620; x_wconf 90' lang='lat' dir='ltr'><strong>non</strong></span> 
     </span>
     <span class='ocr_line' id='line_1_15' title="bbox 258 1645 1186 1734; baseline -0.001 -21"><span class='ocrx_word' id='word_1_99' title='bbox 258 1658 337 1715; x_wconf 90' lang='lat' dir='ltr'><strong>sunt</strong></span> <span class='ocrx_word' id='word_1_100' title='bbox 351 1648 429 1730; x_wconf 94' lang='lat' dir='ltr'><strong>duo,</strong></span> <span class='ocrx_word' id='word_1_101' title='bbox 452 1646 593 1716; x_wconf 88' lang='lat' dir='ltr'><strong>seduna</strong></span> <span class='ocrx_word' id='word_1_102' title='bbox 615 1666 705 1715; x_wconf 87' lang='lat' dir='ltr'><strong>caro.</strong></span> <span class='ocrx_word' id='word_1_103' title='bbox 727 1645 819 1726; x_wconf 80' lang='lat' dir='ltr'><strong>Quod</strong></span> <span class='ocrx_word' id='word_1_104' title='bbox 840 1646 1027 1734; x_wconf 81' lang='lat' dir='ltr'><strong>argolicus</strong></span> <span class='ocrx_word' id='word_1_105' title='bbox 1055 1645 1186 1715; x_wconf 89' lang='lat' dir='ltr'><strong>coniun-</strong></span> 
     </span>
    </p>
   </div>
   <div class='ocr_carea' id='block_1_5' title="bbox 258 1737 1285 1831">
    <p class='ocr_par' dir='ltr' id='par_1_5' title="bbox 258 1737 1285 1831">
     <span class='ocr_line' id='line_1_16' title="bbox 258 1737 1285 1831; baseline 0.004 -26"><span class='ocrx_word' id='word_1_106' title='bbox 258 1738 315 1822; x_wconf 88' lang='lat' dir='ltr'><strong>xit,</strong></span> <span class='ocrx_word' id='word_1_107' title='bbox 336 1737 435 1808; x_wconf 86' lang='lat' dir='ltr'><strong>homo</strong></span> <span class='ocrx_word' id='word_1_108' title='bbox 449 1760 516 1808; x_wconf 90' lang='lat' dir='ltr'><strong>non</strong></span> <span class='ocrx_word' id='word_1_109' title='bbox 535 1750 681 1828; x_wconf 88' lang='lat' dir='ltr'><strong>separet.</strong></span> <span class='ocrx_word' id='word_1_110' title='bbox 699 1738 894 1820; x_wconf 80' lang='lat' dir='ltr'><strong>Dimmidi,</strong></span> <span class='ocrx_word' id='word_1_111' title='bbox 915 1739 993 1828; x_wconf 88' lang='lat' dir='ltr'><strong>quia</strong></span> <span class='ocrx_word' id='word_1_112' title='bbox 1015 1759 1097 1828; x_wconf 81' lang='lat' dir='ltr'><strong>ergo</strong></span> <span class='ocrx_word' id='word_1_113' title='bbox 1112 1738 1186 1827; x_wconf 68' lang='lat' dir='ltr'><strong>ttoy·</strong></span> <span class='ocrx_word' id='word_1_114' title='bbox 1284 1824 1285 1831; x_wconf 6' lang='grc' dir='ltr'>ἵ</span> 
     </span>
    </p>
   </div>
   <div class='ocr_carea' id='block_1_6' title="bbox 257 1831 1190 3602">
    <p class='ocr_par' dir='ltr' id='par_1_6' title="bbox 257 1831 1187 3134">
     <span class='ocr_line' id='line_1_17' title="bbox 258 1831 1187 1921; baseline -0.002 -21"><span class='ocrx_word' id='word_1_115' title='bbox 258 1852 313 1902; x_wconf 87' lang='lat' dir='ltr'><strong>ses</strong></span> <span class='ocrx_word' id='word_1_116' title='bbox 326 1833 492 1902; x_wconf 87' lang='lat' dir='ltr'><strong>mandavit</strong></span> <span class='ocrx_word' id='word_1_117' title='bbox 510 1832 589 1902; x_wconf 87' lang='lat' dir='ltr'><strong>dare</strong></span> <span class='ocrx_word' id='word_1_118' title='bbox 609 1831 761 1900; x_wconf 83' lang='lat' dir='ltr'><strong>libellum</strong></span> <span class='ocrx_word' id='word_1_119' title='bbox 781 1831 930 1921; x_wconf 72' lang='lat' dir='ltr'><strong>repudii?</strong></span> <span class='ocrx_word' id='word_1_120' title='bbox 948 1831 1003 1901; x_wconf 84' lang='lat' dir='ltr'><strong>dit</strong></span> <span class='ocrx_word' id='word_1_121' title='bbox 1022 1832 1100 1915; x_wconf 84' lang='lat' dir='ltr'><strong>iliis,</strong></span> <span class='ocrx_word' id='word_1_122' title='bbox 1118 1850 1187 1920; x_wconf 91' lang='lat' dir='ltr'><strong>quo·</strong></span> 
     </span>
     <span class='ocr_line' id='line_1_18' title="bbox 257 1922 1186 2017; baseline -0.004 -23"><span class='ocrx_word' id='word_1_123' title='bbox 257 1925 348 1994; x_wconf 83' lang='lat' dir='ltr'><strong>niam</strong></span> <span class='ocrx_word' id='word_1_124' title='bbox 375 1925 503 2017; x_wconf 77' lang='lat' dir='ltr'><strong>Moyses</strong></span> <span class='ocrx_word' id='word_1_125' title='bbox 528 1926 568 1994; x_wconf 90' lang='lat' dir='ltr'><strong>ad</strong></span> <span class='ocrx_word' id='word_1_126' title='bbox 593 1924 751 1994; x_wconf 89' lang='lat' dir='ltr'><strong>duritiem</strong></span> <span class='ocrx_word' id='word_1_127' title='bbox 770 1924 879 1993; x_wconf 90' lang='lat' dir='ltr'><strong>cordis</strong></span> <span class='ocrx_word' id='word_1_128' title='bbox 898 1926 1021 2009; x_wconf 85' lang='lat' dir='ltr'><strong>vestri,</strong></span> <span class='ocrx_word' id='word_1_129' title='bbox 1044 1922 1186 2014; x_wconf 81' lang='lat' dir='ltr'><strong>permisit</strong></span> 
     </span>
     <span class='ocr_line' id='line_1_19' title="bbox 257 2018 1184 2102; baseline -0.002 -17"><span class='ocrx_word' id='word_1_130' title='bbox 257 2019 349 2089; x_wconf 83' lang='lat' dir='ltr'><strong>vohis</strong></span> <span class='ocrx_word' id='word_1_131' title='bbox 365 2019 533 2092; x_wconf 86' lang='lat' dir='ltr'><strong>dimittere</strong></span> <span class='ocrx_word' id='word_1_132' title='bbox 552 2037 672 2089; x_wconf 80' lang='lat' dir='ltr'><strong>uxores</strong></span> <span class='ocrx_word' id='word_1_133' title='bbox 683 2031 820 2102; x_wconf 64' lang='lat' dir='ltr'><strong>vestran</strong></span> <span class='ocrx_word' id='word_1_134' title='bbox 835 2018 877 2089; x_wconf 89' lang='lat' dir='ltr'><strong>ab</strong></span> <span class='ocrx_word' id='word_1_135' title='bbox 889 2018 985 2089; x_wconf 89' lang='lat' dir='ltr'><strong>initio</strong></span> <span class='ocrx_word' id='word_1_136' title='bbox 999 2031 1110 2090; x_wconf 86' lang='lat' dir='ltr'><strong>autern</strong></span> <span class='ocrx_word' id='word_1_137' title='bbox 1124 2035 1184 2084; x_wconf 92' lang='lat' dir='ltr'><strong>non</strong></span> 
     </span>
     <span class='ocr_line' id='line_1_20' title="bbox 258 2109 1187 2202; baseline -0.006 -21"><span class='ocrx_word' id='word_1_138' title='bbox 258 2113 322 2182; x_wconf 86' lang='lat' dir='ltr'><strong>tuit</strong></span> <span class='ocrx_word' id='word_1_139' title='bbox 352 2112 412 2182; x_wconf 90' lang='lat' dir='ltr'><strong>sic.</strong></span> <span class='ocrx_word' id='word_1_140' title='bbox 440 2114 516 2183; x_wconf 76' lang='lat' dir='ltr'><strong>dico</strong></span> <span class='ocrx_word' id='word_1_141' title='bbox 548 2123 658 2182; x_wconf 90' lang='lat' dir='ltr'><strong>autem</strong></span> <span class='ocrx_word' id='word_1_142' title='bbox 687 2111 1007 2202; x_wconf 78' lang='lat' dir='ltr'><strong>vobisquicumque</strong></span> <span class='ocrx_word' id='word_1_143' title='bbox 1031 2109 1187 2181; x_wconf 90' lang='lat' dir='ltr'><strong>dimiserit</strong></span> 
     </span>
     <span class='ocr_line' id='line_1_21' title="bbox 260 2204 1182 2287; baseline -0.003 -13"><span class='ocrx_word' id='word_1_144' title='bbox 260 2227 397 2277; x_wconf 85' lang='lat' dir='ltr'><strong>uxorem</strong></span> <span class='ocrx_word' id='word_1_145' title='bbox 426 2228 492 2276; x_wconf 92' lang='lat' dir='ltr'><strong>non</strong></span> <span class='ocrx_word' id='word_1_146' title='bbox 514 2207 557 2275; x_wconf 91' lang='lat' dir='ltr'><strong>oh</strong></span> <span class='ocrx_word' id='word_1_147' title='bbox 577 2204 843 2287; x_wconf 84' lang='lat' dir='ltr'><strong>fornicationem,</strong></span> <span class='ocrx_word' id='word_1_148' title='bbox 869 2217 903 2275; x_wconf 92' lang='lat' dir='ltr'><strong>et</strong></span> <span class='ocrx_word' id='word_1_149' title='bbox 919 2208 1018 2275; x_wconf 85' lang='lat' dir='ltr'><strong>atium</strong></span> <span class='ocrx_word' id='word_1_150' title='bbox 1037 2204 1182 2284; x_wconf 80' lang='lat' dir='ltr'><strong>duxerit,</strong></span> 
     </span>
     <span class='ocr_line' id='line_1_22' title="bbox 259 2295 1186 2369; baseline -0.005 -2"><span class='ocrx_word' id='word_1_151' title='bbox 259 2301 464 2369; x_wconf 84' lang='lat' dir='ltr'><strong>moechatur</strong></span> <span class='ocrx_word' id='word_1_152' title='bbox 485 2323 500 2366; x_wconf 79' lang='lat' dir='ltr'><strong>s</strong></span> <span class='ocrx_word' id='word_1_153' title='bbox 523 2299 569 2367; x_wconf 83' lang='lat' dir='ltr'><strong>Ex</strong></span> <span class='ocrx_word' id='word_1_154' title='bbox 587 2297 639 2367; x_wconf 92' lang='lat' dir='ltr'><strong>his</strong></span> <span class='ocrx_word' id='word_1_155' title='bbox 658 2311 770 2369; x_wconf 89' lang='lat' dir='ltr'><strong>antem</strong></span> <span class='ocrx_word' id='word_1_156' title='bbox 790 2298 912 2368; x_wconf 87' lang='lat' dir='ltr'><strong>Christi</strong></span> <span class='ocrx_word' id='word_1_157' title='bbox 939 2299 1071 2368; x_wconf 88' lang='lat' dir='ltr'><strong>Domini</strong></span> <span class='ocrx_word' id='word_1_158' title='bbox 1088 2295 1186 2367; x_wconf 82' lang='lat' dir='ltr'><strong>verbis</strong></span> 
     </span>
     <span class='ocr_line' id='line_1_23' title="bbox 258 2387 1186 2479; baseline -0.005 -19"><span class='ocrx_word' id='word_1_159' title='bbox 258 2392 341 2461; x_wconf 86' lang='lat' dir='ltr'><strong>ittud</strong></span> <span class='ocrx_word' id='word_1_160' title='bbox 359 2393 399 2462; x_wconf 92' lang='lat' dir='ltr'><strong>ad</strong></span> <span class='ocrx_word' id='word_1_161' title='bbox 420 2414 492 2463; x_wconf 89' lang='lat' dir='ltr'><strong>rem</strong></span> <span class='ocrx_word' id='word_1_162' title='bbox 512 2403 660 2461; x_wconf 89' lang='lat' dir='ltr'><strong>nostram</strong></span> <span class='ocrx_word' id='word_1_163' title='bbox 676 2391 863 2476; x_wconf 86' lang='lat' dir='ltr'><strong>deducitur,</strong></span> <span class='ocrx_word' id='word_1_164' title='bbox 878 2404 915 2468; x_wconf 89' lang='lat' dir='ltr'><strong>ut</strong></span> <span class='ocrx_word' id='word_1_165' title='bbox 928 2392 1058 2461; x_wconf 83' lang='lat' dir='ltr'><strong>adulter</strong></span> <span class='ocrx_word' id='word_1_166' title='bbox 1074 2391 1115 2461; x_wconf 88' lang='lat' dir='ltr'><strong>sit</strong></span> <span class='ocrx_word' id='word_1_167' title='bbox 1117 2387 1186 2479; x_wconf 89' lang='lat' dir='ltr'><strong>,qui</strong></span> 
     </span>
     <span class='ocr_line' id='line_1_24' title="bbox 258 2484 1184 2593; baseline -0.004 -40"><span class='ocrx_word' id='word_1_168' title='bbox 258 2484 585 2568; x_wconf 82' lang='lat' dir='ltr'><strong>dimissauxoresua,</strong></span> <span class='ocrx_word' id='word_1_169' title='bbox 596 2485 788 2556; x_wconf 90' lang='lat' dir='ltr'><strong>cumaltera</strong></span> <span class='ocrx_word' id='word_1_170' title='bbox 803 2485 988 2593; x_wconf 80' lang='lat' dir='ltr'><strong>copulatur,</strong></span> <span class='ocrx_word' id='word_1_171' title='bbox 999 2487 1184 2571; x_wconf 82' lang='lat' dir='ltr'><strong>multoergo</strong></span> 
     </span>
     <span class='ocr_line' id='line_1_25' title="bbox 260 2571 1185 2686; baseline -0.005 -40"><span class='ocrx_word' id='word_1_172' title='bbox 260 2578 384 2665; x_wconf 79' lang='lat' dir='ltr'><strong>magis,</strong></span> <span class='ocrx_word' id='word_1_173' title='bbox 405 2591 442 2646; x_wconf 90' lang='lat' dir='ltr'><strong>ut</strong></span> <span class='ocrx_word' id='word_1_174' title='bbox 461 2577 570 2647; x_wconf 87' lang='lat' dir='ltr'><strong>innuit</strong></span> <span class='ocrx_word' id='word_1_175' title='bbox 586 2578 836 2668; x_wconf 87' lang='lat' dir='ltr'><strong>Innocentius</strong></span> <span class='ocrx_word' id='word_1_176' title='bbox 828 2598 863 2647; x_wconf 87' lang='lat' dir='ltr'><strong>rn</strong></span> <span class='ocrx_word' id='word_1_177' title='bbox 877 2599 955 2686; x_wconf 89' lang='lat' dir='ltr'><strong>cap.</strong></span> <span class='ocrx_word' id='word_1_178' title='bbox 977 2571 1185 2648; x_wconf 81' lang='lat' dir='ltr'><strong>Gaunuuus8</strong></span> 
     </span>
     <span class='ocr_line' id='line_1_26' title="bbox 261 2669 1186 2761; baseline -0.001 -24"><span class='ocrx_word' id='word_1_179' title='bbox 261 2671 301 2739; x_wconf 89' lang='lat' dir='ltr'><strong>de</strong></span> <span class='ocrx_word' id='word_1_180' title='bbox 322 2669 499 2753; x_wconf 74' lang='lat' dir='ltr'><strong>divortiis,</strong></span> <span class='ocrx_word' id='word_1_181' title='bbox 521 2670 579 2761; x_wconf 89' lang='lat' dir='ltr'><strong>qui</strong></span> <span class='ocrx_word' id='word_1_182' title='bbox 604 2693 665 2756; x_wconf 79' lang='lat' dir='ltr'><strong>sua</strong></span> <span class='ocrx_word' id='word_1_183' title='bbox 686 2683 814 2743; x_wconf 89' lang='lat' dir='ltr'><strong>retenta</strong></span> <span class='ocrx_word' id='word_1_184' title='bbox 835 2670 940 2761; x_wconf 90' lang='lat' dir='ltr'><strong>priori</strong></span> <span class='ocrx_word' id='word_1_185' title='bbox 966 2692 1070 2741; x_wconf 83' lang='lat' dir='ltr'><strong>uxore</strong></span> <span class='ocrx_word' id='word_1_186' title='bbox 1088 2672 1136 2746; x_wconf 90' lang='lat' dir='ltr'><strong>ad</strong></span> <span class='ocrx_word' id='word_1_187' title='bbox 1145 2669 1186 2737; x_wconf 88' lang='lat' dir='ltr'><strong>al·</strong></span> 
     </span>
     <span class='ocr_line' id='line_1_27' title="bbox 261 2749 1185 2847; baseline -0.004 -15"><span class='ocrx_word' id='word_1_188' title='bbox 261 2774 366 2833; x_wconf 89' lang='lat' dir='ltr'><strong>teram</strong></span> <span class='ocrx_word' id='word_1_189' title='bbox 399 2764 550 2847; x_wconf 91' lang='lat' dir='ltr'><strong>accedit,</strong></span> <span class='ocrx_word' id='word_1_190' title='bbox 572 2749 703 2834; x_wconf 88' lang='lat' dir='ltr'><strong>adulter</strong></span> <span class='ocrx_word' id='word_1_191' title='bbox 735 2764 811 2834; x_wconf 88' lang='lat' dir='ltr'><strong>erit</strong></span> <span class='ocrx_word' id='word_1_192' title='bbox 844 2764 930 2834; x_wconf 89' lang='lat' dir='ltr'><strong>Hinc</strong></span> <span class='ocrx_word' id='word_1_193' title='bbox 963 2766 1083 2836; x_wconf 90' lang='lat' dir='ltr'><strong>merito</strong></span> <span class='ocrx_word' id='word_1_194' title='bbox 1102 2761 1185 2833; x_wconf 85' lang='lat' dir='ltr'><strong>Trid</strong></span> 
     </span>
     <span class='ocr_line' id='line_1_28' title="bbox 260 2855 1187 2949; baseline -0.004 -24"><span class='ocrx_word' id='word_1_195' title='bbox 260 2877 342 2927; x_wconf 88' lang='lat' dir='ltr'><strong>sess</strong></span> <span class='ocrx_word' id='word_1_196' title='bbox 360 2855 452 2926; x_wconf 86' lang='lat' dir='ltr'>XXIV</span> <span class='ocrx_word' id='word_1_197' title='bbox 468 2878 539 2947; x_wconf 91' lang='lat' dir='ltr'><strong>cap.</strong></span> <span class='ocrx_word' id='word_1_198' title='bbox 556 2855 577 2925; x_wconf 71' lang='lat' dir='ltr'><strong>C</strong></span> <span class='ocrx_word' id='word_1_199' title='bbox 595 2857 755 2927; x_wconf 84' lang='lat' dir='ltr'><strong>definivit:</strong></span> <span class='ocrx_word' id='word_1_200' title='bbox 780 2856 938 2949; x_wconf 76' lang='lat' dir='ltr'><strong>«Siquis</strong></span> <span class='ocrx_word' id='word_1_201' title='bbox 957 2858 1077 2928; x_wconf 84' lang='lat' dir='ltr'><strong>dixerit</strong></span> <span class='ocrx_word' id='word_1_202' title='bbox 1095 2856 1187 2925; x_wconf 91' lang='lat' dir='ltr'><strong>licere</strong></span> 
     </span>
     <span class='ocr_line' id='line_1_29' title="bbox 262 2948 1187 3040; baseline -0.008 -20"><span class='ocrx_word' id='word_1_203' title='bbox 262 2949 458 3020; x_wconf 89' lang='lat' dir='ltr'><strong>Christianis</strong></span> <span class='ocrx_word' id='word_1_204' title='bbox 490 2952 602 3040; x_wconf 88' lang='lat' dir='ltr'><strong>piures</strong></span> <span class='ocrx_word' id='word_1_205' title='bbox 621 2950 722 3019; x_wconf 91' lang='lat' dir='ltr'><strong>simul</strong></span> <span class='ocrx_word' id='word_1_206' title='bbox 751 2951 876 3022; x_wconf 86' lang='lat' dir='ltr'><strong>habere</strong></span> <span class='ocrx_word' id='word_1_207' title='bbox 907 2971 1050 3034; x_wconf 83' lang='lat' dir='ltr'><strong>uxores,</strong></span> <span class='ocrx_word' id='word_1_208' title='bbox 1084 2948 1187 3020; x_wconf 89' lang='lat' dir='ltr'><strong>ethoc</strong></span> 
     </span>
     <span class='ocr_line' id='line_1_30' title="bbox 262 3041 1185 3134; baseline -0.001 -23"><span class='ocrx_word' id='word_1_209' title='bbox 262 3044 354 3111; x_wconf 89' lang='lat' dir='ltr'><strong>nulla</strong></span> <span class='ocrx_word' id='word_1_210' title='bbox 376 3044 448 3133; x_wconf 81' lang='lat' dir='ltr'><strong>lege</strong></span> <span class='ocrx_word' id='word_1_211' title='bbox 460 3043 570 3112; x_wconf 85' lang='lat' dir='ltr'><strong>divina</strong></span> <span class='ocrx_word' id='word_1_212' title='bbox 587 3064 659 3113; x_wconf 88' lang='lat' dir='ltr'><strong>essa</strong></span> <span class='ocrx_word' id='word_1_213' title='bbox 677 3044 895 3134; x_wconf 89' lang='lat' dir='ltr'><strong>prohibitum,</strong></span> <span class='ocrx_word' id='word_1_214' title='bbox 914 3044 1089 3115; x_wconf 86' lang='lat' dir='ltr'><strong>anathema</strong></span> <span class='ocrx_word' id='word_1_215' title='bbox 1108 3041 1159 3110; x_wconf 91' lang='lat' dir='ltr'><strong>sit</strong></span> <span class='ocrx_word' id='word_1_216' title='bbox 1172 3061 1185 3103; x_wconf 75' lang='lat' dir='ltr'><strong>r</strong></span> 
     </span>
    </p>

    <p class='ocr_par' dir='ltr' id='par_1_7' title="bbox 262 3135 1188 3602">
     <span class='ocr_line' id='line_1_31' title="bbox 309 3135 1188 3227; baseline -0.005 -22"><span class='ocrx_word' id='word_1_217' title='bbox 309 3135 378 3205; x_wconf 91' lang='lat' dir='ltr'><strong>Hac</strong></span> <span class='ocrx_word' id='word_1_218' title='bbox 395 3148 506 3206; x_wconf 89' lang='lat' dir='ltr'><strong>autem</strong></span> <span class='ocrx_word' id='word_1_219' title='bbox 535 3136 658 3207; x_wconf 86' lang='lat' dir='ltr'><strong>Christi</strong></span> <span class='ocrx_word' id='word_1_220' title='bbox 684 3139 758 3227; x_wconf 79' lang='lat' dir='ltr'><strong>lege</strong></span> <span class='ocrx_word' id='word_1_221' title='bbox 777 3148 935 3208; x_wconf 90' lang='lat' dir='ltr'><strong>tenentur</strong></span> <span class='ocrx_word' id='word_1_222' title='bbox 966 3158 1035 3207; x_wconf 90' lang='lat' dir='ltr'><strong>non</strong></span> <span class='ocrx_word' id='word_1_223' title='bbox 1068 3146 1188 3205; x_wconf 86' lang='lat' dir='ltr'><strong>tuntum</strong></span> 
     </span>
     <span class='ocr_line' id='line_1_32' title="bbox 262 3228 1188 3315; baseline 0.003 -16"><span class='ocrx_word' id='word_1_224' title='bbox 262 3228 447 3315; x_wconf 86' lang='lat' dir='ltr'><strong>christiani,</strong></span> <span class='ocrx_word' id='word_1_225' title='bbox 457 3229 513 3300; x_wconf 88' lang='lat' dir='ltr'><strong>sed</strong></span> <span class='ocrx_word' id='word_1_226' title='bbox 529 3250 567 3300; x_wconf 89' lang='lat' dir='ltr'><strong>ea</strong></span> <span class='ocrx_word' id='word_1_227' title='bbox 581 3241 738 3300; x_wconf 86' lang='lat' dir='ltr'><strong>tenentur</strong></span> <span class='ocrx_word' id='word_1_228' title='bbox 752 3230 904 3301; x_wconf 86' lang='lat' dir='ltr'><strong>homines</strong></span> <span class='ocrx_word' id='word_1_229' title='bbox 918 3231 1018 3301; x_wconf 90' lang='lat' dir='ltr'><strong>etiam</strong></span> <span class='ocrx_word' id='word_1_230' title='bbox 1035 3229 1188 3302; x_wconf 80' lang='lat' dir='ltr'><strong>innuens</strong></span> 
     </span>
     <span class='ocr_line' id='line_1_33' title="bbox 263 3322 1187 3426; baseline -0.005 -35"><span class='ocrx_word' id='word_1_231' title='bbox 263 3323 309 3391; x_wconf 95' lang='lat' dir='ltr'><strong>ita</strong></span> <span class='ocrx_word' id='word_1_232' title='bbox 329 3334 367 3392; x_wconf 92' lang='lat' dir='ltr'><strong>ut</strong></span> <span class='ocrx_word' id='word_1_233' title='bbox 386 3323 564 3407; x_wconf 80' lang='lat' dir='ltr'><strong>illicitum,</strong></span> <span class='ocrx_word' id='word_1_234' title='bbox 587 3344 626 3393; x_wconf 90' lang='lat' dir='ltr'><strong>ac</strong></span> <span class='ocrx_word' id='word_1_235' title='bbox 645 3325 776 3394; x_wconf 87' lang='lat' dir='ltr'><strong>uultum</strong></span> <span class='ocrx_word' id='word_1_236' title='bbox 795 3325 862 3408; x_wconf 88' lang='lat' dir='ltr'><strong>sit,</strong></span> <span class='ocrx_word' id='word_1_237' title='bbox 886 3324 974 3415; x_wconf 88' lang='lat' dir='ltr'><strong>quod</strong></span> <span class='ocrx_word' id='word_1_238' title='bbox 997 3322 1112 3414; x_wconf 87' lang='lat' dir='ltr'><strong>apud</strong></span> <span class='ocrx_word' id='word_1_239' title='bbox 1104 3337 1187 3426; x_wconf 81' lang='lat' dir='ltr'><strong>ipsos</strong></span> 
     </span>
     <span class='ocr_line' id='line_1_34' title="bbox 262 3411 1190 3507; baseline -0.004 -24"><span class='ocrx_word' id='word_1_240' title='bbox 262 3415 470 3485; x_wconf 87' lang='lat' dir='ltr'><strong>contrahitur</strong></span> <span class='ocrx_word' id='word_1_241' title='bbox 486 3418 670 3487; x_wconf 90' lang='lat' dir='ltr'><strong>secundum</strong></span> <span class='ocrx_word' id='word_1_242' title='bbox 691 3416 942 3487; x_wconf 87' lang='lat' dir='ltr'><strong>matrimonium</strong></span> <span class='ocrx_word' id='word_1_243' title='bbox 946 3416 1067 3507; x_wconf 91' lang='lat' dir='ltr'><strong>,priori</strong></span> <span class='ocrx_word' id='word_1_244' title='bbox 1084 3411 1190 3486; x_wconf 85' lang='lat' dir='ltr'><strong>coniu-</strong></span> 
     </span>
     <span class='ocr_line' id='line_1_35' title="bbox 262 3507 1188 3602; baseline -0.003 -27"><span class='ocrx_word' id='word_1_245' title='bbox 262 3527 304 3595; x_wconf 78' lang='lat' dir='ltr'><strong>ge</strong></span> <span class='ocrx_word' id='word_1_246' title='bbox 323 3507 462 3580; x_wconf 79' lang='lat' dir='ltr'><strong>virente</strong></span> <span class='ocrx_word' id='word_1_247' title='bbox 485 3509 542 3580; x_wconf 82' lang='lat' dir='ltr'><strong>Est</strong></span> <span class='ocrx_word' id='word_1_248' title='bbox 571 3510 695 3602; x_wconf 88' lang='lat' dir='ltr'><strong>quippe</strong></span> <span class='ocrx_word' id='word_1_249' title='bbox 717 3512 770 3582; x_wconf 85' lang='lat' dir='ltr'><strong>lex</strong></span> <span class='ocrx_word' id='word_1_250' title='bbox 789 3511 913 3582; x_wconf 82' lang='lat' dir='ltr'><strong>Christi</strong></span> <span class='ocrx_word' id='word_1_251' title='bbox 930 3507 1136 3590; x_wconf 84' lang='lat' dir='ltr'><strong>universatis,</strong></span> <span class='ocrx_word' id='word_1_252' title='bbox 1158 3513 1188 3572; x_wconf 92' lang='lat' dir='ltr'><strong>et</strong></span> 
     </span>
    </p>
   </div>
   <div class='ocr_carea' id='block_1_7' title="bbox 0 0 1331 4175">
    <p class='ocr_par' dir='ltr' id='par_1_8' title="bbox 0 0 1331 4175">
     <span class='ocr_line' id='line_1_36' title="bbox 0 0 1331 4175; baseline 0 0"><span class='ocrx_word' id='word_1_253' title='bbox 0 0 1331 4175; x_wconf 95' lang='lat' dir='ltr'><strong> </strong></span> 
     </span>
    </p>
   </div>
  </div>
 </body>
</html>
