2642 4175
392 341 437 385 nn
455 341 692 388 nrrnumnnnrs
710 343 909 390 mammona
1007 334 1069 393 161

179 439 294 529 qnia«
316 438 489 529 adoptivus
502 439 604 526 filius,
623 438 650 509 si
668 441 909 531 emancipetur,
929 464 1013 529 eam,
1030 467 1117 537 qnae

179 534 287 626 patris
307 534 450 624 adoptivi
468 554 551 603 uxor
569 546 631 619 est,
653 534 776 605 ducere
793 557 859 604 non
879 549 1015 626 potest,
1038 540 1118 632 quia

179 642 342 698 nouercae
362 629 474 697 losum
506 627 617 698 hahet.
645 651 659 694 a
693 629 728 696 L.
750 630 929 720 adoptivus
948 632 981 700 ff.
998 633 1116 704 derit.

178 735 276 813 nupt.
299 724 340 791 tt
353 722 498 792 secunda
516 722 644 812 speeies
665 722 871 812 cognationis
889 726 1006 815 legalis
1022 726 1058 797 in
1075 728 1117 796 li·

178 836 242 885 nea
263 816 399 906 ohiiqua
419 817 508 886 inter
528 816 615 886 filios
634 818 783 886 carnales
804 817 1007 908 adoptantis,
1030 832 1063 891 et
1083 842 1118 891 a·

177 908 366 1001 doptat'um,
383 909 452 980 sire
464 910 552 980 filios
564 910 738 1001 adoptivos
754 911 920 996 eiusdem,
944 925 1115 1005 tamqnam

177 1001 268 1074 inter
293 1005 413 1075 fratres
429 1017 462 1075 et
480 1024 638 1093 sorores,
652 1025 720 1074 non
738 1004 893 1094 impedit,
912 1027 974 1076 nee
991 1008 1119 1078 dirimit

177 1097 431 1168 matrimonium
450 1097 484 1167 in
504 1110 730 1188 perpetuum,
757 1100 814 1167 sed
835 1101 996 1190 quamdiu
1020 1101 1119 1171 durat

54 1233 59 1240 -
179 1191 341 1282 adoptio,
370 1214 430 1262 seu
462 1194 622 1282 quamdiu
652 1192 752 1261 iidem
775 1192 835 1261 fitii
856 1213 914 1263 seu
947 1196 1115 1279 carnales,

175 1305 238 1355 seu
258 1286 402 1375 adoptivi
427 1287 488 1355 sub
510 1286 696 1376 adoptantis
723 1297 885 1375 potestate
905 1300 1115 1378 permaneam

176 1400 255 1450 nan.
289 1401 349 1448 un.
382 1381 422 1450 de
453 1379 593 1470 (loquat.
626 1381 719 1468 leq,
755 1381 790 1448 L.
827 1379 872 1448 tt
906 1382 939 1449 h.
974 1384 1014 1452 de
1048 1382 1117 1452 ritu

179 1484 278 1564 nupt.
316 1471 350 1543 Si
388 1494 468 1561 ergo
502 1475 649 1543 solvatur
668 1473 774 1563 patria
796 1486 965 1563 potestas,
987 1477 1037 1545 rel
1057 1498 1118 1566 per

176 1579 321 1637 mortem
340 1569 455 1656 patris,
480 1569 530 1637 vel
546 1589 611 1656 per
637 1568 935 1657 emancipationem
960 1570 1021 1638 frtii
1043 1571 1118 1639 ado·

174 1660 281 1750 ptivi,
311 1661 378 1730 sire
408 1661 468 1731 filii
491 1663 657 1744 earnalis,
693 1674 800 1731 cessat
819 1663 1114 1753 impedimentum.

174 1754 327 1825 Disertus
346 1754 409 1824 hae
429 1755 463 1823 in
484 1777 520 1824 re
541 1767 591 1824 est
624 1767 729 1825 textus
749 1757 784 1823 iu
809 1757 1008 1845 §intereos
1029 1758 1110 1828 iust.

177 1850 219 1919 de
235 1840 370 1941 Nuptiis
386 1873 400 1915 a
419 1849 545 1938 siquae
561 1870 621 1939 per
634 1848 844 1938 adoptionem
858 1871 953 1920 soror
967 1851 1026 1920 tibi
1043 1872 1114 1921 esse

174 1943 337 2033 coeperit,
349 1952 382 2010 et
398 1942 517 2012 deinde
531 1943 582 2025 vel
596 1943 678 2031 ipsa,
690 1944 740 2010 rel
758 1954 792 2011 tn
808 1945 1034 2034 emancipatus
1046 1946 1116 2014 fue·
1203 1971 1206 1980 ’

174 2037 234 2121 ris,
256 2036 342 2106 nihil
359 2047 409 2105 est
428 2036 665 2125 impedimento
679 2036 805 2125 nuptiis
822 2036 909 2105 inter
926 2048 959 2107 te
973 2050 1005 2106 et
1023 2038 1114 2107 ittam

177 2130 401 2201 eelehrandis.
420 2155 435 2196 s
470 2130 560 2211 Quae
592 2151 669 2198 cum·
686 2131 730 2197 ita
750 2130 840 2213 sint,
862 2130 925 2199 iam
943 2142 1034 2220 patet
1052 2130 1116 2200 hoo

179 2224 423 2314 impedimento
438 2224 590 2294 infideles
606 2245 673 2293 non
692 2222 801 2312 ligari,
825 2224 851 2291 si
870 2224 944 2312 lege
965 2222 1049 2291 civili
1070 2224 1117 2293 nil

142 2321 146 2328 '
177 2327 342 2389 statutum
361 2316 415 2401 sit,
431 2318 563 2388 fidelem
581 2331 693 2387 autem
709 2329 860 2407 respectu
879 2316 1021 2387 infidelis
1036 2317 1118 2387 irre·

176 2414 250 2482 tiri.
271 2412 305 2481 Si
323 2411 468 2481 infidelis
488 2433 620 2482 eausam
642 2412 803 2501 posuerit,
827 2424 976 2501 tempore
998 2411 1117 2481 infide·

173 2506 290 2591 litatis,
308 2507 342 2575 e‘t
360 2506 480 2576 deinde
496 2506 692 2595 religionem
715 2502 929 2574 christianam
950 2507 1115 2595 amplexa-

174 2611 229 2669 tus
249 2599 374 2683 fnerit,
399 2600 545 2688 proiecto
566 2599 814 2669 matrimonium
842 2601 1038 2669 contrahere
1057 2620 1115 2669 ne·

175 2694 289 2783 quiret
307 2692 469 2777 validum,
493 2694 616 2782 absque
634 2694 878 2782 dispensatione
898 2715 998 2783 super
1011 2694 1115 2783 impe·

175 2790 326 2856 dimento
340 2788 546 2874 cognationis
566 2787 694 2875 legalis:
713 2807 789 2854 narn
807 2788 885 2855 licet
897 2787 1115 2876 impedimen·

176 2893 245 2950 tum
268 2881 335 2949 hoo
353 2901 420 2949 non
441 2881 563 2950 officiat
583 2881 742 2949 validi‘tati
763 2880 966 2949 matrimonii
988 2882 1021 2948 in
1039 2880 1115 2949 inst·

176 2974 313 3043 delitare
340 2974 523 3056 contracti,
549 2974 657 3044 obstat
687 2986 797 3044 tamen
827 2974 898 3041 eins
924 2974 1051 3057 valori,
1086 2973 1113 3042 si

164 3078 249 3155 ,post
281 3067 484 3155 baptismum
504 3068 635 3137 ineatur
655 3067 921 3136 matrimonium.

219 3159 373 3240 Quatuor
390 3172 500 3228 antem
522 3162 607 3231 eirea
628 3162 722 3242 haee,
742 3180 827 3249 quae
847 3158 1007 3241 diximus,
1032 3157 1114 3225 erei-

178 3253 242 3321 tari
263 3266 404 3344 possunt
425 3254 537 3323 dubia.
560 3254 709 3322 Primum
742 3253 821 3321 itlnd
843 3264 916 3336 est,
939 3252 978 3320 ad
1012 3271 1112 3341 quern

177 3367 282 3438 usque
307 3348 446 3436 gradum
469 3349 621 3437 cognatio
650 3347 767 3436 legalis
790 3344 1038 3414 matrimonium
1060 3345 1110 3413 di-

177 3440 275 3511 rimat
296 3441 330 3509 in
351 3440 437 3509 linea
457 3443 564 3534 reeta?
579 3441 716 3522 Quidam
737 3440 1013 3530 impedimentum
1033 3439 1112 3508 diri·

178 3555 269 3605 mens
289 3535 323 3607 in
356 3534 522 3604 infinitum
542 3535 693 3628 protrahi
720 3535 754 3604 in
775 3535 889 3604 eadem
916 3534 1003 3602 linea
1021 3544 1109 3600 reeta

276 3670 315 3719 De
334 3666 495 3721 Matrimonia
976 3669 1004 3715 tr
