2642 4175
248 365 291 423 72
596 378 698 425 carun
714 379 737 423 t.

201 489 386 549 sumentes
406 478 519 548 datum
536 488 735 546 censeantur
750 476 934 546 extendisse
950 476 991 545 ad
1011 496 1137 556 cusum,

202 593 269 662 quo
283 573 360 641 talia
380 571 629 662 superveniunt.
647 568 681 639 Si
698 582 896 640 censeantur
913 570 952 639 ad
972 569 1136 640 eiusmodi

202 686 316 735 casum
337 666 532 749 extendisse,
554 664 718 754 sponsalia
739 684 806 733 non
825 665 1010 747 solvuntur3
1029 663 1137 733 sinon

201 770 399 829 censeantur
419 759 614 841 extendisse,
636 758 812 828 dicendum
833 758 989 847 estquod
1008 758 1138 827 solvam

202 864 269 921 tur.
289 875 303 918 i

621 1073 717 1166 pse.

353 1232 398 1290 lla
418 1231 621 1289 dissolutione
639 1245 697 1301 per
715 1230 988 1301 dtspuauuttonan.

262 1409 412 1499 Denique
438 1410 611 1480 solvuntur
638 1409 804 1500 sponsalia
833 1430 893 1499 per
921 1408 1143 1497 dispensatio-

203 1522 278 1572 nem
298 1556 307 1586 ,
330 1524 416 1593 quaa
436 1513 546 1573 tamen
567 1525 584 1572 a
607 1504 678 1573 solo
705 1503 864 1574 Pontifica
885 1503 1033 1573 Romano
1063 1522 1144 1572 con·

203 1595 343 1666 ceditur.
366 1595 537 1686 Sponsalia
557 1598 646 1667 enim
665 1609 743 1668 sunt
755 1597 807 1667 ius
819 1596 920 1667 tertio
938 1595 1142 1686 quaesitum,

203 1689 293 1778 quod
312 1690 423 1760 nullus
437 1703 569 1781 praeter
588 1690 788 1781 Supremam
803 1689 991 1780 Principem
1010 1690 1145 1759 auferre

203 1793 323 1870 potest.
347 1784 435 1854 llaec
455 1797 565 1856 autern
586 1796 732 1875 potestas
749 1784 932 1873 explicatur
949 1804 967 1852 a
984 1782 1145 1853 Pontifice

206 1875 248 1943 cb
267 1896 381 1948 causas
400 1878 559 1948 duntaxat
589 1880 691 1948 iustas
718 1888 818 1967 atque
841 1898 968 1965 graves
996 1877 1095 1967 quin,
1116 1877 1144 1945 si

204 1970 370 2057 sponsalia
398 1971 586 2041 iuramento
607 1971 735 2040 munita
761 1972 905 2055 fuerint,
932 1969 1147 2059 gravissimae

205 2082 335 2149 causae,
366 2086 454 2156 quae
475 2065 600 2135 honum
619 2065 790 2156 publicum
811 2064 1012 2155 respiciant,
1035 2065 1075 2134 ad
1095 2064 1147 2133 di·

206 2159 426 2247 spensandum
448 2160 671 2250 postulantur.

622 2382 639 2471 §
654 2379 713 2449 dd.

238 2538 283 2595 Ite
300 2535 487 2595 autumnate
509 2535 622 2595 iudicis
637 2537 672 2593 la
688 2537 878 2608 sponsalium
897 2507 1111 2595 nucleorum.

249 2711 357 2781 Unum
378 2724 530 2802 superest
550 2714 804 2805 inquirendum,
828 2736 869 2785 an
889 2715 1016 2786 scilicet
1029 2715 1069 2783 ad
1082 2717 1151 2785 sol·

203 2805 308 2874 venda
335 2807 500 2896 sponsalia
528 2809 571 2878 ob
595 2829 711 2878 causas
742 2809 903 2898 expositas
928 2808 1092 2878 sententia
1112 2823 1149 2879 et

205 2899 384 2970 auctoritas
420 2899 543 2970 iudicis
571 2902 758 2971 necessaria
790 2902 860 2972 sit‘l
891 2926 907 2985 a
938 2900 1147 2972 Generaliter

204 2989 269 3059 dici
291 3004 417 3081 potest,
441 2993 487 3065 ait
512 2994 676 3064 Navarrus
697 2995 841 3065 denual.
859 3016 934 3084 cap.
955 2992 995 3078 2,
1018 3014 1052 3063 n.
1072 2993 1144 3080 28,

205 3085 294 3194 quod
316 3085 351 3154 in
369 3088 463 3157 nullo
480 3108 569 3172 casu,
589 3087 622 3157 in
641 3110 707 3178 quo
724 3109 821 3159 causa
841 3087 988 3158 solvendi
1009 3108 1147 3178 sponsu·

203 3178 499 3265 lraestmnnilesta,
514 3183 699 3272 tamquaad
717 3182 902 3264 veritatem,
918 3202 1020 3271 quam
1034 3183 1144 3270 quoad
1184 3245 1189 3251 ,

204 3270 389 3357 iustitiam,
424 3275 592 3364 praedicta
625 3275 792 3346 Ecclesiae
825 3275 1005 3345 aucturitas
1033 3275 1148 3365 requi·

204 3363 302 3448 nitur,
324 3367 402 3456 quia
430 3368 508 3437 talia
546 3366 588 3438 ab
618 3369 689 3458 ipso
720 3369 793 3439 iure
810 3369 1078 3439 dissoluuntur.»
1097 3368 1146 3438 ab

205 3455 268 3526 hac
281 3460 396 3547 regula
410 3461 557 3549 generali
571 3461 739 3547 Doctores,
758 3463 816 3554 qui
833 3462 982 3534 sentiunt
997 3481 1072 3530 cum
1085 3461 1148 3530 Nu·

204 3569 313 3636 varro,
340 3554 508 3644 excipiunt
525 3575 659 3641 casum,
687 3578 754 3647 quo
774 3554 1143 3647 praesentaneum,
