2642 4175
281 349 324 405 50
623 358 726 403 carun
743 358 766 401 1.

234 460 353 529 accidit
379 459 412 526 in
430 455 655 538 matrimonio,
673 455 760 544 quod
776 466 883 548 potest
908 475 980 524 esse
998 456 1140 525 validum
1158 510 1166 537 ,

231 552 382 642 ,quamvis
396 572 463 620 non
477 550 616 619 licitum.
631 549 733 618 Cuius
750 549 885 637 quidem
902 547 1103 618 discriminis
1115 572 1168 618 ra·

208 669 217 692 v
232 646 327 716 ticin
346 666 384 715 eo
399 644 503 734 posita
520 654 588 724 est,
606 643 695 731 quod
715 642 912 729 sponsaliae
930 642 1058 730 nuptiis
1075 643 1167 712 dille·

232 751 309 808 rant
321 761 387 808 non
407 739 513 806 solum
529 737 684 816 nomine,
701 735 873 804 sedetiam
891 747 1022 819 natura,
1039 735 1118 819 fine,
1135 750 1168 806 et

150 893 153 898 ,
233 832 416 915 ellectibns3
427 829 764 920 siquidemsponsalia
774 827 993 915 perficiuntur
1003 829 1166 917 pactione,

233 947 293 995 seu
314 924 560 1016 promissione,
581 923 622 991 do
642 922 754 990 futuro
774 921 1008 1002 matrimonio,
1032 922 1167 1014 nuptiae

233 1019 397 1107 praesenti
430 1016 630 1097 traditione,
653 1015 922 1095 cohabitatione,
946 1026 979 1082 et
997 1015 1164 1084 individua

233 1112 319 1182 vitae
340 1112 521 1191 societate;
544 1108 792 1177 matrimonium
820 1120 870 1176 εει
902 1105 1163 1191 Sacramentum,

231 1206 397 1293 sponsalia
417 1225 483 1272 non
502 1203 595 1284 item;
617 1201 698 1268 illud
719 1213 769 1270 εει
788 1200 1003 1270 irrevocabile
1021 1214 1054 1270 et
1067 1202 1167 1271 indis

235 1299 389 1380 solubile,
411 1294 577 1385 sponsalia
598 1294 744 1364 revocari
765 1306 797 1361 et
816 1294 947 1363 dissolvi
968 1307 1116 1383 possunt.

277 1390 398 1459 Verum
418 1389 497 1456 huic
516 1387 664 1475 opinioni
687 1408 752 1455 non
785 1386 918 1475 penitus
946 1388 1163 1457 assentimur.

231 1483 269 1551 ln
287 1483 402 1573 primis
420 1503 503 1570 poue
518 1488 632 1549 contro
652 1481 704 1548 ins
718 1482 814 1568 fiunt,
831 1481 944 1548 debean
960 1503 1023 1569 pro
1036 1482 1165 1568 insectis

230 1577 344 1644 heberi
364 1575 478 1663 regula
497 1574 662 1663 generalis
679 1586 739 1656 est,
760 1595 845 1662 quae
861 1575 901 1642 ad
919 1586 1011 1643 actus
1023 1586 1100 1660 tum
1116 1596 1166 1645 re-

231 1669 407 1751 vocabiles,
425 1667 613 1737 tumeliam
632 1667 866 1736 irrevocabiles
882 1667 1051 1756 pertinet,
1074 1667 1164 1737 eins·

231 1785 297 1851 que
317 1783 433 1831 sensus
453 1773 523 1844 est,
552 1782 608 1829 eos
629 1773 732 1844 actus,
756 1760 813 1850 qni
834 1773 949 1830 contra
969 1761 1077 1847 legem
1092 1782 1167 1849 pro·

231 1855 400 1924 bibentem
418 1855 518 1923 simul
537 1867 570 1925 et
587 1855 774 1923 irritantem
787 1854 1020 1934 admittuntur,
1037 1855 1164 1925 nullius

230 1949 390 2017 momenti
411 1961 444 2017 et
463 1948 595 2017 roboris
609 1968 692 2031 esse,
716 1947 853 2036 perinde
875 1968 914 2015 ac
934 1949 961 2015 si
980 1969 1163 2036 numquam

231 2043 314 2130 gesti
335 2042 488 2112 fuissent.
511 2044 551 2110 Αι
569 2062 647 2112 vero
665 2053 770 2125 actus,
802 2040 859 2130 qui
887 2054 1032 2129 aguntur
1047 2055 1163 2112 contra

232 2137 340 2225 legem
361 2148 488 2206 tantum
511 2136 758 2224 prohibentem,
786 2136 843 2203 sed
868 2156 938 2213 ¹novt
958 2135 1057 2204 etiarn
1080 2136 1160 2203 irri-

230 2240 366 2311 tantem,
388 2231 497 2299 nullns
517 2240 552 2297 et
566 2229 727 2297 invalidos
742 2250 825 2311 esse,
848 2249 958 2318 neque
978 2230 1093 2316 regula
1107 2251 1164 2297 ex·

230 2323 342 2410 plicat,
364 2343 475 2410 neque
489 2323 576 2409 apud
596 2321 753 2390 Doctores
773 2335 980 2411 compertum
1002 2336 1063 2406 est,
1085 2344 1161 2391 cum

231 2416 339 2485 adhuc
356 2415 391 2482 in
410 2415 511 2482 dubio
529 2414 674 2502 positum
693 2414 746 2498 sit,
767 2428 879 2484 utrum
898 2428 1002 2498 actus,
1017 2416 1075 2504 qni
1089 2417 1164 2504 lege

230 2507 391 2593 prohibiti
410 2519 489 2576 sunt
508 2508 550 2574 ob
575 2527 647 2574 eam
678 2528 810 2577 causam
845 2508 932 2576 irriti
964 2509 1080 2577 haberi
1109 2512 1164 2578 de·

229 2600 340 2668 beant.
362 2598 440 2667 lure
454 2598 589 2687 quidem
609 2601 708 2685 civili,
725 2613 758 2670 et
777 2601 974 2690 praesertim
993 2602 1027 2668 L.
1050 2599 1159 2670 hond.

231 2694 271 2760 de
288 2693 368 2779 Leg.
389 2692 471 2761 haec
489 2694 660 2780 leguntur:
687 2694 763 2763 clla
787 2715 873 2783 quae
894 2697 967 2782 lege
990 2695 1063 2763 lieri
1084 2717 1163 2783 pro-

230 2784 416 2867 hibentur,
443 2785 469 2853 si
494 2786 618 2856 luerint
638 2788 744 2869 facta,
767 2806 834 2856 non
866 2789 972 2857 solum
1007 2788 1161 2867 inutilia,

230 2877 287 2944 sod
308 2899 367 2966 pro
388 2878 518 2947 infectis
539 2880 637 2948 etiam
659 2880 842 2964 habentur,
864 2882 943 2949 licet
976 2881 1160 2969 Legislator

231 2969 304 3041 fieri
322 2971 531 3059 prohibuerit
550 2984 701 3054 tantum,
727 2994 788 3043 nec
821 2975 1009 3063 specialiter
1042 2975 1161 3043 dixerit

232 3063 349 3135 inutile
382 3086 454 3135 esse
485 3066 607 3134 dehere
630 3068 719 3154 quod
750 3068 872 3136 lactum
902 3080 1001 3138 est.»
1039 3067 1161 3137 Verum

231 3158 312 3226 haec
340 3159 402 3241 lex,
422 3180 508 3247 quae
529 3158 728 3248 interpretes
747 3173 850 3242 vexat,
873 3183 890 3229 a
911 3161 987 3230 lure
1003 3162 1161 3231 canonico

230 3263 377 3325 correcta
392 3265 452 3333 est,
474 3253 553 3319 dum
571 3252 785 3322 Innocentius
801 3255 857 3336 lll,
880 3275 952 3344 cap.
974 3253 1018 3322 to
1041 3257 1082 3322 de
1098 3255 1162 3324 Re·

229 3344 301 3429 gul.
320 3344 443 3412 diserte
464 3347 741 3435 pronuntiaverit:
773 3348 902 3416 cllulta
922 3347 1158 3436 prohibentur,

231 3448 316 3522 quae
337 3437 363 3503 si
380 3437 465 3506 lacta
480 3438 607 3507 luerint
625 3440 755 3509 roboris
766 3441 917 3510 obtinent
930 3441 1158 3510 firmitatemv

230 3527 335 3615 lgitur
355 3532 539 3618 sponsalia,
569 3532 680 3602 invitis
701 3536 904 3623 parentibus,
928 3536 1023 3619 facta,
1047 3555 1162 3603 cuma
