2642 4175
302 321 367 379 238
637 329 741 376 oaru‘r
756 330 803 373 nr.

252 431 349 516 xerit,
368 428 457 520 quod
478 448 496 495 a
515 427 682 516 praesenti
702 438 851 515 tempore
883 427 1117 517 prohibemns,
1141 431 1196 498 ita

206 595 208 598 ,
254 547 292 595 ea
313 544 398 614 quae
418 531 497 592 sunt
528 520 677 589 anterius
696 520 857 603 instituta,
884 540 949 590 uon
979 521 1193 600 solvimus.»

251 616 405 689 Concinit
423 613 608 685 Concilium
628 613 866 682 Aurelianense
882 612 926 682 lll
939 635 1013 685 can.
1035 613 1095 684 ld.
1116 615 1195 685 lam

253 710 378 780 verosi
400 707 589 777 huiusmodi
611 707 763 795 coniugia
784 707 858 795 lege
886 706 1029 776 naturali
1049 708 1195 779 dirime·

253 816 383 887 rentur,
406 815 476 872 tum
498 801 624 883 fideles,
648 800 830 869 tumeliam
850 800 1001 870 infideles
1018 801 1195 872 lidemca·

254 897 411 966 tbolioam
433 894 587 984 amplexi,
610 894 689 983 quia
715 893 781 981 legi
802 895 946 963 naturali
965 893 1124 979 subsunt,
1144 896 1194 965 ab

254 988 445 1060 huiusmodi
471 988 630 1057 uxoribus
654 987 831 1076 separandi
859 987 994 1057 omnino
1030 987 1190 1059 luissent.

252 1083 363 1153 Nihilo
382 1095 494 1152 tamen
514 1081 623 1149 minus
635 1080 709 1150 eius
726 1080 859 1168 generis
877 1080 1085 1151 matrimonia
1102 1082 1194 1153 adeo

253 1176 427 1246 inhonesta
448 1184 577 1245 suntet
601 1173 782 1257 indecora,
805 1186 843 1245 ut
870 1174 999 1243 nullum
1023 1185 1126 1248 exstet
1153 1196 1195 1244 e-

252 1270 420 1358 xemplum
443 1268 731 1358 dispensationum=
748 1288 849 1357 super
867 1268 1031 1338 similibus
1061 1269 1194 1358 nuptiis

252 1363 419 1443 ineundis,
441 1360 590 1450 quamvis
610 1360 750 1430 Romani
770 1360 945 1430 Pontifices
976 1361 1102 1451 pluries
1134 1384 1195 1430 ro·
1228 1361 1233 1364 ⁴

252 1456 322 1543 gati
341 1454 476 1523 luerint.
509 1452 588 1521 Vide
607 1451 739 1541 Riganti
769 1454 956 1525 Comment.
987 1454 1021 1523 in
1047 1475 1119 1545 reg.
1140 1454 1194 1524 49

253 1549 349 1633 liam,
371 1547 451 1617 Ben.
474 1546 540 1614 xlv
561 1548 602 1615 de
623 1545 702 1637 Syn.
725 1546 838 1617 Ilioec.
862 1547 886 1614 l.
907 1546 940 1631 9,
964 1569 993 1616 c.
1016 1545 1074 1618 13.

287 1703 325 1755 Ex
342 1705 438 1772 quibus
462 1705 499 1756 sic
517 1703 637 1756 deductis
649 1705 726 1757 statui
746 1713 830 1772 potest
854 1705 882 1756 l⁰
896 1705 1042 1759 affinitatem
1055 1723 1107 1759 non
1123 1723 1197 1761 con-

251 1784 358 1837 stituere
371 1785 584 1854 impedimentum
603 1785 757 1836 matrimonii
770 1785 853 1853 quoad
873 1786 1000 1851 infideles,
1012 1787 1058 1855 qni
1071 1796 1196 1854 tempore

253 1861 415 1914 infidelitatis
437 1869 631 1922 contraxerunt,
649 1859 766 1929 adeoque
781 1871 839 1930 puat
850 1878 939 1914 eorum
952 1863 1157 1927 conversionem,
1174 1866 1197 1916 si

253 1937 355 1990 nullum
378 1936 449 1990 aliud
474 1937 541 1989 adsit
561 1935 783 2004 impedimentum,
804 1938 964 1990 connubium
977 1938 1091 1991 validum
1108 1956 1199 1992 rema·

253 2029 317 2066 arere
334 2029 382 2065 nee
398 2013 513 2076 dissolvi,
531 2022 576 2064 aut
594 2012 701 2066 irritari.
725 2012 755 2064 2⁰
776 2012 907 2065 affinitatis
923 2013 1106 2082 impedimento
1123 2013 1198 2067 deti-

254 2090 312 2141 neri
330 2089 471 2152 infidelem,
488 2090 534 2157 qui
548 2099 605 2157 post
626 2087 750 2157 baptismo
769 2089 960 2142 matrimonium
985 2090 1112 2143 contrabit
1128 2109 1197 2146 cum

254 2166 452 2234 consanguineis
461 2168 538 2217 etiam
549 2163 697 2216 infidelibus
708 2182 832 2233 personae
845 2183 890 2235 per
899 2166 1198 2235 copul-maimbertum,

253 2245 310 2296 sive
328 2244 444 2295 illicitam
462 2243 582 2310 cognitae
606 2251 722 2309 tempore
747 2242 917 2306 infidelitatis,
933 2242 1060 2311 siquidem
1073 2242 1198 2309 affinitas,

254 2337 333 2389 quae,
357 2319 469 2370 durante
493 2316 656 2381 infidelitate,
682 2319 763 2371 aalori
781 2318 937 2372 matrimonii
954 2318 1025 2371 baud
1041 2317 1198 2385 obsistebat,

195 2394 207 2415 '
255 2412 302 2464 per
323 2395 479 2462 baptismum
505 2392 719 2461 impedimentum
745 2395 869 2447 dirimens
886 2393 1199 2451 fit.lliscedeaffinitate

255 2470 424 2523 antecedente
448 2470 578 2537 expositis,
602 2479 680 2523 restat
704 2488 774 2524 nunc
798 2481 826 2524 ul
848 2481 967 2525 notemus
982 2489 1029 2540 per
1047 2470 1198 2527 affinitatem

255 2547 482 2615 supervenientem
506 2563 557 2599 non
579 2547 684 2599 dissolvi
708 2549 901 2601 matrimonium
925 2557 1104 2613 eoritractnur,
1124 2552 1200 2619 quod

256 2623 302 2674 nbi
327 2623 441 2689 legitime
462 2623 541 2675 suerit
565 2633 771 2677 consommalum
795 2627 848 2678 sola
874 2634 955 2678 morte
973 2627 1064 2695 perimi
1082 2628 1151 2679 inter
1166 2631 1201 2681 fi-

256 2698 328 2750 deles
349 2700 438 2766 possit.
464 2700 532 2752 llaec
560 2701 690 2765 affinitas,
716 2719 783 2770 quae
807 2704 971 2756 matrimonio
995 2704 1045 2755 iam
1063 2714 1201 2759 contracto

256 2775 505 2842 snperveuil,rcum
529 2778 615 2844 privat
638 2778 694 2830 iuro
712 2778 815 2846 petendi
838 2777 1080 2848 dobitnm‚qnanda
1101 2784 1202 2851 capula

256 2851 356 2903 exstitit
368 2869 428 2904 cum
441 2869 548 2921 persona
563 2854 589 2904 in
603 2855 686 2923 primo
704 2856 746 2906 vel
764 2854 879 2907 secundo
895 2854 981 2922 gradu
997 2858 1102 2927 coniugi
1119 2860 1201 2913 alteri

256 2929 462 2995 consanguinea,
475 2938 501 2980 et
513 2946 593 2996 quum
608 2930 672 2982 baec
685 2931 796 2999 privatio
808 2931 895 2998 polius
907 2947 1014 2999 poenae,
1028 2949 1104 3002 quam
1117 2935 1199 2988 inha-

258 3003 367 3057 bilitatis
380 3015 501 3058 naturam
519 3005 622 3069 induat,
637 3007 689 3059 dici
702 3017 788 3076 potest
805 3007 875 3059 baud
893 3008 1002 3071 incurri,
1020 3011 1041 3060 si
1057 3009 1125 3061 adsit
1140 3020 1201 3065 tum

258 3079 402 3147 ignorantie
421 3082 504 3145 lacti,
527 3089 584 3133 tum
608 3081 777 3150 probabiliter
802 3083 880 3134 etiam
902 3083 987 3147 iuria,
1007 3084 1040 3135 de
1061 3102 1113 3153 qua
1137 3085 1201 3138 ride

255 3155 287 3207 S.
307 3156 469 3224 Alpbonsum
486 3157 519 3210 de
543 3157 650 3226 Lignori
671 3161 690 3213 Ι.
711 3164 737 3223 6,
760 3176 787 3227 p.
808 3162 970 3224 loll-loto,
989 3169 1014 3212 el
1031 3161 1118 3215 Tract.
1140 3163 1202 3216 lle-

257 3232 340 3284 chlin.
359 3251 387 3302 p.
407 3239 466 3288 137.
