2642 4175
509 363 672 409 urrunnu
691 365 713 409 1.
964 353 1031 411 teu

140 455 221 539 sed,
239 475 280 525 ex
299 457 407 531 crusis
426 458 653 546 praelusionis5⁴
673 459 859 540 lufirmari,
885 482 925 531 uo
944 461 1077 551 perimi.

141 548 268 621 ditatus
288 562 354 619 art.
376 549 446 620 105
465 553 548 622 dues
572 552 804 642 complectitur
829 554 1079 644 paragraphus,

139 641 177 713 in
195 663 338 732 quarum
358 645 462 717 altera
482 645 524 714 de
543 644 706 717 libertatis
727 646 859 717 delectu
885 648 920 717 in
944 668 1080 721 cuum

141 753 179 813 ru
203 737 407 823 promotior,
438 736 472 806 in
493 738 595 811 altma
616 758 693 808 raro
711 739 754 809 da
773 759 934 827 personae
964 761 1079 811 errore

140 828 313 916 malatina
331 850 441 903 sermo
460 829 658 901 instituitur.
675 831 720 900 lla
734 842 877 921 utroque
890 832 1005 922 itnque
1021 834 1082 905 im·

20 1010 22 1021 .
142 920 1076 1013 pedimeutodistinctimnoseparatimdisserendumest.

20 1076 22 1093 ,
188 1012 305 1094 Quoad
337 1015 481 1104 primum
514 1016 663 1087 dicitur:
700 1017 733 1086 ll
770 1019 982 1086 matrimonio
1013 1021 1083 1106 pud

20 1108 22 1163 f
139 1126 242 1177 mere
259 1108 453 1197 imponunto
471 1110 515 1178 du
533 1109 641 1198 puello
670 1110 758 1197 dupli
775 1110 886 1198 spati,
906 1110 959 1178 dcl
984 1111 1082 1199 quote

140 1219 209 1269 non
224 1200 279 1268 eiu
296 1209 381 1271 stolo
401 1190 501 1271 libero
519 1202 547 1270 il
564 1223 727 1272 amscnno.
761 1201 865 1271 Porro
894 1221 993 1272 namo
1012 1214 1078 1285 est,

143 1292 203 1380 uui
225 1313 293 1362 non
313 1295 423 1364 ridant
441 1296 549 1384 legem
569 1295 660 1383 loqui
684 1296 717 1364 in
737 1314 872 1384 genere,
892 1305 925 1365 et
943 1315 1081 1365 consan-

20 1410 22 1419 ’
142 1405 199 1457 rus
219 1385 407 1458 libertatem
428 1387 625 1477 simpliciter
644 1387 678 1457 in
698 1387 912 1457 matrimonio
933 1408 1082 1477 exposce·

142 1498 193 1547 re.
216 1478 264 1547 Er
284 1501 352 1569 quo
372 1481 585 1553 manifestum
606 1480 655 1565 fit,
680 1492 716 1550 ut
736 1481 905 1571 quaelibet
921 1501 1019 1551 causa
1040 1481 1081 1551 ad

142 1570 331 1643 libertatem
351 1593 532 1645 consensus
552 1573 586 1643 in
606 1575 747 1647 metaris
771 1575 1008 1658 contractibus,
1022 1585 1082 1645 aut

143 1664 406 1737 labefactandam
424 1666 574 1749 omuino,
594 1680 651 1738 aut
670 1668 765 1738 valde
783 1669 962 1739 admodum
976 1667 1083 1738 immi·

143 1758 312 1829 nuendum
331 1759 510 1844 sufficiens,
527 1761 674 1849 prolecto
691 1772 808 1850 potans
826 1783 925 1851 quam
941 1762 1084 1831 murima

142 1850 197 1932 sit,
214 1861 253 1919 ut
270 1852 455 1929 affirmetur
477 1873 674 1923 consensum
697 1855 730 1922 iu
753 1853 1003 1926 matrimonium
1020 1874 1083 1924 uec

20 1926 22 1951 '
144 1942 387 2028 deliberatum,
409 1967 472 2016 neo
490 1946 633 2019 liberum
654 1946 830 2016 exstitisse.
853 1947 1079 2035 Aliquorum,

20 2050 22 2134 ξ
145 2057 251 2128 eaque
267 2057 334 2118 nou
355 2039 446 2129 parvi
467 2039 639 2123 momenti,
662 2059 749 2129 quaa
778 2039 812 2108 in
846 2038 1017 2124 medium,
1041 2040 1083 2109 da

144 2130 206 2200 bac
224 2151 273 2215 re,
298 2133 449 2221 prolerre
469 2132 677 2223 superfluum
695 2152 762 2202 nou
781 2132 858 2202 erit.
1153 2135 1156 2142 ’

188 2224 299 2313 Atque
318 2224 403 2298 illud
421 2226 456 2296 iu
477 2225 596 2316 primis
615 2225 793 2295 dicendum
811 2235 873 2307 est,
889 2222 977 2294 inter
990 2244 1083 2313 praa·

144 2315 259 2406 ripuus
289 2338 430 2402 causas,
453 2319 576 2409 quibus
608 2317 858 2388 matrimonium
894 2337 931 2386 er
951 2318 1082 2387 delectu

144 2408 309 2482 libertatis
328 2411 526 2497 dirimitur,
552 2412 616 2482 uim
648 2411 829 2482 accenseri.
852 2410 905 2480 Vis
923 2410 1080 2500 duplata

145 2502 347 2592 iurisperitis
381 2517 415 2578 et
446 2504 626 2575 canonistis
643 2504 885 2594 distinguitur:
918 2504 1080 2588 amatura,

21 2685 22 2688 Ἴ
145 2616 231 2684 qnae
252 2596 398 2668 liberum
419 2617 617 2670 muccosum
643 2598 781 2669 omuino
800 2598 897 2684 tollit,
919 2608 952 2669 et
969 2598 1081 2668 mndi-

21 2707 23 2778 ξ
145 2690 284 2774 tinnula,
307 2711 396 2779 quae
415 2711 481 2761 non
503 2692 613 2762 dillart
639 2712 658 2762 a
684 2703 799 2775 matu,
820 2712 881 2764 sau
901 2690 1012 2781 potius
1030 2702 1083 2761 est

21 2795 22 2800 ’
143 2782 236 2854 illius
266 2784 486 2870 correlative,
507 2785 585 2875 quin
605 2784 652 2855 vis
673 2784 903 2854 consideratur
935 2783 969 2851 in
996 2784 1079 2853 inle-

144 2887 239 2948 reule
260 2887 398 2959 metum,
414 2889 522 2949 metus
539 2888 651 2948 autom
672 2877 706 2944 iu
728 2876 875 2965 patienta
890 2875 970 2945 rim.
985 2875 1079 2946 Unde

143 2968 190 3040 ris
207 2968 458 3055 conditionata,
482 2980 515 3041 ot
541 2982 649 3040 metus
668 2967 858 3038 indistincte
886 2965 1075 3038 adhibetur.

22 3073 24 3080 ’
139 3062 209 3136 Nus
229 3082 297 3132 non
318 3062 488 3153 loquimur
503 3064 545 3133 de
564 3063 593 3133 vi
613 3062 776 3144 absoluta,
797 3080 857 3131 seu
877 3060 918 3129 de
936 3058 1079 3132 coactio

22 3163 23 3198 ³
141 3174 184 3226 ua
200 3155 406 3240 omnimoda,
428 3168 461 3226 at
481 3155 645 3247 corporali
666 3173 828 3246 personae
848 3152 1023 3224 reluctanti
1042 3152 1079 3221 il·

22 3279 24 3310 ;
142 3248 221 3332 lata,
241 3269 346 3338 quum
366 3249 616 3323 matrimonium
637 3269 699 3339 per
717 3246 909 3318 huiusmodi
926 3244 990 3316 vim
1003 3264 1079 3316 con

142 3350 284 3412 tractum
306 3343 397 3413 omni
418 3344 492 3414 iure
524 3344 653 3414 nullum
675 3363 714 3412 ao
733 3340 866 3412 irritam
888 3359 959 3410 asse
978 3357 1079 3410 nemo

140 3454 207 3503 uon
227 3433 404 3525 intelligat.
429 3436 613 3528 loquimur
631 3436 744 3526 itaque
764 3436 804 3504 de
822 3433 851 3501 ui
872 3431 1077 3502 conditiona-

140 3537 185 3612 ta,
198 3548 265 3600 seu
282 3529 325 3600 de
343 3540 459 3614 matu,
480 3529 540 3621 qui
569 3550 636 3604 non
656 3548 788 3600 omnem
810 3527 922 3599 aufert
940 3526 1076 3598 liberta·
