2642 4175
371 335 415 378 un
436 334 671 381 rnrnnntnnrrs
689 333 887 379 unranromr
984 318 1047 377 133

69 424 73 429 ’
154 453 234 501 nem
257 430 330 499 iure
350 431 493 499 naturali
530 444 562 502 et
591 430 700 501 divino
720 443 832 501 votnm
856 430 1097 501 observandum

151 536 221 595 est.
237 529 285 610 dt
305 524 495 593 huiusmodi
514 537 588 594 rota
605 545 674 595 non
689 524 850 594 dirimunt
868 525 1014 614 nuptias,
1030 543 1096 592 non

152 617 249 687 enim
271 617 421 705 corporis
437 617 675 702 traditionem,
707 620 763 689 sed
782 620 886 688 sciam
906 616 1100 707 promissio·

158 731 236 779 nem
252 712 541 799 complectuntur:
573 737 587 778 r
608 712 687 781 Post
705 723 814 781 votum
835 713 973 801 simplex
990 710 1100 779 adhuc

155 814 313 873 remanet
327 805 427 873 homo
439 805 594 874 dominus
610 806 661 875 sni
680 806 840 895 corporis,
856 817 889 875 et
901 806 975 875 ideo
992 814 1101 893 potest

160 897 271 986 ipsum
291 898 370 967 dare
388 898 495 978 alteri,
514 899 639 969 scilicet
658 899 752 968 uxori
770 922 784 964 ›
801 899 848 968 ait
865 920 894 967 s.
909 898 1052 966 Thomas
1066 897 1100 964 in

160 990 195 1057 d.
219 991 297 1058 dist.
312 988 370 1072 38,
382 1003 511 1081 quaest.
526 993 560 1076 f,
579 1014 611 1061 a.
629 991 663 1060 d.
679 992 767 1061 Fieri
785 1003 903 1081 potest,
917 1003 954 1059 ut
968 989 1099 1078 aliquis,

158 1085 340 1154 contractis
374 1086 607 1175 sponsalibus,
641 1097 752 1161 votnm
784 1084 925 1154 emittat.
952 1083 1056 1152 Porro
1076 1083 1102 1149 si

134 1236 137 1241 ,
159 1190 273 1247 votum
295 1178 336 1246 ab
353 1191 496 1268 utroque
522 1181 572 1248 ref
593 1180 634 1248 ab
655 1180 759 1248 altero
779 1198 855 1246 eum
873 1196 1037 1248 consensu
1057 1177 1105 1244 af·

160 1271 269 1338 terius
296 1271 492 1355 amittatur,
513 1274 660 1363 profecto
682 1272 746 1341 iuri
766 1271 960 1362 sponsalitio
980 1288 1105 1339 renun-

157 1363 256 1431 tiatio
297 1364 450 1434 habetur.
485 1365 517 1437 Si
554 1377 666 1435 antem
707 1367 790 1435 alter
827 1377 938 1434 votum
974 1363 1104 1432 emittat

163 1457 292 1545 absque
322 1458 458 1528 alterius
479 1479 661 1543 consensu,
684 1459 846 1548 sponsalia
867 1456 1009 1527 rescindi
1031 1477 1106 1546 pos·

156 1562 255 1617 sunt.
277 1549 407 1620 Pariter
430 1552 502 1620 fieri
525 1563 642 1641 potest,
667 1552 855 1642 mulionis,
877 1560 1106 1621 consummato

45 1732 48 1739 r
163 1644 403 1726 matrimonio,
433 1646 630 1734 religionem
661 1646 882 1736 profiteatur,
910 1655 967 1714 aut
987 1642 1106 1713 Sacros

154 1738 305 1807 ordines
335 1738 519 1828 suscipiat,
546 1740 624 1807 dum
657 1741 742 1809 aiter
774 1739 892 1808 coniux
926 1739 1033 1807 libere
1053 1759 1105 1806 as·

158 1832 334 1913 sentitur,
360 1843 394 1900 et
413 1833 636 1903 continentiae
666 1844 777 1902 votnm
801 1834 834 1901 in
856 1832 989 1902 sacculo
1010 1831 1108 1899 cmit-

166 1927 218 1993 tit.
242 1924 394 2004 Quamvis
414 1926 502 1994 enim
525 1927 551 1994 si
574 1928 658 1995 aiter
684 1926 863 2015 coniugum
885 1926 964 1995 velit
982 1924 1015 1992 in
1037 1946 1109 1993 mo·

167 2018 350 2089 nasterium
369 2038 440 2087 sese
465 2018 638 2109 recipere.
662 2020 775 2109 ibique
788 2018 982 2087 solemniter
1008 2019 1111 2107 profr-

165 2113 256 2195 teri,
280 2125 338 2182 aut
364 2110 392 2180 si
411 2112 488 2181 velit
522 2113 624 2182 sacris
654 2112 833 2181 Ordinibus
855 2110 1005 2192 initiari,
1027 2110 1109 2178 idei

169 2205 317 2294 permitti
355 2206 589 2290 nordebert,
618 2205 682 2274 nisi
713 2205 798 2273 aiter
825 2222 960 2295 quoqne
994 2202 1112 2270 coniux

170 2300 276 2367 iibere
298 2299 505 2381 consentiat,
535 2311 634 2390 atque
662 2298 811 2378 habitum
841 2296 1034 2386 religiosum
1062 2316 1113 2364 as·

165 2404 307 2473 sumat,
338 2402 370 2459 et
401 2394 639 2481 professionem
673 2393 862 2481 regularem
891 2389 1043 2473 emittat,
1065 2389 1112 2458 uti

172 2488 205 2554 in
228 2484 344 2574 primis
368 2486 577 2574 perspicuum
598 2496 648 2554 est
662 2506 701 2554 ex
714 2486 878 2555 Decretal.
898 2485 972 2554 (lun
991 2501 1061 2566 sm,
1082 2497 1115 2553 et

167 2581 386 2649 Gonruanrus
423 2580 463 2647 de
504 2579 709 2650 conversion.
744 2579 935 2667 coniugat.;
969 2589 1115 2646 attamen

171 2674 199 2741 si
220 2674 305 2743 alter
324 2672 502 2759 coniugum
524 2672 648 2741 abnuat
674 2673 855 2741 solemnem
876 2669 1113 2760 professionem

173 2785 381 2853 nuncupare,
409 2765 589 2834 dnmmodo
607 2766 662 2834 hic
681 2778 853 2854 provectae
874 2764 990 2833 aetatis
1009 2764 1064 2845 sit,
1084 2776 1116 2831 et

172 2861 216 2927 ab
236 2858 327 2927 omni
350 2858 608 2927 incontinentiae
622 2859 810 2948 suspicione
823 2857 993 2941 immunis,
1012 2856 1118 2924 indui·

177 2965 274 3041 getur
295 2950 417 3033 eidem,
438 2961 474 3019 ut
494 2951 526 3019 in
548 2951 680 3021 saeculo
701 2971 835 3021 manere
856 2950 973 3040 possit,
997 2950 1117 3018 emisso

175 3059 287 3115 tamen
311 3044 452 3132 simplici
473 3055 547 3114 voto
568 3043 739 3135 castitatis.
760 3045 792 3114 Si
813 3065 889 3113 raro
910 3063 971 3113 nec
988 3043 1118 3131 ingredi

174 3141 372 3220 claustrum,
388 3157 450 3207 nec
463 3148 573 3207 votnm
589 3139 748 3209 castitatis
759 3138 792 3207 in
810 3138 944 3206 saeculo
965 3135 1119 3204 emittere

174 3233 272 3316 uelit,
310 3232 395 3300 aiter
414 3230 653 3320 professionem
679 3235 893 3320 nuncupare,
925 3239 957 3298 et
986 3228 1120 3296 ordines

178 3328 347 3416 suscipere
369 3334 496 3413 potest3
527 3327 625 3396 modo
638 3351 643 3364 =
657 3346 809 3416 compars
822 3320 1032 3392 ¹adulterium
1053 3339 1121 3391 non

177 3418 402 3500 commiserit,
425 3437 486 3486 neo
507 3417 540 3486 in
561 3419 724 3488 haeresim
741 3420 790 3487 vel
811 3415 1009 3507 apostasiam
1030 3414 1120 3504 lapsa

174 3514 231 3598 sit,
253 3514 289 3581 in
311 3530 421 3601 eaque
438 3522 512 3600 post
530 3512 746 3583 monitfoncm
767 3515 968 3601 perseveret.
985 3506 1124 3589 Quaeri-
