2642 4175
397 328 442 373 nn
458 327 693 373 mennntnnnm
713 327 910 382 nnrnmonn
1007 315 1073 376 305

181 423 332 494 Ecclesia
347 426 439 496 nulla
460 438 494 498 et
512 424 607 495 irrita
626 415 802 511 ncniecit,
824 428 936 497 lutura
957 448 1034 500 vero
1053 451 1121 502 non

181 518 330 607 amplius
349 519 490 598 valeant.
514 518 560 589 lle
587 518 810 594 matrimoniis
838 533 961 606 autem,
991 545 1078 613 quae
1101 546 1121 596 a

180 611 408 683 liliisfamilias
438 613 691 698 contrahantur,
711 614 823 685 insciis
854 614 905 685 vel
930 614 1039 687 invitis
1067 638 1123 708 pa·

179 704 353 790 rentibus,
390 706 561 777 dumtaxat
600 727 661 797 pro
698 708 811 778 futuro
844 709 982 789 statuit,
1000 730 1121 803 nempe

179 818 252 867 non
282 819 354 872 asse
375 799 410 870 in
437 811 600 891 potestate
631 815 807 890 parentum
834 822 873 871 ca
905 813 977 872 rata
998 805 1049 873 vel
1074 804 1121 874 ir-

179 891 250 961 rita
287 893 421 977 facere,
461 894 545 963 nihil
581 885 719 984 prorsus
756 894 977 986 pronuntians
1000 897 1041 967 de
1066 899 1118 983 iia,

179 1006 273 1075 quae
298 999 395 1057 antea
426 987 553 1058 fuerint
578 999 758 1058 contracta.
791 989 828 1056 2⁰
848 987 1004 1069 Quaestio
1032 990 1065 1060 in
1081 1012 1120 1062 co

178 1091 334 1150 versatur
349 1100 391 1149 an
411 1079 467 1150 illa
489 1093 656 1171 postrema
684 1082 834 1152 eiusdem
854 1082 979 1152 decreti
998 1084 1118 1154 verba:

183 1172 442 1243 «Nihilominus
458 1173 491 1243 S.
513 1175 571 1246 Dei
584 1175 731 1246 Ecclesia
746 1196 784 1245 cx
804 1174 993 1245 iustissimis
1014 1177 1121 1250 causis

77 1341 85 1358 Ι
181 1265 243 1334 illa
258 1286 390 1357 semper
404 1268 563 1338 detestata
579 1280 629 1339 est
643 1294 657 1336 n
671 1280 740 1338 tum
756 1270 796 1339 ad
812 1267 1023 1340 matrimonia
1036 1272 1123 1340 clan-

50 1423 57 1440 ,
180 1359 325 1444 destina,
342 1373 411 1430 tum
426 1363 466 1430 ad
481 1362 696 1432 matrimonia
710 1359 1015 1447 filiorumlamilias,
1034 1385 1120 1454 quae

178 1451 297 1523 inseiis
315 1465 375 1523 ant
388 1453 499 1525 invitis
518 1456 714 1545 parentibus
729 1455 980 1539 contrahantur,
995 1458 1120 1547 pariter

178 1546 325 1616 debeant
340 1548 490 1618 referri?
509 1548 620 1619 Estius
640 1551 675 1619 in
694 1550 717 1618 ll
734 1550 810 1620 dist.
837 1547 895 1633 28,
916 1570 949 1619 n.
974 1548 996 1619 3
1013 1550 1048 1619 in
1068 1572 1119 1622 re·

180 1640 363 1727 sponsione
382 1642 422 1710 atl
438 1655 644 1731 postremum
667 1644 832 1714 existimat
853 1645 968 1713 eadem
996 1645 1119 1715 decreti

182 1732 370 1804 Tridentini
389 1735 501 1805 verba:
521 1737 776 1807 «Nihilominus
796 1731 941 1807 Ecclesia
954 1737 1011 1807 illa
1033 1759 1121 1808 sem·

182 1846 247 1914 per
263 1827 422 1898 detestata
437 1841 498 1913 est,
514 1829 614 1918 atque
629 1830 824 1919 prohibuit»
841 1830 1014 1900 reserenda
1027 1832 1121 1901 dum·

182 1931 273 1990 taxat
290 1940 361 1991 esse
381 1922 422 1991 ad
444 1922 654 1993 matrimonia
689 1922 916 2006 clandestina,
939 1943 1007 1992 non
1043 1944 1119 1995 vero

184 2014 226 2082 ad
252 2013 320 2099 illa,
344 2036 430 2106 qnae
447 2016 608 2086 ineuntur
635 2017 706 2086 sine
736 2028 911 2107 parantum
937 2036 1118 2086 consensu.

180 2105 348 2178 Particula
368 2109 458 2179 enim
476 2111 706 2194 nihilominus,
729 2109 927 2180 relationem
948 2108 1048 2181 hahet
1078 2112 1119 2179 ad

182 2200 274 2271 illam
295 2195 436 2287 tament,
455 2225 554 2294 quam
575 2204 687 2273 statim
702 2203 743 2272 ab
764 2202 859 2271 initio
878 2202 1004 2271 decreti
1025 2202 1119 2270 adhi-

183 2294 240 2364 bet
257 2296 455 2381 Concilium,
475 2298 643 2388 loquendo
657 2297 699 2367 de
719 2294 934 2366 clandestinis
949 2294 1121 2364 matrimo-

181 2387 258 2473 niis,
282 2389 327 2458 ita
345 2401 382 2459 ut
401 2390 488 2460 intra
509 2391 734 2481 parenthesim
752 2389 819 2479 legi
839 2389 1003 2472 debcant,
1033 2409 1120 2477 quac

183 2479 270 2551 idem
289 2483 474 2553 Concilium
500 2484 581 2553 dicit
604 2485 645 2554 de
678 2483 899 2554 matrimoniis
923 2482 1120 2552 liliorumla·

183 2574 292 2644 milies
309 2578 497 2660 contractis,
521 2577 634 2648 insciis
649 2578 857 2668 parentibus.
889 2576 974 2646 Sane
1007 2577 1121 2647 absur-

181 2669 259 2737 dum
281 2670 418 2740 omnino
437 2670 624 2756 videretur,
647 2673 736 2742 hunc
755 2691 889 2743 sensum
911 2670 1019 2740 eidem
1051 2670 1120 2739 Tri-

181 2760 319 2831 dentino
340 2763 475 2834 decreto
493 2765 638 2852 affigere,
661 2767 751 2856 quod
781 2785 902 2854 nempe
936 2765 1119 2835 detestetur

181 2867 215 2924 et
233 2856 411 2945 prohibeat
425 2878 461 2928 ea
477 2858 768 2927 liliorumlamilias
788 2857 1013 2939 matrimonia,
1033 2878 1119 2946 quae

179 2947 281 3018 simul
297 2949 465 3040 unicoque
485 2964 642 3022 contextu
659 2961 732 3020 rata
753 2962 787 3018 et
810 2949 917 3018 valida
950 2950 1116 3038 agnoscit,

180 3052 282 3132 atque
304 3045 508 3133 pronuntiat.
530 3043 624 3114 Patet
642 3043 804 3134 proinde,
826 3042 894 3111 sive
910 3041 1029 3130 prima,
1051 3042 1118 3121 sive

179 3138 325 3217 secunda
359 3150 526 3227 spectetur
552 3137 721 3228 quaestio,
743 3133 927 3205 Concilium
958 3135 1120 3203 Tridenti-

178 3249 262 3297 num
280 3230 365 3298 nihil
383 3231 615 3321 pronuntiasse
631 3232 673 3300 de
693 3226 926 3310 matrimoniis,
945 3247 1030 3316 qnae
1047 3247 1065 3295 a
1083 3227 1118 3293 fi-

179 3320 381 3393 liislamilias
401 3325 535 3394 fuerant
554 3338 649 3394 antea
673 3334 851 3405 contracta,
874 3331 975 3410 atque
994 3319 1117 3388 idcirco

178 3414 338 3487 intactam
360 3418 496 3487 omnino
515 3416 692 3507 reliquisse
712 3416 920 3485 eruditorum
940 3413 1030 3482 illam
1051 3413 1119 3482 dis·

177 3509 399 3598 putationem,
416 3511 457 3581 de
477 3532 542 3601 qua
564 3531 681 3601 supra,
705 3530 746 3578 an
769 3510 852 3579 haec
877 3492 1121 3595 liliornmiamif

283 3639 321 3692 Dc
337 3639 504 3693 Matrimonia
1017 3640 1051 3688 20
