2642 4175
283 346 350 405 tta
597 358 761 404 manuum
781 358 802 403 ι.

234 454 330 527 facile
343 457 541 539 occurritur,
561 456 617 527 ubi
637 457 762 546 sponsi,
783 457 850 527 sire
866 458 907 526 de
925 455 1077 525 ciuilibus
1097 479 1168 528 ma·

235 550 511 622 trimoniiicrmis
524 551 587 620 rite
599 562 759 642 recteque
771 550 959 641 implendis,
973 551 1042 619 sive
1054 551 1096 619 de
1109 551 1168 622 irn-

235 644 433 734 pedimentis
452 657 486 714 et
503 642 692 728 obstaeuiis,
709 644 737 715 si
756 666 820 734 qua
841 644 924 729 sint,
945 656 1167 735 opportunee

185 773 188 781 ·
235 737 345 807 medio
359 738 524 822 tollendis,
538 759 625 830 quae
637 758 793 808 nonmro
806 740 1079 809 administromm
1093 740 1168 807 civi·

235 828 316 900 iium
333 832 523 916 scientiam,
545 845 605 902 aut
629 832 747 902 saltem
767 833 961 902 memoriam
982 832 1162 921 effugiunt,

235 926 425 1015 tempestive
441 938 637 1017 matureque
650 926 844 997 doceantur.
862 927 907 994 Er
922 929 1097 1017 perspicua
1112 927 1166 995 hn-

235 1037 309 1088 rum
327 1039 439 1090 rerum
460 1019 595 1090 scientia
616 1032 650 1089 et
670 1019 762 1108 praxi
781 1020 840 1104 iit,
863 1032 901 1088 ut
926 1033 1019 1091 actus
1039 1021 1161 1103 civilis,

234 1111 291 1202 qui
309 1113 511 1183 matrimonii
530 1112 665 1184 nomine
684 1134 858 1202 perperam
880 1128 1031 1197 ornatur,
1052 1136 1164 1185 coram

233 1205 366 1295 publico
378 1207 538 1291 Ministro,
554 1207 639 1290 inre,
655 1207 792 1278 remotis
809 1207 997 1290 obstaculis,
1013 1209 1166 1298 perficia-

232 1312 299 1383 tur,
322 1312 380 1370 aut
397 1301 424 1370 si
446 1302 526 1373 haec
544 1301 614 1370 tolii
631 1302 804 1370 commode
826 1316 1018 1391 nequeant,
1047 1304 1164 1372 saitem

232 1404 271 1463 ut
298 1393 499 1484 impediatur
517 1394 725 1484 generatim,
749 1395 927 1485 quominus
950 1397 1159 1486 propositum

232 1488 434 1557 connubium
454 1499 525 1558 tum
547 1487 698 1570 ciuiliter,
721 1501 790 1557 tum
813 1489 968 1573 religiose
988 1491 1166 1559 contraha-

233 1594 300 1650 tur.
322 1582 463 1652 ttuttum·
480 1581 568 1651 euim
589 1581 752 1664 interest,
780 1594 817 1650 ut
841 1583 1091 1653 matrimonium
1111 1606 1166 1654 eo·

234 1694 305 1742 ram
326 1674 494 1758 Ecclesia,
516 1675 647 1745 sublato
667 1677 761 1765 prius
782 1675 1021 1765 impedimento
1050 1679 1163 1761 civili,

232 1777 266 1836 et
285 1767 533 1838 matrimonium
555 1789 667 1839 coram
694 1769 843 1839 Ministro
867 1769 964 1852 cirili,
983 1772 1075 1841 nulio
1095 1794 1166 1840 am·

232 1861 320 1949 plius
332 1874 478 1933 eruente
499 1862 739 1955 impedimento
753 1864 925 1941 canonino,
938 1864 1001 1934 rite
1018 1866 1169 1934 eelebre-

236 1966 303 2024 tur.
324 1954 414 2036 Quae
433 1977 509 2026 cum
530 1956 632 2047 pmbe
660 1958 978 2038 animadverterem,
1004 1980 1072 2028 rem
1099 1979 1164 2027 uec

233 2048 397 2135 inutilem,
416 2071 477 2121 nec
494 2050 658 2141 ingratam
681 2071 734 2120 me
754 2052 918 2123 iacturum
938 2073 1009 2122 esse
1029 2052 1116 2135 duxi,
1136 2053 1165 2122 si

233 2143 420 2236 huicoperi
441 2165 575 2215 manum
597 2145 819 2230 admoveram,
843 2158 875 2215 et
894 2146 1058 2237 quidquid
1078 2148 1165 2217 scitu

234 2239 375 2309 maxime
393 2240 616 2310 necessarium
641 2240 790 2332 Paroeho
809 2261 849 2308 ac
866 2240 1073 2310 confessario
1094 2262 1165 2310 esse

235 2347 367 2420 posset,
391 2345 428 2404 ut
446 2334 480 2402 iu
512 2344 579 2402 tam
610 2334 714 2402 ardua
744 2333 896 2421 tantique
923 2335 1082 2403 momenti
1104 2357 1162 2416 re,

234 2435 305 2497 tuto
324 2447 397 2514 sese
415 2426 561 2515 dirigere
586 2438 697 2518 queat,
716 2426 795 2496 satis
814 2427 945 2496 abunde
965 2448 1163 2517 exponerem

235 2517 273 2588 a'c
299 2521 521 2608 explanarem.
544 2521 804 2611 disputationem
827 2541 904 2590 vero
926 2521 1011 2589 hano
1029 2521 1063 2589 in
1084 2522 1166 2590 duas

235 2622 345 2772 garten
365 2611 706 2704 distribuam‚‘primo
728 2615 792 2684 erit
810 2614 996 2697 Historiae,
1020 2616 1165 2685 secunda

262 2705 395 2774 raetica.
742 2747 746 2760 ·

283 2799 319 2867 ln
340 2800 446 2889 prima
465 2810 558 2890 parte
578 2799 619 2870 de
639 2800 897 2891 impedimentis,
912 2799 1079 2871 aciormis
1092 2802 1166 2890 iege

238 2892 319 2963 laica
340 2893 483 2964 initalia
503 2895 644 2974 statutis,
660 2896 768 2986 deque
788 2895 974 2976 actnciviii,
997 2916 1099 2985 quem
1115 2916 1168 2964 ex·

238 2989 332 3078 sequi
352 2989 464 3078 sponsi
494 2999 674 3071 tenentur,
696 3001 868 3058 uteorum
901 2988 1093 3076 coniugium
1113 3009 1167 3058 se-

236 3083 381 3151 cundum
403 3082 596 3151 novissimas
623 3085 713 3170 leges
731 3082 882 3151 civilibus
913 3082 1077 3151 fructibus
1098 3081 1164 3149 irui

237 3188 348 3264 queat,
376 3176 555 3267 praecipue
575 3178 694 3267 loquar
713 3197 751 3244 ac
769 3177 920 3246 distincte
940 3176 1165 3264 pertractabo.

236 3270 275 3338 Ni
295 3272 383 3341 enim
404 3273 436 3339 id
455 3270 688 3361 praestiterim,
711 3270 810 3338 finem
827 3291 926 3359 quem
946 3269 1027 3337 mihi
1050 3289 1166 3359 propo·

236 3364 300 3448 sui,
320 3366 412 3433 nullo
426 3376 520 3454 pacto
536 3365 748 3453 attingerem.
763 3364 852 3433 Finis
865 3375 925 3445 est,
947 3374 984 3432 ut
1002 3366 1168 3452 quaestio·

235 3477 295 3525 nas
310 3459 475 3544 practicae
489 3459 584 3527 iacile
600 3459 781 3540 solvantur;
796 3458 913 3526 harum
930 3478 1029 3546 porro
1044 3454 1165 3526 solutio

234 3571 372 3639 prorsus
391 3552 554 3642 dependet
573 3574 590 3621 a
608 3551 724 3622 notitia
748 3552 1061 3641 impedimentorum
1087 3547 1166 3617 eiri-
