<?xml version="1.0" encoding="UTF-8"?>
<!DOCTYPE html PUBLIC "-//W3C//DTD XHTML 1.0 Transitional//EN"
    "http://www.w3.org/TR/xhtml1/DTD/xhtml1-transitional.dtd">
<html xmlns="http://www.w3.org/1999/xhtml" xml:lang="en" lang="en">
 <head>
  <title>
</title>
<meta http-equiv="Content-Type" content="text/html;charset=utf-8" />
  <meta name='ocr-system' content='tesseract 3.04.00' />
  <meta name='ocr-capabilities' content='ocr_page ocr_carea ocr_par ocr_line ocrx_word'/>
</head>
<body>
  <div class='ocr_page' id='page_1' title='image "./septimiimariaev00veccgoog_0206.png"; bbox 0 0 2642 4175; ppageno 0'>
   <div class='ocr_carea' id='block_1_1' title="bbox 243 342 1184 543">
    <p class='ocr_par' dir='ltr' id='par_1_1' title="bbox 243 342 1184 543">
     <span class='ocr_line' id='line_1_1' title="bbox 292 342 794 400; baseline -0.004 0"><span class='ocrx_word' id='word_1_1' title='bbox 292 342 356 400; x_wconf 86' lang='lat'><strong>186</strong></span> <span class='ocrx_word' id='word_1_2' title='bbox 628 353 731 399; x_wconf 74' lang='lat' dir='ltr'><strong>carun</strong></span> <span class='ocrx_word' id='word_1_3' title='bbox 747 353 794 398; x_wconf 89' lang='lat'>111.</span> 
     </span>
     <span class='ocr_line' id='line_1_2' title="bbox 243 450 1184 543; baseline -0.001 -20"><span class='ocrx_word' id='word_1_4' title='bbox 243 451 395 542; x_wconf 77' lang='lat' dir='ltr'>exprimi,</span> <span class='ocrx_word' id='word_1_5' title='bbox 412 455 500 543; x_wconf 92' lang='lat' dir='ltr'><strong>quod</strong></span> <span class='ocrx_word' id='word_1_6' title='bbox 520 465 633 523; x_wconf 91' lang='lat' dir='ltr'><strong>orator</strong></span> <span class='ocrx_word' id='word_1_7' title='bbox 649 450 803 522; x_wconf 84' lang='lat' dir='ltr'><strong>oratriois</strong></span> <span class='ocrx_word' id='word_1_8' title='bbox 819 453 959 541; x_wconf 87' lang='lat' dir='ltr'><strong>prolem,</strong></span> <span class='ocrx_word' id='word_1_9' title='bbox 976 473 1015 522; x_wconf 82' lang='lat' dir='ltr'><strong>ex</strong></span> <span class='ocrx_word' id='word_1_10' title='bbox 1029 452 1094 521; x_wconf 92' lang='lat' dir='ltr'><strong>alio</strong></span> <span class='ocrx_word' id='word_1_11' title='bbox 1110 453 1184 522; x_wconf 86' lang='lat' dir='ltr'><strong>viro</strong></span> 
     </span>
    </p>
   </div>
   <div class='ocr_carea' id='block_1_2' title="bbox 243 546 1304 637">
    <p class='ocr_par' dir='ltr' id='par_1_2' title="bbox 243 546 1304 637">
     <span class='ocr_line' id='line_1_3' title="bbox 243 546 1304 637; baseline -0.001 -21"><span class='ocrx_word' id='word_1_12' title='bbox 243 560 454 636; x_wconf 79' lang='lat' dir='ltr'><strong>susceptam,</strong></span> <span class='ocrx_word' id='word_1_13' title='bbox 474 547 599 630; x_wconf 88' lang='lat' dir='ltr'><strong>tenuit,</strong></span> <span class='ocrx_word' id='word_1_14' title='bbox 628 546 817 617; x_wconf 88' lang='lat' dir='ltr'><strong>denotando</strong></span> <span class='ocrx_word' id='word_1_15' title='bbox 837 567 991 637; x_wconf 82' lang='lat' dir='ltr'><strong>expresse</strong></span> <span class='ocrx_word' id='word_1_16' title='bbox 1019 567 1080 636; x_wconf 88' lang='lat' dir='ltr'><strong>per</strong></span> <span class='ocrx_word' id='word_1_17' title='bbox 1098 547 1181 616; x_wconf 89' lang='lat' dir='ltr'><strong>illud</strong></span> <span class='ocrx_word' id='word_1_18' title='bbox 1299 585 1304 594; x_wconf 94' lang='lat'>·</span> 
     </span>
    </p>
   </div>
   <div class='ocr_carea' id='block_1_3' title="bbox 242 639 1182 897">
    <p class='ocr_par' dir='ltr' id='par_1_3' title="bbox 242 639 1182 897">
     <span class='ocr_line' id='line_1_4' title="bbox 242 639 1181 732; baseline -0.001 -22"><span class='ocrx_word' id='word_1_19' title='bbox 242 641 380 711; x_wconf 83' lang='lat' dir='ltr'><strong>verbum</strong></span> <span class='ocrx_word' id='word_1_20' title='bbox 409 642 537 732; x_wconf 81' lang='lat' dir='ltr'><strong>prolem</strong></span> <span class='ocrx_word' id='word_1_21' title='bbox 568 642 683 731; x_wconf 88' lang='lat' dir='ltr'><strong>quod,</strong></span> <span class='ocrx_word' id='word_1_22' title='bbox 714 650 942 731; x_wconf 73' lang='lat' dir='ltr'><strong>quotcumque</strong></span> <span class='ocrx_word' id='word_1_23' title='bbox 968 639 1096 710; x_wconf 85' lang='lat' dir='ltr'><strong>luerint</strong></span> <span class='ocrx_word' id='word_1_24' title='bbox 1119 641 1181 709; x_wconf 86' lang='lat' dir='ltr'><strong>tilii</strong></span> 
     </span>
     <span class='ocr_line' id='line_1_5' title="bbox 243 732 1182 825; baseline 0 -22"><span class='ocrx_word' id='word_1_25' title='bbox 243 754 328 824; x_wconf 88' lang='lat' dir='ltr'><strong>quos</strong></span> <span class='ocrx_word' id='word_1_26' title='bbox 354 749 468 806; x_wconf 90' lang='lat' dir='ltr'><strong>orator</strong></span> <span class='ocrx_word' id='word_1_27' title='bbox 489 735 613 815; x_wconf 91' lang='lat' dir='ltr'><strong>tenuit,</strong></span> <span class='ocrx_word' id='word_1_28' title='bbox 632 734 768 804; x_wconf 81' lang='lat' dir='ltr'><strong>unicum</strong></span> <span class='ocrx_word' id='word_1_29' title='bbox 790 734 934 824; x_wconf 76' lang='lat' dir='ltr'><strong>insurgit</strong></span> <span class='ocrx_word' id='word_1_30' title='bbox 960 732 1182 825; x_wconf 89' lang='lat' dir='ltr'><strong>impedimen·</strong></span> 
     </span>
     <span class='ocr_line' id='line_1_6' title="bbox 242 839 365 897; baseline -0.016 0"><span class='ocrx_word' id='word_1_31' title='bbox 242 839 327 897; x_wconf 86' lang='lat' dir='ltr'><strong>tum.</strong></span> <span class='ocrx_word' id='word_1_32' title='bbox 350 853 365 895; x_wconf 76' lang='lat' dir='ltr'><strong>r</strong></span> 
     </span>
    </p>
   </div>
   <div class='ocr_carea' id='block_1_4' title="bbox 665 959 755 1049">
    <p class='ocr_par' dir='ltr' id='par_1_4' title="bbox 665 959 755 1049">
     <span class='ocr_line' id='line_1_7' title="bbox 665 959 755 1049; baseline 0 -21"><span class='ocrx_word' id='word_1_33' title='bbox 665 959 755 1049; x_wconf 63' lang='lat' dir='ltr'><strong>sm.</strong></span> 
     </span>
    </p>
   </div>
   <div class='ocr_carea' id='block_1_5' title="bbox 569 1111 850 1170">
    <p class='ocr_par' dir='ltr' id='par_1_5' title="bbox 569 1111 850 1170">
     <span class='ocr_line' id='line_1_8' title="bbox 569 1111 850 1170; baseline 0 -2"><span class='ocrx_word' id='word_1_34' title='bbox 569 1113 623 1169; x_wconf 79' lang='lat' dir='ltr'><strong>lte</strong></span> <span class='ocrx_word' id='word_1_35' title='bbox 663 1111 850 1170; x_wconf 78' lang='lat' dir='ltr'><strong>crimine.</strong></span> 
     </span>
    </p>
   </div>
   <div class='ocr_carea' id='block_1_6' title="bbox 239 1288 1182 1846">
    <p class='ocr_par' dir='ltr' id='par_1_6' title="bbox 239 1288 1182 1846">
     <span class='ocr_line' id='line_1_9' title="bbox 287 1288 1181 1377; baseline 0.002 -20"><span class='ocrx_word' id='word_1_36' title='bbox 287 1292 335 1359; x_wconf 79' lang='lat' dir='ltr'><strong>nd</strong></span> <span class='ocrx_word' id='word_1_37' title='bbox 365 1290 607 1360; x_wconf 83' lang='lat' dir='ltr'><strong>consulendum</strong></span> <span class='ocrx_word' id='word_1_38' title='bbox 628 1289 707 1360; x_wconf 77' lang='lat' dir='ltr'><strong>fidei</strong></span> <span class='ocrx_word' id='word_1_39' title='bbox 726 1302 760 1359; x_wconf 90' lang='lat' dir='ltr'><strong>et</strong></span> <span class='ocrx_word' id='word_1_40' title='bbox 780 1288 1001 1360; x_wconf 78' lang='lat' dir='ltr'><strong>incolumitati</strong></span> <span class='ocrx_word' id='word_1_41' title='bbox 1022 1289 1181 1377; x_wconf 76' lang='lat' dir='ltr'><strong>coniuga-</strong></span> 
     </span>
     <span class='ocr_line' id='line_1_10' title="bbox 241 1383 1179 1472; baseline 0 -21"><span class='ocrx_word' id='word_1_42' title='bbox 241 1384 277 1466; x_wconf 84' lang='lat' dir='ltr'><strong>li,</strong></span> <span class='ocrx_word' id='word_1_43' title='bbox 300 1385 342 1453; x_wconf 87' lang='lat' dir='ltr'><strong>ad</strong></span> <span class='ocrx_word' id='word_1_44' title='bbox 362 1384 585 1472; x_wconf 83' lang='lat' dir='ltr'><strong>praecauenda</strong></span> <span class='ocrx_word' id='word_1_45' title='bbox 606 1383 770 1454; x_wconf 89' lang='lat' dir='ltr'><strong>adulteria</strong></span> <span class='ocrx_word' id='word_1_46' title='bbox 791 1395 825 1453; x_wconf 88' lang='lat' dir='ltr'><strong>ot</strong></span> <span class='ocrx_word' id='word_1_47' title='bbox 847 1384 966 1453; x_wconf 84' lang='lat' dir='ltr'><strong>caedes</strong></span> <span class='ocrx_word' id='word_1_48' title='bbox 984 1383 1179 1472; x_wconf 73' lang='lat' dir='ltr'><strong>coniugum,</strong></span> 
     </span>
     <span class='ocr_line' id='line_1_11' title="bbox 241 1476 1182 1565; baseline 0.001 -21"><span class='ocrx_word' id='word_1_49' title='bbox 241 1488 344 1565; x_wconf 84' lang='lat' dir='ltr'><strong>atque</strong></span> <span class='ocrx_word' id='word_1_50' title='bbox 359 1476 394 1545; x_wconf 90' lang='lat' dir='ltr'><strong>in</strong></span> <span class='ocrx_word' id='word_1_51' title='bbox 419 1476 636 1546; x_wconf 87' lang='lat' dir='ltr'><strong>iustissimam</strong></span> <span class='ocrx_word' id='word_1_52' title='bbox 668 1478 789 1547; x_wconf 91' lang='lat' dir='ltr'><strong>horum</strong></span> <span class='ocrx_word' id='word_1_53' title='bbox 809 1477 986 1546; x_wconf 88' lang='lat' dir='ltr'><strong>criminum</strong></span> <span class='ocrx_word' id='word_1_54' title='bbox 1014 1497 1182 1565; x_wconf 87' lang='lat' dir='ltr'><strong>poenam,</strong></span> 
     </span>
     <span class='ocr_line' id='line_1_12' title="bbox 240 1569 1181 1659; baseline 0.001 -22"><span class='ocrx_word' id='word_1_55' title='bbox 240 1569 388 1641; x_wconf 75' lang='lat' dir='ltr'><strong>Ecclesia</strong></span> <span class='ocrx_word' id='word_1_56' title='bbox 409 1571 545 1659; x_wconf 87' lang='lat' dir='ltr'><strong>provido</strong></span> <span class='ocrx_word' id='word_1_57' title='bbox 557 1592 646 1640; x_wconf 62' lang='lat' dir='ltr'><strong>,sane</strong></span> <span class='ocrx_word' id='word_1_58' title='bbox 665 1572 799 1640; x_wconf 82' lang='lat' dir='ltr'><strong>decreto</strong></span> <span class='ocrx_word' id='word_1_59' title='bbox 814 1571 1010 1648; x_wconf 85' lang='lat' dir='ltr'><strong>constituit,</strong></span> <span class='ocrx_word' id='word_1_60' title='bbox 1029 1583 1067 1639; x_wconf 92' lang='lat' dir='ltr'><strong>ut</strong></span> <span class='ocrx_word' id='word_1_61' title='bbox 1090 1570 1181 1640; x_wconf 86' lang='lat' dir='ltr'><strong>inter</strong></span> 
     </span>
     <span class='ocr_line' id='line_1_13' title="bbox 241 1662 1178 1753; baseline 0.001 -22"><span class='ocrx_word' id='word_1_62' title='bbox 241 1662 322 1732; x_wconf 90' lang='lat' dir='ltr'><strong>tanti</strong></span> <span class='ocrx_word' id='word_1_63' title='bbox 336 1663 454 1752; x_wconf 80' lang='lat' dir='ltr'><strong>flagitii</strong></span> <span class='ocrx_word' id='word_1_64' title='bbox 474 1665 655 1753; x_wconf 80' lang='lat' dir='ltr'><strong>complices</strong></span> <span class='ocrx_word' id='word_1_65' title='bbox 673 1665 925 1735; x_wconf 81' lang='lat' dir='ltr'><strong>matrimonium</strong></span> <span class='ocrx_word' id='word_1_66' title='bbox 946 1664 1178 1733; x_wconf 83' lang='lat' dir='ltr'><strong>dirimeretur:</strong></span> 
     </span>
     <span class='ocr_line' id='line_1_14' title="bbox 239 1757 1180 1846; baseline 0.001 -23"><span class='ocrx_word' id='word_1_67' title='bbox 239 1757 393 1827; x_wconf 86' lang='lat' dir='ltr'><strong>videlieet</strong></span> <span class='ocrx_word' id='word_1_68' title='bbox 410 1758 592 1840; x_wconf 81' lang='lat' dir='ltr'><strong>constituit,</strong></span> <span class='ocrx_word' id='word_1_69' title='bbox 615 1769 653 1826; x_wconf 87' lang='lat' dir='ltr'><strong>ut</strong></span> <span class='ocrx_word' id='word_1_70' title='bbox 672 1758 833 1828; x_wconf 88' lang='lat' dir='ltr'><strong>dirimens</strong></span> <span class='ocrx_word' id='word_1_71' title='bbox 850 1757 1056 1827; x_wconf 84' lang='lat' dir='ltr'><strong>matrimonii</strong></span> <span class='ocrx_word' id='word_1_72' title='bbox 1071 1757 1180 1846; x_wconf 87' lang='lat' dir='ltr'><strong>impe-</strong></span> 
     </span>
    </p>
   </div>
   <div class='ocr_carea' id='block_1_7' title="bbox 239 1849 1310 1938">
    <p class='ocr_par' dir='ltr' id='par_1_7' title="bbox 239 1849 1310 1938">
     <span class='ocr_line' id='line_1_15' title="bbox 239 1849 1310 1938; baseline -0.002 -20"><span class='ocrx_word' id='word_1_73' title='bbox 239 1850 425 1920; x_wconf 90' lang='lat' dir='ltr'><strong>dimentum</strong></span> <span class='ocrx_word' id='word_1_74' title='bbox 445 1864 556 1922; x_wconf 86' lang='lat' dir='ltr'><strong>esset:</strong></span> <span class='ocrx_word' id='word_1_75' title='bbox 577 1852 614 1919; x_wconf 90' lang='lat' dir='ltr'><strong>l⁰</strong></span> <span class='ocrx_word' id='word_1_76' title='bbox 634 1851 793 1938; x_wconf 76' lang='lat' dir='ltr'><strong>Coniugis</strong></span> <span class='ocrx_word' id='word_1_77' title='bbox 812 1851 1044 1934; x_wconf 64' lang='lat' dir='ltr'><strong>homicidium</strong></span> <span class='ocrx_word' id='word_1_78' title='bbox 1068 1849 1104 1917; x_wconf 71' lang='lat'><strong>2⁰</strong></span> <span class='ocrx_word' id='word_1_79' title='bbox 1122 1850 1181 1920; x_wconf 90' lang='lat' dir='ltr'><strong>ho·</strong></span> <span class='ocrx_word' id='word_1_80' title='bbox 1239 1867 1242 1871; x_wconf 88' lang='grc'><strong><em>·</em></strong></span> <span class='ocrx_word' id='word_1_81' title='bbox 1309 1867 1310 1890; x_wconf 70' lang='lat'>³</span> 
     </span>
    </p>
   </div>
   <div class='ocr_carea' id='block_1_8' title="bbox 238 1943 1180 2786">
    <p class='ocr_par' dir='ltr' id='par_1_8' title="bbox 238 1943 1180 2504">
     <span class='ocr_line' id='line_1_16' title="bbox 240 1943 1179 2033; baseline 0.002 -21"><span class='ocrx_word' id='word_1_82' title='bbox 240 1944 413 2014; x_wconf 89' lang='lat' dir='ltr'><strong>micidium</strong></span> <span class='ocrx_word' id='word_1_83' title='bbox 435 1963 511 2015; x_wconf 87' lang='lat' dir='ltr'><strong>cum</strong></span> <span class='ocrx_word' id='word_1_84' title='bbox 531 1945 710 2028; x_wconf 67' lang='lat' dir='ltr'><strong>adulterim</strong></span> <span class='ocrx_word' id='word_1_85' title='bbox 731 1943 768 2013; x_wconf 82' lang='lat'><strong>3⁰</strong></span> <span class='ocrx_word' id='word_1_86' title='bbox 786 1945 987 2016; x_wconf 80' lang='lat' dir='ltr'><strong>adulterium</strong></span> <span class='ocrx_word' id='word_1_87' title='bbox 1002 1965 1081 2013; x_wconf 85' lang='lat' dir='ltr'><strong>uum</strong></span> <span class='ocrx_word' id='word_1_88' title='bbox 1099 1965 1179 2033; x_wconf 91' lang='lat' dir='ltr'><strong>pro-</strong></span> 
     </span>
     <span class='ocr_line' id='line_1_17' title="bbox 239 2038 1180 2124; baseline 0 -16"><span class='ocrx_word' id='word_1_89' title='bbox 239 2038 401 2110; x_wconf 83' lang='lat' dir='ltr'><strong>missione</strong></span> <span class='ocrx_word' id='word_1_90' title='bbox 419 2039 525 2110; x_wconf 89' lang='lat' dir='ltr'><strong>luturi</strong></span> <span class='ocrx_word' id='word_1_91' title='bbox 543 2038 765 2124; x_wconf 77' lang='lat' dir='ltr'><strong>&#39;matrimonii3</strong></span> <span class='ocrx_word' id='word_1_92' title='bbox 783 2038 820 2109; x_wconf 73' lang='lat'><strong>4⁰</strong></span> <span class='ocrx_word' id='word_1_93' title='bbox 838 2039 1041 2110; x_wconf 84' lang='lat' dir='ltr'><strong>adulterium</strong></span> <span class='ocrx_word' id='word_1_94' title='bbox 1061 2051 1095 2108; x_wconf 88' lang='lat' dir='ltr'><strong>et</strong></span> <span class='ocrx_word' id='word_1_95' title='bbox 1112 2059 1180 2108; x_wconf 90' lang='lat' dir='ltr'><strong>ma·</strong></span> 
     </span>
     <span class='ocr_line' id='line_1_18' title="bbox 239 2133 1179 2222; baseline 0.001 -22"><span class='ocrx_word' id='word_1_96' title='bbox 239 2133 449 2217; x_wconf 86' lang='lat' dir='ltr'><strong>trimonium,</strong></span> <span class='ocrx_word' id='word_1_97' title='bbox 471 2135 599 2203; x_wconf 88' lang='lat' dir='ltr'><strong>vivente</strong></span> <span class='ocrx_word' id='word_1_98' title='bbox 618 2134 773 2222; x_wconf 79' lang='lat' dir='ltr'><strong>coniuge,</strong></span> <span class='ocrx_word' id='word_1_99' title='bbox 794 2155 871 2203; x_wconf 89' lang='lat' dir='ltr'><strong>oum</strong></span> <span class='ocrx_word' id='word_1_100' title='bbox 891 2134 1045 2203; x_wconf 89' lang='lat' dir='ltr'><strong>adultera</strong></span> <span class='ocrx_word' id='word_1_101' title='bbox 1068 2145 1179 2206; x_wconf 86' lang='lat' dir='ltr'><strong>atten-</strong></span> 
     </span>
     <span class='ocr_line' id='line_1_19' title="bbox 239 2227 1178 2317; baseline -0.002 -21"><span class='ocrx_word' id='word_1_102' title='bbox 239 2240 357 2297; x_wconf 88' lang='lat' dir='ltr'><strong>tatum.</strong></span> <span class='ocrx_word' id='word_1_103' title='bbox 385 2228 474 2297; x_wconf 87' lang='lat' dir='ltr'><strong>llaec</strong></span> <span class='ocrx_word' id='word_1_104' title='bbox 508 2240 653 2317; x_wconf 89' lang='lat' dir='ltr'><strong>quatuor</strong></span> <span class='ocrx_word' id='word_1_105' title='bbox 671 2228 852 2297; x_wconf 88' lang='lat' dir='ltr'><strong>eriminum</strong></span> <span class='ocrx_word' id='word_1_106' title='bbox 874 2249 1009 2315; x_wconf 84' lang='lat' dir='ltr'><strong>genera,</strong></span> <span class='ocrx_word' id='word_1_107' title='bbox 1031 2248 1119 2316; x_wconf 87' lang='lat' dir='ltr'><strong>quae</strong></span> <span class='ocrx_word' id='word_1_108' title='bbox 1136 2227 1178 2295; x_wconf 81' lang='lat' dir='ltr'><strong>de</strong></span> 
     </span>
     <span class='ocr_line' id='line_1_20' title="bbox 239 2319 1179 2409; baseline -0.001 -20"><span class='ocrx_word' id='word_1_109' title='bbox 239 2321 313 2391; x_wconf 88' lang='lat' dir='ltr'><strong>iure</strong></span> <span class='ocrx_word' id='word_1_110' title='bbox 346 2322 570 2391; x_wconf 84' lang='lat' dir='ltr'><strong>eeclesiastico</strong></span> <span class='ocrx_word' id='word_1_111' title='bbox 590 2321 842 2391; x_wconf 89' lang='lat' dir='ltr'><strong>matrimonium</strong></span> <span class='ocrx_word' id='word_1_112' title='bbox 867 2321 1043 2406; x_wconf 88' lang='lat' dir='ltr'><strong>dirimunt,</strong></span> <span class='ocrx_word' id='word_1_113' title='bbox 1064 2319 1179 2409; x_wconf 85' lang='lat' dir='ltr'><strong>singil-</strong></span> 
     </span>
     <span class='ocr_line' id='line_1_21' title="bbox 238 2414 603 2504; baseline 0.011 -23"><span class='ocrx_word' id='word_1_114' title='bbox 238 2414 333 2484; x_wconf 91' lang='lat' dir='ltr'><strong>latim</strong></span> <span class='ocrx_word' id='word_1_115' title='bbox 352 2435 603 2504; x_wconf 84' lang='lat' dir='ltr'><strong>percurramus.</strong></span> 
     </span>
    </p>

    <p class='ocr_par' dir='ltr' id='par_1_9' title="bbox 239 2506 1176 2786">
     <span class='ocr_line' id='line_1_22' title="bbox 286 2506 1176 2596; baseline 0 -20"><span class='ocrx_word' id='word_1_116' title='bbox 286 2506 380 2588; x_wconf 84' lang='lat' dir='ltr'><strong>Quod</strong></span> <span class='ocrx_word' id='word_1_117' title='bbox 400 2510 440 2577; x_wconf 92' lang='lat' dir='ltr'><strong>ad</strong></span> <span class='ocrx_word' id='word_1_118' title='bbox 460 2508 605 2596; x_wconf 90' lang='lat' dir='ltr'><strong>primum</strong></span> <span class='ocrx_word' id='word_1_119' title='bbox 638 2509 779 2593; x_wconf 81' lang='lat' dir='ltr'><strong>attinet,</strong></span> <span class='ocrx_word' id='word_1_120' title='bbox 802 2510 919 2578; x_wconf 86' lang='lat' dir='ltr'><strong>eaedes</strong></span> <span class='ocrx_word' id='word_1_121' title='bbox 945 2508 1098 2596; x_wconf 81' lang='lat' dir='ltr'><strong>coniugis</strong></span> <span class='ocrx_word' id='word_1_122' title='bbox 1117 2509 1176 2576; x_wconf 90' lang='lat' dir='ltr'><strong>im-</strong></span> 
     </span>
     <span class='ocr_line' id='line_1_23' title="bbox 239 2601 1174 2690; baseline 0.002 -22"><span class='ocrx_word' id='word_1_123' title='bbox 239 2601 468 2690; x_wconf 88' lang='lat' dir='ltr'><strong>pedimentum</strong></span> <span class='ocrx_word' id='word_1_124' title='bbox 491 2602 652 2673; x_wconf 89' lang='lat' dir='ltr'><strong>dirimens</strong></span> <span class='ocrx_word' id='word_1_125' title='bbox 686 2603 891 2673; x_wconf 90' lang='lat' dir='ltr'><strong>matrimonii</strong></span> <span class='ocrx_word' id='word_1_126' title='bbox 920 2614 994 2685; x_wconf 90' lang='lat' dir='ltr'><strong>est,</strong></span> <span class='ocrx_word' id='word_1_127' title='bbox 1029 2623 1104 2672; x_wconf 86' lang='lat' dir='ltr'><strong>oum</strong></span> <span class='ocrx_word' id='word_1_128' title='bbox 1133 2604 1174 2671; x_wconf 75' lang='lat' dir='ltr'><strong>alt</strong></span> 
     </span>
     <span class='ocr_line' id='line_1_24' title="bbox 239 2695 1174 2786; baseline 0.003 -23"><span class='ocrx_word' id='word_1_129' title='bbox 239 2706 382 2783; x_wconf 86' lang='lat' dir='ltr'><strong>utraque</strong></span> <span class='ocrx_word' id='word_1_130' title='bbox 401 2696 545 2784; x_wconf 84' lang='lat' dir='ltr'><strong>partein</strong></span> <span class='ocrx_word' id='word_1_131' title='bbox 562 2717 637 2766; x_wconf 87' lang='lat' dir='ltr'><strong>eum</strong></span> <span class='ocrx_word' id='word_1_132' title='bbox 660 2696 760 2766; x_wconf 87' lang='lat' dir='ltr'><strong>tinem</strong></span> <span class='ocrx_word' id='word_1_133' title='bbox 781 2709 957 2786; x_wconf 87' lang='lat' dir='ltr'><strong>procurata</strong></span> <span class='ocrx_word' id='word_1_134' title='bbox 971 2695 1049 2778; x_wconf 78' lang='lat' dir='ltr'><strong>luit,</strong></span> <span class='ocrx_word' id='word_1_135' title='bbox 1070 2709 1108 2766; x_wconf 91' lang='lat' dir='ltr'><strong>ut</strong></span> <span class='ocrx_word' id='word_1_136' title='bbox 1125 2717 1174 2766; x_wconf 86' lang='lat' dir='ltr'><strong>se·</strong></span> 
     </span>
    </p>
   </div>
   <div class='ocr_carea' id='block_1_9' title="bbox 238 2789 1209 2879">
    <p class='ocr_par' dir='ltr' id='par_1_10' title="bbox 238 2780 1311 2881">
     <span class='ocr_line' id='line_1_25' title="bbox 238 2789 1209 2879; baseline 0.006 -23"><span class='ocrx_word' id='word_1_137' title='bbox 238 2808 314 2856; x_wconf 89' lang='lat' dir='ltr'><strong>oum</strong></span> <span class='ocrx_word' id='word_1_138' title='bbox 333 2789 467 2878; x_wconf 84' lang='lat' dir='ltr'><strong>nuptias</strong></span> <span class='ocrx_word' id='word_1_139' title='bbox 486 2790 572 2861; x_wconf 92' lang='lat' dir='ltr'><strong>inire</strong></span> <span class='ocrx_word' id='word_1_140' title='bbox 591 2802 738 2879; x_wconf 85' lang='lat' dir='ltr'><strong>possent.</strong></span> <span class='ocrx_word' id='word_1_141' title='bbox 757 2790 867 2871; x_wconf 83' lang='lat' dir='ltr'><strong>Quare</strong></span> <span class='ocrx_word' id='word_1_142' title='bbox 887 2802 925 2858; x_wconf 94' lang='lat' dir='ltr'><strong>ut</strong></span> <span class='ocrx_word' id='word_1_143' title='bbox 953 2790 1173 2879; x_wconf 87' lang='lat' dir='ltr'><strong>impedimen·</strong></span> <span class='ocrx_word' id='word_1_144' title='bbox 1201 2869 1209 2877; x_wconf 85' lang='lat'><em>.</em></span> 
     </span>
    </p>
   </div>
   <div class='ocr_carea' id='block_1_10' title="bbox 229 2882 1178 3625">
    <p class='ocr_par' dir='ltr' id='par_1_11' title="bbox 229 2882 1178 3625">
     <span class='ocr_line' id='line_1_26' title="bbox 239 2882 1178 2974; baseline 0.002 -25"><span class='ocrx_word' id='word_1_145' title='bbox 239 2894 311 2950; x_wconf 91' lang='lat' dir='ltr'><strong>tum</strong></span> <span class='ocrx_word' id='word_1_146' title='bbox 330 2884 480 2972; x_wconf 86' lang='lat' dir='ltr'><strong>prodeat,</strong></span> <span class='ocrx_word' id='word_1_147' title='bbox 515 2884 577 2954; x_wconf 92' lang='lat' dir='ltr'><strong>tria</strong></span> <span class='ocrx_word' id='word_1_148' title='bbox 608 2883 843 2974; x_wconf 84' lang='lat' dir='ltr'><strong>postulantur:</strong></span> <span class='ocrx_word' id='word_1_149' title='bbox 878 2885 905 2951; x_wconf 91' lang='lat' dir='ltr'><strong>l.</strong></span> <span class='ocrx_word' id='word_1_150' title='bbox 933 2882 975 2952; x_wconf 92' lang='lat' dir='ltr'><strong>Ut</strong></span> <span class='ocrx_word' id='word_1_151' title='bbox 1007 2895 1076 2961; x_wconf 90' lang='lat' dir='ltr'><strong>tam</strong></span> <span class='ocrx_word' id='word_1_152' title='bbox 1107 2882 1178 2961; x_wconf 64' lang='lat' dir='ltr'><strong>vir,</strong></span> 
     </span>
     <span class='ocr_line' id='line_1_27' title="bbox 238 2976 1172 3067; baseline 0.005 -24"><span class='ocrx_word' id='word_1_153' title='bbox 238 2996 337 3064; x_wconf 90' lang='lat' dir='ltr'><strong>quam</strong></span> <span class='ocrx_word' id='word_1_154' title='bbox 361 2977 481 3047; x_wconf 90' lang='lat' dir='ltr'><strong>mulier</strong></span> <span class='ocrx_word' id='word_1_155' title='bbox 500 2978 535 3046; x_wconf 93' lang='lat' dir='ltr'><strong>in</strong></span> <span class='ocrx_word' id='word_1_156' title='bbox 555 2990 697 3047; x_wconf 90' lang='lat' dir='ltr'><strong>mortem</strong></span> <span class='ocrx_word' id='word_1_157' title='bbox 711 2977 863 3066; x_wconf 73' lang='lat' dir='ltr'><strong>coniugis</strong></span> <span class='ocrx_word' id='word_1_158' title='bbox 876 2976 1011 3067; x_wconf 78' lang='lat' dir='ltr'><strong>physiee</strong></span> <span class='ocrx_word' id='word_1_159' title='bbox 1032 2989 1093 3047; x_wconf 91' lang='lat' dir='ltr'><strong>aut</strong></span> <span class='ocrx_word' id='word_1_160' title='bbox 1108 2998 1172 3048; x_wconf 92' lang='lat' dir='ltr'><strong>mo·</strong></span> 
     </span>
     <span class='ocr_line' id='line_1_28' title="bbox 230 3069 1168 3160; baseline 0.002 -25"><span class='ocrx_word' id='word_1_161' title='bbox 230 3069 365 3153; x_wconf 76' lang='lat' dir='ltr'><strong>raliter,</strong></span> <span class='ocrx_word' id='word_1_162' title='bbox 381 3071 519 3140; x_wconf 86' lang='lat' dir='ltr'><strong>oonsilio</strong></span> <span class='ocrx_word' id='word_1_163' title='bbox 539 3090 659 3160; x_wconf 90' lang='lat' dir='ltr'><strong>nempe</strong></span> <span class='ocrx_word' id='word_1_164' title='bbox 691 3084 749 3141; x_wconf 90' lang='lat' dir='ltr'><strong>aut</strong></span> <span class='ocrx_word' id='word_1_165' title='bbox 776 3072 931 3140; x_wconf 88' lang='lat' dir='ltr'><strong>mandato</strong></span> <span class='ocrx_word' id='word_1_166' title='bbox 956 3084 1168 3141; x_wconf 83' lang='lat' dir='ltr'><strong>eonourrant.</strong></span> 
     </span>
     <span class='ocr_line' id='line_1_29' title="bbox 229 3162 1170 3235; baseline 0.003 -5"><span class='ocrx_word' id='word_1_167' title='bbox 229 3162 278 3230; x_wconf 92' lang='lat' dir='ltr'><strong>ll.</strong></span> <span class='ocrx_word' id='word_1_168' title='bbox 301 3163 344 3233; x_wconf 92' lang='lat' dir='ltr'><strong>Ut</strong></span> <span class='ocrx_word' id='word_1_169' title='bbox 361 3185 398 3233; x_wconf 84' lang='lat' dir='ltr'><strong>ex</strong></span> <span class='ocrx_word' id='word_1_170' title='bbox 415 3177 529 3234; x_wconf 89' lang='lat' dir='ltr'><strong>mutua</strong></span> <span class='ocrx_word' id='word_1_171' title='bbox 549 3184 666 3233; x_wconf 91' lang='lat' dir='ltr'><strong>eorum</strong></span> <span class='ocrx_word' id='word_1_172' title='bbox 681 3163 1103 3235; x_wconf 79' lang='lat' dir='ltr'><strong>machinationeinuooens</strong></span> <span class='ocrx_word' id='word_1_173' title='bbox 1120 3186 1170 3234; x_wconf 86' lang='lat' dir='ltr'><strong>re·</strong></span> 
     </span>
     <span class='ocr_line' id='line_1_30' title="bbox 236 3256 1171 3347; baseline 0.002 -24"><span class='ocrx_word' id='word_1_174' title='bbox 236 3278 274 3326; x_wconf 90' lang='lat' dir='ltr'><strong>re</strong></span> <span class='ocrx_word' id='word_1_175' title='bbox 294 3257 427 3328; x_wconf 89' lang='lat' dir='ltr'><strong>obierit.</strong></span> <span class='ocrx_word' id='word_1_176' title='bbox 443 3258 499 3326; x_wconf 94' lang='lat' dir='ltr'><strong>lll.</strong></span> <span class='ocrx_word' id='word_1_177' title='bbox 520 3258 562 3329; x_wconf 92' lang='lat' dir='ltr'><strong>Ut</strong></span> <span class='ocrx_word' id='word_1_178' title='bbox 577 3258 696 3327; x_wconf 86' lang='lat' dir='ltr'><strong>mortis</strong></span> <span class='ocrx_word' id='word_1_179' title='bbox 714 3257 916 3328; x_wconf 83' lang='lat' dir='ltr'><strong>maehinatio</strong></span> <span class='ocrx_word' id='word_1_180' title='bbox 931 3277 973 3327; x_wconf 88' lang='lat' dir='ltr'><strong>eo</strong></span> <span class='ocrx_word' id='word_1_181' title='bbox 986 3256 1099 3330; x_wconf 89' lang='lat' dir='ltr'><strong>animo</strong></span> <span class='ocrx_word' id='word_1_182' title='bbox 1119 3279 1171 3347; x_wconf 90' lang='lat' dir='ltr'><strong>pa-</strong></span> 
     </span>
     <span class='ocr_line' id='line_1_31' title="bbox 237 3350 1170 3440; baseline 0 -23"><span class='ocrx_word' id='word_1_183' title='bbox 237 3362 320 3419; x_wconf 89' lang='lat' dir='ltr'><strong>trata</strong></span> <span class='ocrx_word' id='word_1_184' title='bbox 337 3351 391 3436; x_wconf 87' lang='lat' dir='ltr'><strong>sit,</strong></span> <span class='ocrx_word' id='word_1_185' title='bbox 415 3364 453 3420; x_wconf 91' lang='lat' dir='ltr'><strong>ut</strong></span> <span class='ocrx_word' id='word_1_186' title='bbox 472 3365 546 3439; x_wconf 86' lang='lat' dir='ltr'><strong>post</strong></span> <span class='ocrx_word' id='word_1_187' title='bbox 571 3352 758 3425; x_wconf 85' lang='lat' dir='ltr'><strong>innocentis</strong></span> <span class='ocrx_word' id='word_1_188' title='bbox 788 3352 917 3420; x_wconf 88' lang='lat' dir='ltr'><strong>obitum</strong></span> <span class='ocrx_word' id='word_1_189' title='bbox 939 3351 1005 3419; x_wconf 92' lang='lat' dir='ltr'><strong>duo</strong></span> <span class='ocrx_word' id='word_1_190' title='bbox 1038 3350 1170 3440; x_wconf 87' lang='lat' dir='ltr'><strong>eompli-</strong></span> 
     </span>
     <span class='ocr_line' id='line_1_32' title="bbox 236 3442 1169 3534; baseline -0.001 -24"><span class='ocrx_word' id='word_1_191' title='bbox 236 3461 290 3511; x_wconf 87' lang='lat' dir='ltr'><strong>oes</strong></span> <span class='ocrx_word' id='word_1_192' title='bbox 310 3445 560 3514; x_wconf 88' lang='lat' dir='ltr'><strong>matrimonium</strong></span> <span class='ocrx_word' id='word_1_193' title='bbox 585 3446 674 3514; x_wconf 91' lang='lat' dir='ltr'><strong>inter</strong></span> <span class='ocrx_word' id='word_1_194' title='bbox 692 3467 727 3516; x_wconf 90' lang='lat' dir='ltr'><strong>se</strong></span> <span class='ocrx_word' id='word_1_195' title='bbox 744 3445 880 3515; x_wconf 90' lang='lat' dir='ltr'><strong>inirent.</strong></span> <span class='ocrx_word' id='word_1_196' title='bbox 902 3444 952 3512; x_wconf 80' lang='lat' dir='ltr'><strong>Ex</strong></span> <span class='ocrx_word' id='word_1_197' title='bbox 972 3442 1040 3533; x_wconf 80' lang='lat' dir='ltr'><strong>quo</strong></span> <span class='ocrx_word' id='word_1_198' title='bbox 1060 3444 1169 3534; x_wconf 84' lang='lat' dir='ltr'><strong>sequi·</strong></span> 
     </span>
     <span class='ocr_line' id='line_1_33' title="bbox 237 3536 1169 3625; baseline 0.003 -23"><span class='ocrx_word' id='word_1_199' title='bbox 237 3546 302 3616; x_wconf 89' lang='lat' dir='ltr'><strong>tur,</strong></span> <span class='ocrx_word' id='word_1_200' title='bbox 327 3550 363 3606; x_wconf 87' lang='lat' dir='ltr'><strong>ut</strong></span> <span class='ocrx_word' id='word_1_201' title='bbox 383 3537 410 3605; x_wconf 93' lang='lat' dir='ltr'><strong>si</strong></span> <span class='ocrx_word' id='word_1_202' title='bbox 431 3538 507 3625; x_wconf 86' lang='lat' dir='ltr'><strong>quis</strong></span> <span class='ocrx_word' id='word_1_203' title='bbox 527 3539 706 3609; x_wconf 83' lang='lat' dir='ltr'><strong>interliciat</strong></span> <span class='ocrx_word' id='word_1_204' title='bbox 723 3539 880 3607; x_wconf 87' lang='lat' dir='ltr'><strong>maritum</strong></span> <span class='ocrx_word' id='word_1_205' title='bbox 901 3536 1169 3609; x_wconf 82' lang='lat' dir='ltr'><strong>alterius-eoniu-</strong></span> 
     </span>
    </p>
   </div>
   <div class='ocr_carea' id='block_1_11' title="bbox 0 0 1326 4175">
    <p class='ocr_par' dir='ltr' id='par_1_12' title="bbox 0 0 1326 4175">
     <span class='ocr_line' id='line_1_34' title="bbox 0 0 1326 4175; baseline 0 2"><span class='ocrx_word' id='word_1_206' title='bbox 0 0 1326 4175; x_wconf 95' lang='lat' dir='ltr'><strong> </strong></span> 
     </span>
    </p>
   </div>
  </div>
 </body>
</html>
