2642 4175
504 374 667 423 menania
685 379 720 423 11.
969 369 1035 429 507

136 432 329 558 periculum
359 471 642 556 incontinentiae,
679 475 731 544 ius
765 479 1082 566 petendiuebnum
1121 550 1124 555 ,

137 561 321 650 coniugale
341 563 371 632 ei
393 566 569 634 restituere
590 566 759 654 dignetur.

359 710 361 714 ·
429 683 483 752 die
578 688 701 753 mensis
911 692 988 760 anni

364 816 430 886 NN.
453 798 679 887 confessarius
697 821 854 892 ccclesiae

934 968 943 996 t

258 1168 339 1238 XlV.
361 1171 521 1240 Furnauiu
537 1174 671 1261 petendi
690 1175 964 1262 dispensationem

288 1286 386 1354 super
398 1267 628 1353 inpedimento
641 1268 791 1334 criminis
808 1270 942 1351 occuito,

438 1367 552 1426 neutro
567 1361 789 1429 machinante..

225 1568 457 1639 illustrissime
477 1592 515 1639 ao
534 1571 821 1642 Reverendissime
845 1572 1005 1656 Domine,

186 1738 337 1809 Maevius
358 1751 391 1807 et
409 1739 543 1824 liaevia,
564 1742 730 1811 Dioeuesis
750 1742 789 1811 N.
813 1743 948 1826 subditi,
973 1744 1088 1813 matri-

142 1834 300 1901 monium
332 1831 420 1903 inire
455 1835 605 1922 cupiunt.
638 1838 679 1902 dt
707 1856 786 1904 vero
807 1836 916 1905 obstat
947 1837 1087 1924 impedi·

141 1939 296 1995 mentum
324 1924 473 1994 criminis
500 1938 609 1995 ortum
635 1948 673 1996 ex
701 1929 819 2016 copula
851 1928 973 1997 carnali
998 1929 1084 1998 inter

144 2019 234 2108 ipsos
256 2017 384 2103 habita,
399 2030 505 2089 stante
526 2020 737 2089 matrimonio
757 2019 870 2090 liaevii
889 2041 963 2087 cum
985 2021 1087 2111 priori

144 2133 263 2195 uxore,
285 2132 361 2179 curn
387 2112 606 2202 promissione
624 2113 828 2182 matrimonii
849 2114 923 2181 data
944 2126 977 2183 et
996 2136 1088 2183 acce·

145 2218 236 2296 ptata
255 2257 265 2287 ,
287 2217 407 2274 neutro
434 2218 545 2275 tamen
566 2206 790 2275 machinante.
811 2205 1087 2294 impedimentum

146 2311 197 2368 est
215 2299 397 2379 occultum,
418 2300 629 2387 praevidetur
642 2299 936 2368 manifestandum.

199 2391 311 2474 Quare
336 2391 525 2461 humillime
543 2392 733 2482 supplicant
758 2391 1008 2461 illustrissimae
1026 2393 1089 2462 ilo·

149 2483 328 2555 miuationi
347 2484 494 2568 Vestrae,
524 2486 608 2554 utri
628 2486 795 2555 facultatis
814 2485 1014 2574 apostolicae
1035 2506 1089 2555 ex·

149 2577 396 2647 traordinariae
427 2599 529 2668 super
560 2600 600 2649 eo
633 2579 872 2668 impedimento
902 2599 979 2647 cum
1009 2579 1089 2669 ipsis

149 2672 345 2761 dispensare
365 2672 533 2759 dignetur.

209 2765 338 2835 Causae
356 2775 459 2832 suut:
484 2764 519 2831 l⁰
537 2765 647 2833 omnia
670 2766 710 2833 ad
730 2763 982 2834 matrimonium
1001 2766 1087 2842 cele-

150 2856 316 2926 brandurn
333 2868 467 2947 parata;
487 2856 523 2923 2⁰
542 2858 670 2926 formae
686 2857 797 2928 civiles
817 2859 883 2926 iarn
906 2850 1087 2947 impletne;

151 2945 187 3016 ’3ο
202 2950 330 3020 instans
349 2949 501 3019 oratricis
520 2960 647 3038 partus.

431 3067 507 3137 die
603 3067 726 3137 mensis
867 3067 992 3137 ,anni

368 3200 438 3271 NN.
458 3199 862 3279 Confessariusocclesiae

154 3409 159 3415 ”
187 3406 218 3460 ln
236 3410 346 3461 crimine
363 3407 549 3462 consideranda
561 3408 689 3461 estetiam
706 3405 884 3476 impedimenti
900 3408 1088 3477 multiplicitas,

154 3480 188 3535 dc
203 3499 256 3553 qua
273 3484 333 3538 ride
345 3495 463 3537 auctores
480 3486 579 3538 citatos.
598 3481 695 3537 Vrrum
714 3484 735 3536 si
751 3483 874 3535 adiuncta
892 3484 942 3536 rite
957 3500 1091 3552 exponan-

155 3566 207 3626 tur,
225 3561 276 3615 iam
294 3562 356 3615 inde
372 3578 497 3615 uumerus
507 3559 752 3631 impedimentorum
769 3576 904 3629 expressus
920 3570 1038 3629 apparot.
