2642 4175
353 348 397 421 or'a
415 376 652 423 mnnnmmrme
669 377 868 425 narnmoun
964 367 1031 428 375

141 473 280 545 cessitas
299 475 410 543 locum
428 473 632 558 nonhabet,
651 475 786 562 quando
805 476 1081 566 impedimentum

144 567 289 638 eius—est
309 566 465 655 generis,
490 565 525 635 in
544 579 623 657 quo
641 568 787 639 rlcclesia
813 589 997 661 numquam
1024 585 1083 645 aut

145 659 321 731 rarissime
340 659 521 748 dispensat,
551 661 598 729 ita
616 662 718 733 ctiam
745 661 855 733 locum
875 663 1000 736 habere
1013 686 1082 737 nun

147 751 438 843 poterit-quando
454 773 556 843 super
575 773 615 823 eo
633 754 872 846 impedimento
890 755 1080 844 dirimente,

146 847 238 917 unde
256 845 366 915 oritur
378 845 583 917 matrimonii
600 848 748 933 nullitas,
762 848 963 938 dispensatio
982 851 1083 922 fuant

148 939 297 1020 obtentu,
319 939 398 1028 quia
418 939 563 1011 Ecclesia
584 941 619 1010 in
638 962 678 1012 eo
697 940 935 1035 impedimento
954 940 1083 1033 dispen-

14 1052 16 1069 ¹
144 1053 222 1103 sare
240 1033 459 1103 consueverit.

194 1124 286 1195 luter
301 1134 372 1209 tut,
394 1136 570 1214 tantasque
600 1127 764 1217 expositas
793 1127 973 1216 ambages,
996 1148 1083 1218 quae

145 1217 295 1297 diversus
313 1218 513 1288 certiorandi
534 1218 575 1288 de
594 1221 748 1291 nullitate
781 1219 985 1291 matrimonii
1011 1241 1082 1292 mc·

143 1312 205 1381 dos
217 1310 413 1401 respiciunt,
429 1332 496 1381 non
517 1311 575 1380 abs
591 1332 629 1381 re
649 1314 726 1397 crit,
739 1312 769 1382 si
784 1332 846 1402 pro
862 1311 1081 1387 instructione

14 1438 16 1465 i
144 1404 343 1492 praesertim
368 1403 678 1490 Confessariorum,
702 1417 740 1476 ut
758 1405 982 1478 conscientiae
1001 1427 1082 1478 suae

14 1498 16 1501 ’
144 1496 251 1566 tutius
271 1509 395 1587 queant
427 1497 642 1586 prospicere,
665 1512 734 1571 tres
760 1500 896 1589 regulas
916 1508 1082 1591 propona-

145 1610 237 1659 mus.
252 1588 369 1659 ¹Prima
387 1591 504 1679 regula
523 1601 598 1674 est,
626 1591 654 1660 si
674 1592 903 1664 confessarius
934 1594 1083 1664 advertat

144 1683 355 1752 intercedere
366 1683 501 1773 aliquod
517 1683 791 1774 impedimentum
806 1686 979 1770 dirimens,
991 1687 1081 1777 quod

144 1775 345 1865 ahuuoque
364 1776 506 1865 coniuge
525 1776 711 1864 ignoratur,
730 1779 775 1848 itu
795 1791 833 1848 ut
850 1780 948 1849 ambo
967 1779 1082 1853 sintin

145 1868 232 1938 bona
252 1868 320 1938 fide
339 1868 535 1951 constituti,
565 1890 633 1940 non
667 1881 794 1940 temere
826 1872 925 1942 debet
955 1872 1081 1944 eisdem

146 1960 354 2048 matrimonii
368 1961 556 2031 nullitatem
575 1963 719 2052 aperire;
734 1974 804 2032 tum
820 1964 927 2033 solum
944 1964 1082 2054 aperiat,

143 2054 503 2145 quando'compererit
523 2074 580 2146 eos
599 2056 635 2125 in
655 2054 811 2144 coniugio
843 2075 916 2127 esse
944 2077 1081 2126 concor·

143 2150 215 2233 des,
237 2168 340 2238 seque
360 2169 474 2218 amore
494 2148 631 2218 sincero
644 2148 843 2237 complecti;
876 2160 911 2218 at
935 2149 963 2218 si
994 2149 1081 2219 male

143 2242 233 2312 inter
254 2261 311 2311 eos
328 2241 530 2322 convenerit,
547 2252 581 2310 et
599 2241 791 2331 frequentes
809 2240 1017 2312 intercedent
1035 2240 1082 2310 ri-

142 2334 405 2424 xac‚putinseos
421 2334 455 2403 in
473 2334 561 2403 bona
577 2333 643 2403 fido
657 2333 850 2424 relinquere
865 2332 1079 2423 debetorum

146 2427 388 2517 impedimento
407 2427 574 2497 nonsatis
600 2440 696 2497 caute
715 2426 856 2511 detecto,
880 2427 1082 2517 gravissimis

14 2547 15 2550 ¹
144 2519 376 2605 incommodis,
398 2531 433 2589 et
451 2519 614 2591 scandalis
627 2540 739 2592 ansam
755 2520 943 2610 praeberet.
958 2520 1041 2611 Cap.
1058 2519 1080 2591 6

14 2669 16 2676 ,
144 2613 187 2683 de
204 2612 304 2683 Cous.
327 2625 362 2683 et
381 2612 485 2698 affin,
509 2626 543 2684 et
561 2613 738 2685 lnstruotic
757 2614 856 2685 Card.
876 2614 1019 2704 Capram
1034 2613 1080 2684 a5

143 2709 225 2795 Apr.
246 2703 355 2775 1803.
382 2706 471 2776 llaec
491 2706 600 2797 praxis
618 2710 729 2800 locum
756 2708 856 2779 etiam
876 2707 1000 2792 habal,
1022 2708 1079 2779 uhi

145 2799 257 2888 agitur
275 2799 317 2869 de
334 2799 449 2889 aliquo
469 2799 551 2869 iuris
567 2812 708 2871 naturae
723 2801 961 2891 impedimento
976 2822 1026 2869 er.
1042 2821 1077 2890 g.

145 2892 186 2962 de
205 2891 494 2981 impotentia,ch
513 2892 671 2962 audiendi
692 2905 769 2961 sunt
788 2892 846 2982 qui
863 2892 1078 2961 monitionem

144 2986 180 3053 in
199 2984 266 3054 hoc
284 3006 363 3055 casu
390 2985 667 3075 praemittendam
687 3005 759 3054 esse
778 2983 994 3054 arbitrantur.
1020 2982 1079 3055 Se·

146 3078 263 3148 cunda·
279 3079 399 3166 'regula
425 3089 498 3164 cst,
519 3078 548 3148 si
564 3076 793 3148 confessarius
817 3078 949 3165 detegat
974 3096 1078 3147 unum

144 3189 184 3239 er
210 3170 409 3261 coniugibus
438 3171 608 3241 conscium
635 3191 707 3241 esse
736 3169 964 3260 impedimenti
996 3167 1079 3237 diri·

146 3263 286 3348 mentis,
308 3277 341 3334 et
360 3265 395 3334 iu
415 3265 502 3333 mala
522 3264 588 3334 fide
607 3263 757 3347 versari,
779 3259 908 3333 necilli
927 3271 1081 3354 suppetat

14 3355 16 3382 '
147 3357 264 3426 modus
281 3357 403 3449 aliquis
430 3368 545 3439 tutus,
571 3377 637 3447 quo
655 3355 779 3427 certior
796 3355 957 3425 reddatur
974 3354 1077 3425 altera

145 3467 221 3535 pars
237 3451 279 3520 de
299 3452 453 3522 nullitate
491 3449 720 3533 matrimonii,
752 3448 787 3518 in
812 3447 876 3518 hoc
901 3468 979 3518 casu
1005 3468 1077 3518 rem

149 3550 249 3611 totam
265 3572 268 3580 ⁴
283 3563 359 3613 cum
389 3543 545 3614 omnibus
576 3543 645 3613 suis
679 3541 944 3613 circumstantiis
963 3541 1078 3613 llaiori
