2642 4175
245 290 287 346 52
615 296 718 343 carun
735 296 757 339 1.

199 398 342 481 intersit,
365 395 625 466 ecclesiasticum
645 393 791 463 ludicem
812 393 930 477 adire,
955 404 992 462 ut
1021 394 1137 464 matri·

199 492 350 562 monium
371 490 602 561 interdicatur.
623 488 758 559 Certum
779 489 879 557 etiam
905 499 972 570 est,
995 508 1135 577 sponsa.-

199 587 244 655 lia
266 584 376 655 invitis
394 584 589 675 parentibus
607 581 688 652 inita
709 581 841 651 dissolvi
863 602 969 669 posse,
993 581 1069 650 ticet
1086 583 1136 650 in·

200 690 389 749 ramentum
409 676 646 761 intercesserit,
669 674 716 744 uti
734 675 833 744 tradit
852 674 1049 746 Benedictus
1066 675 1134 743 lllll

196 773 303 842 instit.
332 771 459 842 Eccles.
481 770 539 839 16.

617 995 633 1084 5
651 992 711 1064 15.

444 1151 492 1211 ltc'
507 1153 670 1210 edentibus
686 1152 887 1221 sponeeltnm.

245 1333 317 1401 Iino
336 1331 507 1422 praecipui
529 1335 607 1400 sunt
625 1331 829 1420 sponsalium
857 1333 1018 1412 attactus,
1048 1331 1134 1399 alter

151 1483 154 1498 .
198 1426 365 1514 generalis
387 1437 420 1493 et
438 1424 528 1493 omni
546 1425 729 1496 contractui
749 1422 958 1505 communis,
981 1423 1135 1492 videlicet

77 1536 85 1556 ·
196 1519 358 1607 obligatio
376 1518 577 1607 praestandi,
596 1521 684 1608 [quod
700 1519 901 1607 promissum
916 1528 976 1599 est,
993 1538 1067 1585 cum
1081 1517 1133 1585 ni·

198 1614 245 1680 bil
270 1624 336 1682 tam
357 1611 435 1681 fidei
455 1611 621 1681 humanae
646 1634 831 1701 congruum
861 1614 926 1695 sit,
962 1632 1061 1700 quam
1098 1621 1136 1679 ut

199 1718 293 1796 pacta
316 1716 489 1774 serventur
509 1716 541 1775 et
560 1706 818 1795 adimpleantur,
838 1728 911 1795 cap.
935 1703 951 1770 1
977 1717 1010 1773 et
1040 1702 1061 1770 1
1093 1702 1134 1772 de

202 1799 316 1889 pactis;
337 1800 374 1867 t.
394 1798 412 1866 1
431 1799 465 1866 ff.
488 1800 530 1868 de
555 1799 642 1868 Pact.
664 1801 754 1869 Alter
774 1800 910 1869 effectus
930 1797 1134 1886 sponsalium

199 1904 251 1962 est
269 1892 542 1982 impedimentum
558 1893 710 1982 publicae
731 1893 912 1962 honestatis
935 1893 1020 1960 inter
1039 1910 1136 1980 spon·

198 1987 226 2055 si
249 1996 283 2055 et
298 2007 437 2075 sponsae
456 1986 732 2073 consanguineos,
752 1986 792 2057 de
815 2009 881 2076 quo
908 1987 992 2055 infra
1011 2005 1135 2053 sermo·

198 2103 273 2152 nem
301 2080 511 2150 habebimus.
546 2079 623 2149 lure
658 2102 792 2170 quoque
824 2080 926 2150 veteri
945 2078 1134 2169 sponsalia,

196 2176 317 2265 quibus
333 2173 570 2247 commercium
593 2174 701 2262 ipsum
735 2175 844 2243 carnis
864 2184 1070 2255 accesserat,
1097 2173 1132 2240 in

197 2268 444 2338 matrimonium
467 2267 661 2350 transibant,
689 2288 761 2356 cap.
783 2267 828 2336 15
851 2282 883 2337 et
902 2266 948 2337 30
965 2269 1006 2336 de
1027 2264 1132 2354 Spon-

196 2364 256 2430 sal.
285 2372 319 2430 et
335 2358 492 2442 Matrim,
510 2361 598 2449 qnod
614 2373 724 2430 tamen
740 2383 799 2450 per
816 2361 895 2452 Syn.
912 2361 1003 2430 lrid.
1025 2360 1133 2428 subla·

199 2468 267 2524 tum
290 2464 354 2521 est.
437 2523 444 2527 .

146 2602 152 2627 ,
241 2545 353 2614 Primo
375 2543 487 2634 itaque
506 2565 545 2615 en
559 2547 770 2635 sponsalibus
793 2548 952 2637 obligatio
967 2546 1075 2617 oritur
1090 2548 1131 2616 ad

196 2639 328 2728 nuptias
348 2639 591 2708 contrahendas
617 2661 693 2708 cum
731 2663 873 2730 persona
908 2644 1130 2730 desponsata,

198 2753 303 2823 eaque
319 2731 476 2820 obligatio
496 2754 563 2802 non
584 2754 622 2802 ex
640 2735 709 2802 sola
731 2735 851 2805 virtute
871 2735 1040 2805 fidelitatis
1060 2756 1134 2823 pro·

198 2827 283 2908 linit,
306 2838 343 2894 ut
374 2827 477 2916 aliqui
498 2828 649 2896 doctores
669 2828 829 2912 sentiunt,
851 2831 908 2898 sed
935 2851 973 2898 ex
1005 2828 1130 2897 iustitia

198 2920 448 3003 commutativa,
472 2942 547 2989 cum
584 2921 749 3010 sponsalia
771 2922 812 2991 ob
832 2923 975 3011 speciale
1008 2943 1131 2990 nomen

196 3015 262 3085 sint
275 3034 372 3084 verus
392 3025 580 3083 contractus
594 3015 803 3095 nominatus,
823 3028 880 3085 aut
899 3028 987 3084 certe
1005 3027 1133 3083 contra-

196 3121 267 3179 ctus
286 3107 525 3191 innominatus,
544 3108 630 3194 socio
649 3111 818 3198 etfacilis·
833 3131 872 3178 en
886 3110 1002 3199 quovis
1019 3121 1132 3177 eutem

198 3214 369 3272 contractu
396 3202 543 3271 nascitur
576 3202 688 3270 stricta
723 3203 882 3291 obligatio
908 3202 1076 3284 iustitiae,
1100 3212 1134 3270 et

197 3317 296 3385 graue
316 3306 366 3366 est
383 3295 481 3364 fidem
499 3296 628 3364 fallere.
657 3296 771 3386 Neque
789 3318 866 3365 vero
901 3297 979 3364 linio
1003 3307 1135 3389 sentem

198 3390 263 3458 tiae
283 3389 464 3478 quidquam
487 3389 612 3471 officit,
635 3392 724 3478 quod
756 3390 829 3460 iure
847 3390 933 3459 ciuili
954 3391 1133 3478 desponsa·

198 3482 238 3552 tis
258 3483 458 3571 permissum
478 3482 522 3552 sit
548 3482 720 3572 poenitere
742 3496 775 3554 et
805 3485 901 3555 alteri
924 3484 1075 3566 nubere;
1098 3481 1131 3548 id
