2642 4175
299 354 366 413 370
633 362 737 408 carun
754 362 802 407 111.
1316 416 1317 423 ἵ

251 461 588 539 scltMatrimonium.
609 462 692 531 Gom
711 462 849 531 veritate
868 463 1198 552 commatrisque
1316 468 1317 519 l

251 558 320 628 ullo
334 555 506 626 mendacio
521 575 598 644 pars
614 554 845 643 impedimenti
859 555 989 624 conscia
1003 557 1113 624 dicere
1130 577 1198 645 po·

251 662 316 722 test
329 669 366 718 se
382 669 400 717 a
415 648 578 738 principio
599 647 741 716 invalide
758 667 954 717 consensum
968 647 1193 737 praestitisse,
1316 726 1317 731 η

249 746 301 813 val
313 762 348 813 se
360 761 427 811 non
441 740 658 824 consensisse,
668 751 707 809 ut
717 760 778 829 par
790 752 873 823 erat,
890 738 1021 810 delectu
1032 760 1195 811 necessa·

250 835 322 905 riae
334 834 574 903 instructionis:
595 853 776 902 consensus
789 833 880 902 enim
896 845 993 904 antea
1006 833 1194 924 praestitus

250 929 294 998 ob
313 928 588 1017 impedimentum
608 926 779 1009 dirimens,
805 927 894 1015 quod
914 926 1099 1009 intercedit,
1121 947 1195 998 nec
1316 992 1317 999 ,

252 1020 392 1103 validus,
406 1040 410 1047 ·
424 1038 487 1089 nec
505 1018 672 1088 sufficiens
692 1029 752 1101 est,
775 1030 808 1089 et
827 1019 964 1108 perinde
983 1020 1124 1089 habetur
1145 1022 1194 1089 ad
1316 1030 1317 1087 l

250 1113 451 1184 Matrimonii
469 1112 634 1192 effectum,
663 1133 701 1180 ac
727 1111 755 1180 si
776 1112 953 1201 praestitus
972 1132 1037 1181 non
1054 1113 1190 1183 luisset.

251 1206 435 1275 invalidum
457 1206 581 1295 quippe
601 1204 727 1293 aliquid
750 1223 834 1287 esse,
852 1216 885 1273 et
902 1225 969 1273 non
990 1225 1072 1287 esse,
1095 1206 1192 1276 iuxta

249 1300 420 1388 vulgatum
454 1297 538 1366 iuris
572 1295 773 1385 principium
805 1308 884 1364 sunt
911 1298 1193 1388 praeloquia
1316 1304 1317 1321 ¹

251 1393 370 1461 modus
389 1391 451 1460 iste
468 1410 583 1478 graves
603 1389 729 1478 patitur
747 1389 968 1473 difficultates,
989 1392 1193 1479 praesertim
1316 1392 1317 1397 ’

253 1483 281 1554 si
312 1483 434 1553 mulier
452 1503 510 1552 rea
539 1483 606 1564 sit,
633 1493 667 1551 et
697 1502 736 1551 ex
754 1482 874 1551 delicto
893 1503 954 1551 suo
973 1503 1107 1551 causam
1126 1485 1191 1554 dc·

252 1577 340 1645 derit
368 1575 608 1664 impedimento
640 1573 835 1658 dirimenti,
868 1575 1002 1644 aliunde
1023 1576 1193 1646 vero'lla-

251 1668 337 1737 ritus
356 1666 587 1755 impedimenti
605 1668 750 1751 nescius,
773 1667 982 1757 perspicacis,
999 1668 1138 1751 vividae,
1159 1682 1195 1739 et

251 1759 452 1849 suspiciosae
482 1759 604 1829 indolis
630 1780 703 1830 esse
719 1772 948 1849 cognmentum
975 1762 1051 1830 ideo
1069 1782 1193 1831 secun·

251 1853 330 1921 dum
366 1852 423 1921 alii
454 1863 646 1942 proponunt
679 1854 837 1939 modurn,
873 1875 939 1943 quo
972 1874 1049 1941 pars
1083 1856 1193 1943 impe·

250 1945 390 2016 climenti
409 1945 542 2015 conscia
562 1946 747 2033 generatim
768 1945 936 2034 ignoranti
954 1946 1079 2015 indicet
1096 1948 1192 2036 prio·

252 2037 300 2108 ris
331 2059 512 2109 consensus
541 2036 754 2124 nullitatem',
785 2049 819 2108 et
848 2059 969 2110 norum
989 2059 1193 2109 eonsensum

252 2132 370 2221 exigat,
388 2131 539 2216 dicando,
566 2153 595 2199 v.
617 2151 671 2219 gr.
689 2131 844 2221 Suspicor
862 2141 892 2201 tc
909 2154 975 2201 oon
998 2154 1064 2202 arse
1083 2151 1192 2201 mecm

251 2224 421 2315 eociupem
435 2226 550 2314 aliquo
562 2226 601 2292 ds
619 2246 729 2304 cossa,
747 2225 818 2293 ideo
832 2247 947 2314 precor
964 2227 1009 2293 cd
1026 2228 1193 2295 conscien-

251 2318 318 2387 lice
335 2340 425 2387 mace
438 2338 555 2406 pacem
580 2339 640 2386 uos
658 2319 764 2385 murm
778 2338 839 2405 pro
858 2318 1050 2406 coriopibus
1068 2319 1192 2386 dedec-

250 2431 338 2478 mus.
359 2410 408 2479 lta
432 2421 506 2497 post
524 2410 621 2478 Gard.
644 2409 854 2491 Caletanum,
888 2411 1049 2479 Martinus
1067 2411 1193 2479 Navar-

251 2522 309 2570 rus
322 2501 360 2569 in'
374 2502 516 2570 Manuali
532 2523 604 2591 cap.
617 2499 677 2567 ld.
688 2501 835 2570 Tertium
850 2521 918 2570 non
934 2504 1031 2590 pauci
1052 2504 1192 2571 modum

254 2594 1192 2684 suppeditant,quodnempeaparteimpedimentiignara

253 2704 357 2753 novus
374 2696 565 2774 reportetur
580 2706 760 2755 consensus
774 2687 837 2755 sub
848 2688 1051 2756 conditione:
1067 2700 1149 2778 puta
1162 2691 1193 2756 si

154 2843 160 2852 .
254 2797 328 2847 eam
344 2776 396 2846 his
411 2776 546 2847 vocibus
563 2779 669 2848 amice
686 2780 875 2869 compellat:
895 2780 968 2848 ‹lta
986 2780 1048 2849 tibi
1068 2781 1190 2863 afficio,

253 2883 291 2940 ut
303 2870 330 2938 si
344 2891 412 2939 non
425 2882 513 2940 esset
526 2872 613 2941 inter
629 2892 690 2940 nos
703 2872 962 2956 Matrimonium,
980 2885 1040 2942 aut
1052 2874 1136 2942 illud
1152 2894 1193 2942 ex

253 2964 364 3053 eliqua
384 2984 482 3033 causa
498 2966 627 3032 nullum
643 2965 729 3034 foret
748 2976 782 3033 et
800 2963 945 3049 irritum,
966 2966 1190 3035 nihilominus

253 3057 438 3145 reciperem
458 3068 489 3125 te
509 3056 608 3126 etiam
626 3057 668 3126 de
686 3058 784 3140 lacto,
806 3057 853 3126 ita
872 3070 904 3127 te
924 3058 1062 3148 recipio.
1084 3058 1191 3127 Num·

254 3148 346 3238 quid,
367 3160 401 3218 et
417 3161 453 3218 tu
472 3148 685 3220 similiter‘l»
705 3148 739 3218 Si
758 3151 957 3239 respondeat
969 3152 1090 3239 recipio
1109 3151 1194 3240 (non

254 3241 343 3310 enim
357 3242 447 3311 iuxta
465 3241 614 3311 omnium
632 3241 832 3311 seutentiam
853 3244 1021 3318 sufficeret
1037 3263 1098 3311 vox
1114 3245 1194 3311 reci·

249 3354 386 3423 percot;
406 3333 596 3404 huiusmodi
618 3335 706 3402 euim
731 3356 792 3403 vox
810 3337 971 3405 actualem
992 3355 1193 3405 consensum

255 3426 295 3492 de
316 3427 482 3513 praesenti
502 3448 563 3517 pro
594 3428 737 3510 essentia
768 3427 969 3497 Matrimonii
988 3428 1194 3519 requisitum

254 3517 450 3607 neutiquam
470 3518 631 3611 involvit),
653 3522 704 3589 vel
723 3538 763 3590 eo
784 3521 903 3591 allecta
921 3542 957 3591 se
976 3534 1193 3611 cognoscant,
