2642 4175
296 356 363 415 374
633 364 737 411 onnon
753 365 801 410 m.

252 467 320 538 tiso
338 462 545 555 quaestionis
562 461 628 532 tuit
643 482 745 552 supro
757 463 1033 532 domomtrotnm.
1049 465 1191 534 distento

252 572 366 631 nutem
384 558 528 647 ipsonsot
544 555 691 627 Nosnrro
710 555 745 624 in
764 556 875 638 modo,
896 576 996 645 onom
1017 557 1088 646 ipse
1107 578 1189 647 pro-

252 651 348 744 ponit
368 669 436 720 non
451 649 491 719 iit
506 668 598 733 roro,
615 649 726 740 ploro,
748 661 783 719 ot
800 648 978 719 sufficiens>
994 650 1189 720 oortiorstio

252 742 417 816 nniiitstis
433 741 556 831 prioris
573 761 767 812 consensus.
786 741 965 831 Porporom
985 743 1125 832 proinde
1141 744 1188 812 sd
1310 816 1311 829 p

137 864 141 883 ·
253 858 335 909 suno
349 836 516 927 opinionis
532 834 799 925 probsbiiitrtom
815 835 1117 920 demonstrandam,
1134 847 1188 905 os

253 935 321 1002 iorn
341 950 382 1000 ox
399 928 541 1019 poritsto
558 927 768 1018 Boptismntis
793 928 835 996 in*
856 929 1063 999 extremitato
1087 928 1188 1018 digiti

255 1022 378 1105 colisti,
388 1023 522 1112 quondo
535 1033 651 1110 portos
659 1021 851 1111 periclitans
864 1021 959 1091 ilium
972 1022 1125 1105 extrahit,
1135 1043 1193 1090 or·

256 1117 330 1224 puit
340 1116 381 1185 nd
396 1117 570 1193 oosomdo
582 1135 651 1205 qno
661 1114 805 1202 agimus
820 1114 985 1202 siquidem
999 1136 1073 1185 oum
1086 1115 1192 1185 etism

259 1230 294 1280 rn
309 1209 517 1279 extremitsto
529 1207 1109 1299 digitiqnsohumsnioorporispsrs
1124 1221 1193 1292 ost,

255 1322 332 1373 rora
345 1312 379 1371 ot
391 1301 527 1391 propria
534 1300 616 1370 lotio
630 1300 700 1384 dot,
710 1312 768 1370 sut
780 1299 894 1383 dubio,
904 1313 962 1370 out
973 1320 1040 1371 non
1052 1300 1197 1370 omnino

259 1394 491 1499 improbabilis
503 1391 617 1483 opinio
626 1405 688 1478 ost,
696 1413 782 1501 quoe
790 1404 931 1500 urgento
943 1405 1194 1482 mortoportnm
1310 1442 1311 1485 ff

257 1489 308 1557 sio
325 1486 487 1575 baptizorr
506 1505 603 1575 posse
616 1487 799 1556 contondrt.
819 1486 974 1574 iungitur
985 1488 1085 1556 etism
1100 1489 1195 1576 quod

255 1578 421 1668 Baptismo
445 1589 505 1647 out
521 1579 685 1663 ooniorri,
708 1590 766 1649 aut
794 1580 901 1668 repeti
921 1579 984 1649 sub
1002 1579 1196 1650 conditione

256 1681 378 1762 potest,
397 1670 426 1740 si
445 1681 561 1760 partus
581 1671 724 1761 integer,
747 1683 782 1741 ot
794 1670 886 1740 vivus
905 1668 1055 1762 prodent,
1076 1693 1194 1741 rorum
1310 1750 1311 1753 Ἴ

257 1766 294 1834 in
314 1763 572 1834 circumstantiis
591 1785 699 1849 ossus,
719 1767 760 1834 do
778 1783 846 1854 quo
861 1766 1002 1854 agimus,
1014 1765 1100 1834 nulii
1115 1784 1196 1834 oon·

258 1856 378 1927 ditioni
398 1857 492 1927 locus
518 1867 590 1942 ost,
613 1868 672 1927 aut
690 1877 763 1929 osso
782 1868 908 1947 potost:
930 1857 1076 1947 deniquo
1096 1879 1137 1927 ex
1154 1877 1197 1927 oo

261 1950 361 2020 otiam
375 1950 483 2041 capito
494 1950 582 2020 malo
593 1950 706 2039 arguit
716 1950 883 2021 Navarrus
895 1951 1065 2040 speritate
1075 1950 1199 2040 baptis·

217 2117 230 2126 ,
260 2044 360 2115 mstis
381 2043 415 2114 in
431 2062 511 2116 osso
539 2043 746 2115 nsoossitstis
764 2044 805 2113 sd
825 2064 938 2115 ossum
967 2055 1140 2114 nostrum:
1161 2044 1197 2113 in

261 2139 326 2209 hoo
344 2138 434 2209 onim
453 2149 569 2209 nostro
587 2158 667 2207 ossu
685 2157 753 2207 non
772 2136 871 2207 dntur
890 2149 1037 2207 extrema
1056 2137 1115 2207 ills
1137 2157 1197 2207 ne·

261 2232 409 2316 moritis,
425 2243 526 2321 prout
536 2231 573 2299 in
586 2230 784 2320 baptismate
800 2230 920 2314 existit,
931 2251 999 2320 quo
1013 2251 1082 2300 non
1095 2231 1196 2300 collo-

262 2337 308 2406 to,
316 2326 499 2396 dsostomo
512 2324 687 2393 morientis
698 2336 814 2413 portus
825 2324 1075 2393 solnteomnino
1086 2335 1196 2393 sotum

262 2429 361 2487 osset.
378 2416 420 2486 m
432 2417 815 2506 sano‚quemrdmodum
829 2438 847 2486 a
862 2415 969 2507 Sylvio
983 2416 1088 2505 probo
1101 2425 1197 2487 notn'·

262 2520 334 2579 tum
352 2510 429 2593 fuit,
450 2508 612 2596 contingit
640 2529 709 2578 non
738 2529 828 2593 roro,
854 2520 893 2578 ut
918 2509 1195 2598 impedimentum
1310 2539 1311 2584 3

258 2602 419 2670 dirimens
440 2602 514 2671 sius
531 2600 575 2671 sit
593 2602 750 2689 generis,
779 2601 813 2671 in
835 2623 901 2692 quo
918 2602 1064 2670 Ecclesia
1097 2622 1197 2672 num·
1310 2613 1311 2680 t

263 2713 363 2783 quom
379 2705 436 2764 aut
449 2712 588 2783 perraro
607 2693 787 2784 dispensat,
809 2696 836 2764 si
853 2717 883 2762 v.
906 2716 938 2783 g.
961 2695 1111 2763 iionialis
1130 2696 1195 2764 iarn

258 2787 407 2877 proiosoa
441 2786 550 2855 virum
583 2787 714 2857 duxerit
743 2788 891 2877 religiosi
927 2798 1032 2857 status
1064 2788 1197 2877 penitus
1310 2811 1311 2820 ¹

259 2880 427 2970 ignorum.
448 2880 487 2949 ln
506 2878 559 2948 his
577 2880 834 2951 circumstantiis
863 2900 962 2950 nomo
993 2899 1061 2949 non
1093 2880 1194 2964 ridet,

261 2975 350 3062 qood
367 2972 503 3042 omnino
522 2973 698 3062 soporandi
711 2985 790 3043 sunt
802 2973 938 3064 putatiri
952 2973 1009 3041 isti
1026 2973 1195 3062 coniuges,

262 3065 424 3156 quidquid
450 3064 529 3135 mali
548 3064 626 3136 indo
644 3066 778 3136 oronim
804 3066 907 3157 possit
914 3088 924 3150 ;
947 3085 1057 3154 noque
1082 3086 1196 3136 revers

260 3159 440 3236 noosssitss
453 3169 598 3228 ortromo
614 3178 730 3247 roopso
743 3159 846 3240 sdsst,
859 3160 904 3228 ito
919 3170 958 3227 ut
969 3159 1083 3248 aliquo
1097 3159 1198 3228 modo

262 3252 325 3322 sibi
346 3252 468 3322 mulier
486 3263 633 3340 nequest
650 3252 836 3336 consulere,
859 3252 986 3326 soiiioet
1004 3271 1040 3321 so
1059 3244 1196 3322 abscon·

263 3343 385 3429 dendo,
406 3344 564 3433 fugiendo
585 3344 711 3413 in-tooa
731 3343 927 3429 remots‚‘ot
942 3344 1122 3433 incognito,
1145 3365 1196 3414 ro·

264 3437 445 3524 grodiondo
462 3436 659 3526 praesertim
672 3439 803 3508 occulto
815 3439 856 3508 sd
864 3438 1081 3527 religionem,
1096 3457 1196 3527 quom

264 3548 325 3618 per
344 3529 545 3619 apostasiam
559 3530 729 3603 deseruit:
757 3530 856 3601 sirmi
876 3551 958 3620 orgo
977 3542 1123 3600 ortroma
1140 3538 1199 3600 n'e·
