2642 4175
291 329 356 389 tea
624 339 728 386 cenna
745 338 792 382 111.

242 440 338 531 gorio
351 439 423 509 xttt
440 440 555 510 donst.
569 439 801 520 dscunnuuru,
819 436 866 506 tt
881 436 968 506 lunii
984 434 1089 520 tart,
1103 436 1179 507 sim·

241 533 386 624 plicibus
411 533 507 616 rotis,
529 553 615 623 quac
641 533 676 603 in
696 534 854 603 societate
874 531 948 601 lesu
977 530 1179 602 emitteban-

240 641 316 711 tur,
337 627 552 697 concessisse.
592 626 678 695 Num
711 626 743 695 id
780 628 890 695 locum
921 625 1031 703 adhuc
1058 625 1179 696 habeat

244 734 322 811 post
340 721 507 792 societatis
520 719 803 809 suppressionem,
820 730 853 790 et
864 719 1105 808 subsequutum
1125 740 1179 789 re·

245 814 466 899 stitutionem,
490 815 656 885 affirmare
675 835 741 884 non
760 814 881 887 audeo.
901 812 1035 881 Nullum
1054 813 1179 901 pariter

245 908 400 992 dubium,
423 908 504 998 quin
524 908 685 992 Ecclesia,
699 909 747 977 vel
764 908 805 977 ll.
823 906 971 976 Pontifex
991 918 1084 977 extra
1103 928 1175 997 pre·

240 1003 421 1075 ,sessionem
441 1002 641 1090 Religionis,
665 1013 699 1071 et
715 1013 805 1071 extra
827 999 883 1069 SS.
905 998 1045 1069 Ordines
1065 1012 1174 1069 uotum

237 1097 379 1187 ‚aliquod
397 1097 546 1167 solemne
573 1095 749 1165 instituere
780 1094 903 1184 possit,
922 1095 1012 1183 quod
1041 1095 1172 1164 eosdem

243 1190 378 1263 effectus
395 1192 566 1280 producat.

660 1418 678 1496 g
693 1410 753 1481 49.

576 1570 621 1626 lle
650 1568 849 1638 cognatione.

287 1748 420 1838 Triplex
438 1759 488 1818 est
507 1749 672 1837 cognatio,
691 1747 864 1843 naturalis,
885 1743 1068 1836 spiritualis
1088 1755 1121 1815 et
1133 1745 1174 1815 le·
1299 1716 1300 1765 ³

241 1842 340 1933 galis.
360 1843 538 1927 Naturalis,
558 1865 644 1933 qnae
663 1840 933 1932 consanguinitas
952 1851 1173 1928 nuncupatur,
1299 1866 1300 1879 ³

242 1946 292 2007 est
309 1934 475 2007 vinculum
497 1938 664 2027 quoddam
683 1956 920 2026 personarum,
944 1953 1089 2023 quarum
1111 1953 1173 2003 ana

240 2031 283 2102 ab
304 2030 392 2116 alia,
414 2033 464 2104 rel
483 2052 600 2103 omnes
617 2031 660 2101 ab
678 2031 794 2101 eadem
819 2049 972 2120 persona,
1006 2038 1173 2118 tamquam
1299 2086 1300 2122 ,

239 2127 472 2215 progenitore,
491 2147 550 2197 seu
574 2125 742 2196 communi
763 2125 898 2215 stipite,
921 2134 958 2192 ut
977 2120 1093 2205 aiunt,
1117 2141 1175 2210 per

239 2222 408 2290 carnalem
425 2220 699 2311 propagationem
713 2219 916 2288 derivantur.
933 2217 1101 2285 Personae
1115 2215 1175 2283 ita·

238 2334 308 2403 quc
327 2325 466 2403 possunt
486 2315 527 2382 ab
549 2334 614 2383 uno
636 2312 853 2402 progenitore
885 2310 1086 2381 descendere
1115 2308 1176 2380 du·

237 2406 320 2496 plici
340 2407 465 2490 modo,
489 2407 537 2475 vel
558 2427 618 2496 per
636 2406 886 2496 generationem
922 2403 1173 2485 immediatam,

240 2510 408 2588 quatenus
429 2520 493 2570 una
519 2501 561 2570 ab
586 2501 690 2570 altera
719 2500 832 2589 genita
866 2510 939 2582 est,
961 2498 1010 2568 nti
1030 2507 1126 2587 pater
1141 2507 1176 2565 et
1299 2565 1300 2576 ,

239 2591 344 2673 fitius
364 2593 414 2662 rel
435 2614 495 2681 per
514 2594 764 2682 generationem
785 2594 984 2676 mediatam,
1012 2602 1175 2681 quatenus
1299 2579 1300 2666 i

242 2706 307 2758 nna
329 2686 468 2758 alteram
493 2708 560 2757 non
589 2688 721 2776 genuit,
742 2688 800 2757 sed
819 2700 932 2767 tamen
953 2704 1175 2775 unaquaeqne
1299 2715 1300 2718 ¹

242 2778 284 2848 ah
299 2778 416 2849 eodem
436 2780 586 2869 proximo
607 2782 720 2872 stipite
746 2803 806 2871 per
838 2779 1073 2871 generationes
1102 2798 1173 2850 car·

242 2873 335 2944 nelca
355 2885 542 2963 promanat,
564 2875 611 2945 uti
628 2876 779 2945 scateret
798 2896 917 2958 soror,
940 2887 998 2944 aut
1016 2874 1083 2944 duo
1103 2892 1176 2942 con·
1299 2951 1300 2954 Ἴ

240 2966 389 3052 sobrini,
408 2990 554 3059 quorum
580 2970 665 3040 alter
699 2970 841 3056 alterum
867 2987 935 3038 non
964 2966 1099 3056 genuit,
1120 2964 1176 3035 sed

243 3060 447 3132 descendunt
476 3073 588 3133 tamen
614 3084 631 3133 a
651 3063 818 3133 communi
839 3062 974 3153 stipite,
992 3059 1121 3132 scilicet
1137 3057 1177 3127 ab
1299 3047 1300 3074 ³

243 3155 359 3234 eodem
381 3168 475 3245 patre
495 3157 546 3226 rel
566 3177 637 3226 aro.
660 3158 746 3226 Hinc
765 3158 885 3247 duplex
920 3166 971 3225 est
996 3155 1084 3224 tinea
1105 3172 1179 3223 con·
1299 3163 1300 3166 ’

242 3248 495 3338 sanguinitatis,
522 3251 626 3320 altera
647 3263 762 3334 recta,
797 3252 903 3322 altera
936 3245 1175 3340 nansrersalis,

240 3360 304 3410 seu
321 3343 533 3414 collateralis.
556 3344 656 3416 Recta
675 3355 726 3415 est
745 3365 863 3416 earum
878 3359 1178 3434 personarumse

241 3432 323 3519 ries,
344 3458 487 3525 quarum
508 3458 573 3508 una
593 3439 634 3508 ab
656 3439 760 3510 altera
782 3437 947 3528 gignitur,
970 3457 1057 3526 quae
1076 3434 1180 3505 sitiat

238 3525 473 3610 descendendo
489 3552 523 3602 e.
538 3552 571 3621 g.
585 3545 712 3622 epatre
726 3533 768 3631 ad
782 3533 1082 3621 liliummepotem,
1098 3540 1176 3609 etc„
