<?xml version="1.0" encoding="UTF-8"?>
<!DOCTYPE html PUBLIC "-//W3C//DTD XHTML 1.0 Transitional//EN"
    "http://www.w3.org/TR/xhtml1/DTD/xhtml1-transitional.dtd">
<html xmlns="http://www.w3.org/1999/xhtml" xml:lang="en" lang="en">
 <head>
  <title>
</title>
<meta http-equiv="Content-Type" content="text/html;charset=utf-8" />
  <meta name='ocr-system' content='tesseract 3.04.00' />
  <meta name='ocr-capabilities' content='ocr_page ocr_carea ocr_par ocr_line ocrx_word'/>
</head>
<body>
  <div class='ocr_page' id='page_1' title='image "./septimiimariaev00veccgoog_0306.png"; bbox 0 0 2642 4175; ppageno 0'>
   <div class='ocr_carea' id='block_1_1' title="bbox 271 370 773 427">
    <p class='ocr_par' dir='ltr' id='par_1_1' title="bbox 271 370 773 427">
     <span class='ocr_line' id='line_1_1' title="bbox 271 370 773 427; baseline -0.004 0"><span class='ocrx_word' id='word_1_1' title='bbox 271 370 337 427; x_wconf 80' lang='lat'>282</span> <span class='ocrx_word' id='word_1_2' title='bbox 602 380 704 425; x_wconf 77' lang='lat' dir='ltr'>canus</span> <span class='ocrx_word' id='word_1_3' title='bbox 726 381 773 425; x_wconf 87' lang='lat'>111.</span> 
     </span>
    </p>
   </div>
   <div class='ocr_carea' id='block_1_2' title="bbox 220 476 1164 1687">
    <p class='ocr_par' dir='ltr' id='par_1_2' title="bbox 220 476 1164 1687">
     <span class='ocr_line' id='line_1_2' title="bbox 223 476 1163 569; baseline -0.001 -19"><span class='ocrx_word' id='word_1_4' title='bbox 223 481 357 564; x_wconf 86' lang='lat' dir='ltr'>tecedit,</span> <span class='ocrx_word' id='word_1_5' title='bbox 380 499 487 569; x_wconf 89' lang='lat' dir='ltr'>oeque</span> <span class='ocrx_word' id='word_1_6' title='bbox 506 499 544 547; x_wconf 89' lang='lat' dir='ltr'>ac</span> <span class='ocrx_word' id='word_1_7' title='bbox 560 479 650 561; x_wconf 89' lang='lat' dir='ltr'>illae,</span> <span class='ocrx_word' id='word_1_8' title='bbox 674 498 760 568; x_wconf 82' lang='lat' dir='ltr'>quae</span> <span class='ocrx_word' id='word_1_9' title='bbox 779 476 934 568; x_wconf 81' lang='lat' dir='ltr'>deinceps</span> <span class='ocrx_word' id='word_1_10' title='bbox 964 478 1163 549; x_wconf 75' lang='lat' dir='ltr'><strong>constitutae</strong></span> 
     </span>
     <span class='ocr_line' id='line_1_3' title="bbox 222 572 1163 662; baseline 0 -20"><span class='ocrx_word' id='word_1_11' title='bbox 222 586 311 658; x_wconf 87' lang='lat' dir='ltr'>sunt,</span> <span class='ocrx_word' id='word_1_12' title='bbox 334 586 367 643; x_wconf 92' lang='lat' dir='ltr'>et</span> <span class='ocrx_word' id='word_1_13' title='bbox 386 573 554 643; x_wconf 81' lang='lat' dir='ltr'>efformari</span> <span class='ocrx_word' id='word_1_14' title='bbox 575 573 684 641; x_wconf 84' lang='lat' dir='ltr'>adbuc</span> <span class='ocrx_word' id='word_1_15' title='bbox 703 583 853 662; x_wconf 78' lang='lat' dir='ltr'><strong>possunt,</strong></span> <span class='ocrx_word' id='word_1_16' title='bbox 874 572 1013 656; x_wconf 78' lang='lat' dir='ltr'>inlusis,</span> <span class='ocrx_word' id='word_1_17' title='bbox 1036 573 1092 642; x_wconf 92' lang='lat' dir='ltr'>ubi</span> <span class='ocrx_word' id='word_1_18' title='bbox 1110 594 1163 642; x_wconf 90' lang='lat' dir='ltr'>ca·</span> 
     </span>
     <span class='ocr_line' id='line_1_4' title="bbox 221 665 1162 758; baseline -0.003 -20"><span class='ocrx_word' id='word_1_19' title='bbox 221 667 336 738; x_wconf 88' lang='lat' dir='ltr'>tbolici</span> <span class='ocrx_word' id='word_1_20' title='bbox 353 668 526 758; x_wconf 82' lang='lat' dir='ltr'><strong>pauciores</strong></span> <span class='ocrx_word' id='word_1_21' title='bbox 552 686 694 736; x_wconf 90' lang='lat' dir='ltr'>numero</span> <span class='ocrx_word' id='word_1_22' title='bbox 727 677 827 749; x_wconf 87' lang='lat' dir='ltr'>sunl,</span> <span class='ocrx_word' id='word_1_23' title='bbox 858 666 992 735; x_wconf 88' lang='lat' dir='ltr'>attentis</span> <span class='ocrx_word' id='word_1_24' title='bbox 1018 665 1162 736; x_wconf 87' lang='lat' dir='ltr'>circum·</span> 
     </span>
     <span class='ocr_line' id='line_1_5' title="bbox 223 758 1163 851; baseline -0.002 -21"><span class='ocrx_word' id='word_1_25' title='bbox 223 761 365 842; x_wconf 89' lang='lat' dir='ltr'>stantiis,</span> <span class='ocrx_word' id='word_1_26' title='bbox 386 784 424 831; x_wconf 88' lang='lat' dir='ltr'>ae</span> <span class='ocrx_word' id='word_1_27' title='bbox 443 760 601 851; x_wconf 85' lang='lat' dir='ltr'>periculis</span> <span class='ocrx_word' id='word_1_28' title='bbox 620 780 706 849; x_wconf 87' lang='lat' dir='ltr'>quoe</span> <span class='ocrx_word' id='word_1_29' title='bbox 726 758 804 827; x_wconf 89' lang='lat' dir='ltr'>inde</span> <span class='ocrx_word' id='word_1_30' title='bbox 825 759 1058 843; x_wconf 78' lang='lat' dir='ltr'>exorirentur,</span> <span class='ocrx_word' id='word_1_31' title='bbox 1088 761 1163 829; x_wconf 85' lang='lat' dir='ltr'>Tri·</span> 
     </span>
     <span class='ocr_line' id='line_1_6' title="bbox 223 852 1162 944; baseline -0.004 -19"><span class='ocrx_word' id='word_1_32' title='bbox 223 857 351 926; x_wconf 80' lang='lat' dir='ltr'>destini</span> <span class='ocrx_word' id='word_1_33' title='bbox 371 856 495 925; x_wconf 88' lang='lat' dir='ltr'>decreti</span> <span class='ocrx_word' id='word_1_34' title='bbox 515 857 588 944; x_wconf 78' lang='lat' dir='ltr'>lege</span> <span class='ocrx_word' id='word_1_35' title='bbox 601 854 710 923; x_wconf 89' lang='lat' dir='ltr'>adbuc</span> <span class='ocrx_word' id='word_1_36' title='bbox 726 852 909 941; x_wconf 80' lang='lat' dir='ltr'><strong>generatim</strong></span> <span class='ocrx_word' id='word_1_37' title='bbox 924 853 1162 943; x_wconf 81' lang='lat' dir='ltr'>comprehendi</span> 
     </span>
     <span class='ocr_line' id='line_1_7' title="bbox 223 945 1162 1039; baseline -0.004 -20"><span class='ocrx_word' id='word_1_38' title='bbox 223 950 388 1021; x_wconf 79' lang='lat' dir='ltr'>debeant?</span> <span class='ocrx_word' id='word_1_39' title='bbox 407 950 531 1039; x_wconf 81' lang='lat' dir='ltr'>Duplex</span> <span class='ocrx_word' id='word_1_40' title='bbox 549 949 642 1017; x_wconf 88' lang='lat' dir='ltr'>adast</span> <span class='ocrx_word' id='word_1_41' title='bbox 659 945 843 1031; x_wconf 87' lang='lat' dir='ltr'>sententia;</span> <span class='ocrx_word' id='word_1_42' title='bbox 865 947 922 1037; x_wconf 90' lang='lat' dir='ltr'>qui</span> <span class='ocrx_word' id='word_1_43' title='bbox 934 948 1162 1018; x_wconf 83' lang='lat' dir='ltr'>affirmativam</span> 
     </span>
     <span class='ocr_line' id='line_1_8' title="bbox 221 1038 1164 1135; baseline -0.002 -22"><span class='ocrx_word' id='word_1_44' title='bbox 221 1056 434 1135; x_wconf 88' lang='lat' dir='ltr'>sequuntur,</span> <span class='ocrx_word' id='word_1_45' title='bbox 458 1042 645 1130; x_wconf 84' lang='lat' dir='ltr'>innituntur</span> <span class='ocrx_word' id='word_1_46' title='bbox 673 1051 741 1110; x_wconf 87' lang='lat' dir='ltr'>lum</span> <span class='ocrx_word' id='word_1_47' title='bbox 776 1038 830 1109; x_wconf 87' lang='lat' dir='ltr'>SS.</span> <span class='ocrx_word' id='word_1_48' title='bbox 855 1040 916 1114; x_wconf 87' lang='lat' dir='ltr'>CC.</span> <span class='ocrx_word' id='word_1_49' title='bbox 939 1040 1164 1111; x_wconf 82' lang='lat' dir='ltr'>decisionibus</span> 
     </span>
     <span class='ocr_line' id='line_1_9' title="bbox 221 1134 1164 1227; baseline -0.003 -21"><span class='ocrx_word' id='word_1_50' title='bbox 221 1140 376 1227; x_wconf 89' lang='lat' dir='ltr'>superius</span> <span class='ocrx_word' id='word_1_51' title='bbox 396 1137 516 1220; x_wconf 86' lang='lat' dir='ltr'>allatis,</span> <span class='ocrx_word' id='word_1_52' title='bbox 539 1155 625 1226; x_wconf 87' lang='lat' dir='ltr'>quae</span> <span class='ocrx_word' id='word_1_53' title='bbox 640 1134 767 1224; x_wconf 81' lang='lat' dir='ltr'>absque</span> <span class='ocrx_word' id='word_1_54' title='bbox 787 1135 855 1202; x_wconf 86' lang='lat' dir='ltr'>ulla</span> <span class='ocrx_word' id='word_1_55' title='bbox 872 1134 1102 1219; x_wconf 78' lang='lat' dir='ltr'>distinctione,</span> <span class='ocrx_word' id='word_1_56' title='bbox 1125 1156 1164 1204; x_wconf 92' lang='lat' dir='ltr'>ac</span> 
     </span>
     <span class='ocr_line' id='line_1_10' title="bbox 222 1227 1164 1319; baseline -0.003 -19"><span class='ocrx_word' id='word_1_57' title='bbox 222 1232 420 1303; x_wconf 77' lang='lat' dir='ltr'>limitatione</span> <span class='ocrx_word' id='word_1_58' title='bbox 444 1231 525 1319; x_wconf 90' lang='lat' dir='ltr'>ipsis</span> <span class='ocrx_word' id='word_1_59' title='bbox 544 1241 691 1299; x_wconf 80' lang='lat' dir='ltr'>statuere</span> <span class='ocrx_word' id='word_1_60' title='bbox 722 1229 811 1297; x_wconf 86' lang='lat' dir='ltr'>visae</span> <span class='ocrx_word' id='word_1_61' title='bbox 830 1239 923 1311; x_wconf 87' lang='lat' dir='ltr'>sunt,</span> <span class='ocrx_word' id='word_1_62' title='bbox 947 1241 984 1299; x_wconf 87' lang='lat' dir='ltr'>ut</span> <span class='ocrx_word' id='word_1_63' title='bbox 1003 1227 1164 1297; x_wconf 83' lang='lat' dir='ltr'>baeretici</span> 
     </span>
     <span class='ocr_line' id='line_1_11' title="bbox 222 1322 1161 1412; baseline -0.002 -20"><span class='ocrx_word' id='word_1_64' title='bbox 222 1325 348 1394; x_wconf 85' lang='lat' dir='ltr'>lonmae</span> <span class='ocrx_word' id='word_1_65' title='bbox 367 1324 518 1410; x_wconf 74' lang='lat' dir='ltr'>Consilii,</span> <span class='ocrx_word' id='word_1_66' title='bbox 542 1322 599 1392; x_wconf 93' lang='lat' dir='ltr'>ubi</span> <span class='ocrx_word' id='word_1_67' title='bbox 619 1322 823 1412; x_wconf 83' lang='lat' dir='ltr'>publicatum</span> <span class='ocrx_word' id='word_1_68' title='bbox 845 1333 878 1390; x_wconf 88' lang='lat' dir='ltr'>ot</span> <span class='ocrx_word' id='word_1_69' title='bbox 893 1333 1064 1412; x_wconf 84' lang='lat' dir='ltr'>receptum</span> <span class='ocrx_word' id='word_1_70' title='bbox 1087 1332 1161 1406; x_wconf 84' lang='lat' dir='ltr'>est,</span> 
     </span>
     <span class='ocr_line' id='line_1_12' title="bbox 221 1414 1159 1507; baseline -0.001 -22"><span class='ocrx_word' id='word_1_71' title='bbox 221 1418 362 1487; x_wconf 85' lang='lat' dir='ltr'>strictim</span> <span class='ocrx_word' id='word_1_72' title='bbox 391 1438 523 1507; x_wconf 86' lang='lat' dir='ltr'>semper</span> <span class='ocrx_word' id='word_1_73' title='bbox 544 1416 822 1504; x_wconf 82' lang='lat' dir='ltr'>obslringantur;</span> <span class='ocrx_word' id='word_1_74' title='bbox 853 1425 922 1483; x_wconf 87' lang='lat' dir='ltr'>tum</span> <span class='ocrx_word' id='word_1_75' title='bbox 943 1415 1104 1505; x_wconf 85' lang='lat' dir='ltr'>peculiari</span> <span class='ocrx_word' id='word_1_76' title='bbox 1125 1414 1159 1484; x_wconf 88' lang='lat' dir='ltr'>S.</span> 
     </span>
     <span class='ocr_line' id='line_1_13' title="bbox 220 1507 1164 1600; baseline -0.004 -18"><span class='ocrx_word' id='word_1_77' title='bbox 220 1511 256 1582; x_wconf 83' lang='lat' dir='ltr'>C.</span> <span class='ocrx_word' id='word_1_78' title='bbox 278 1510 314 1579; x_wconf 88' lang='lat' dir='ltr'>C.</span> <span class='ocrx_word' id='word_1_79' title='bbox 338 1531 496 1600; x_wconf 89' lang='lat' dir='ltr'>responso</span> <span class='ocrx_word' id='word_1_80' title='bbox 513 1531 570 1579; x_wconf 86' lang='lat' dir='ltr'>an.</span> <span class='ocrx_word' id='word_1_81' title='bbox 594 1507 698 1592; x_wconf 67' lang='grc'>1742,</span> <span class='ocrx_word' id='word_1_82' title='bbox 721 1530 787 1599; x_wconf 88' lang='lat' dir='ltr'>quo</span> <span class='ocrx_word' id='word_1_83' title='bbox 807 1509 1059 1592; x_wconf 67' lang='lat' dir='ltr'>matrimonium</span> <span class='ocrx_word' id='word_1_84' title='bbox 1081 1508 1164 1579; x_wconf 84' lang='lat' dir='ltr'>mix·</span> 
     </span>
     <span class='ocr_line' id='line_1_14' title="bbox 220 1602 1164 1687; baseline 0 -15"><span class='ocrx_word' id='word_1_85' title='bbox 220 1615 303 1687; x_wconf 86' lang='lat' dir='ltr'>tum,</span> <span class='ocrx_word' id='word_1_86' title='bbox 325 1625 393 1673; x_wconf 90' lang='lat' dir='ltr'>non</span> <span class='ocrx_word' id='word_1_87' title='bbox 413 1617 539 1672; x_wconf 83' lang='lat' dir='ltr'>servale</span> <span class='ocrx_word' id='word_1_88' title='bbox 557 1602 722 1672; x_wconf 79' lang='lat' dir='ltr'>Ecclesiae</span> <span class='ocrx_word' id='word_1_89' title='bbox 739 1603 858 1683; x_wconf 83' lang='lat' dir='ltr'>forma,</span> <span class='ocrx_word' id='word_1_90' title='bbox 881 1602 996 1671; x_wconf 87' lang='lat' dir='ltr'>Ulmae</span> <span class='ocrx_word' id='word_1_91' title='bbox 1014 1604 1164 1672; x_wconf 88' lang='lat' dir='ltr'>celebra·</span> 
     </span>
    </p>
   </div>
   <div class='ocr_carea' id='block_1_3' title="bbox 115 1695 1163 1785">
    <p class='ocr_par' dir='ltr' id='par_1_3' title="bbox 115 1695 1163 1785">
     <span class='ocr_line' id='line_1_15' title="bbox 115 1695 1163 1785; baseline -0.005 -15"><span class='ocrx_word' id='word_1_92' title='bbox 115 1761 119 1770; x_wconf 20' lang='lat' dir='ltr'>s</span> <span class='ocrx_word' id='word_1_93' title='bbox 220 1709 305 1780; x_wconf 88' lang='lat' dir='ltr'>tum,</span> <span class='ocrx_word' id='word_1_94' title='bbox 325 1697 380 1765; x_wconf 91' lang='lat' dir='ltr'>ubi</span> <span class='ocrx_word' id='word_1_95' title='bbox 402 1697 539 1766; x_wconf 82' lang='lat' dir='ltr'>Consilii</span> <span class='ocrx_word' id='word_1_96' title='bbox 564 1697 733 1767; x_wconf 81' lang='lat' dir='ltr'>decretum</span> <span class='ocrx_word' id='word_1_97' title='bbox 759 1695 963 1785; x_wconf 87' lang='lat' dir='ltr'>publicatum</span> <span class='ocrx_word' id='word_1_98' title='bbox 984 1717 1056 1765; x_wconf 90' lang='lat' dir='ltr'>esse</span> <span class='ocrx_word' id='word_1_99' title='bbox 1074 1696 1163 1765; x_wconf 86' lang='lat' dir='ltr'>affir-</span> 
     </span>
    </p>
   </div>
   <div class='ocr_carea' id='block_1_4' title="bbox 220 1789 1163 3654">
    <p class='ocr_par' dir='ltr' id='par_1_4' title="bbox 220 1789 1163 3654">
     <span class='ocr_line' id='line_1_16' title="bbox 223 1789 1162 1880; baseline 0.002 -22"><span class='ocrx_word' id='word_1_100' title='bbox 223 1791 388 1874; x_wconf 86' lang='lat' dir='ltr'>mabatur,</span> <span class='ocrx_word' id='word_1_101' title='bbox 408 1791 537 1859; x_wconf 84' lang='lat' dir='ltr'>nullum</span> <span class='ocrx_word' id='word_1_102' title='bbox 560 1802 593 1859; x_wconf 90' lang='lat' dir='ltr'>et</span> <span class='ocrx_word' id='word_1_103' title='bbox 612 1790 744 1858; x_wconf 87' lang='lat' dir='ltr'>irritum</span> <span class='ocrx_word' id='word_1_104' title='bbox 765 1789 903 1873; x_wconf 83' lang='lat' dir='ltr'>dicitur3</span> <span class='ocrx_word' id='word_1_105' title='bbox 925 1801 995 1858; x_wconf 89' lang='lat' dir='ltr'>lum</span> <span class='ocrx_word' id='word_1_106' title='bbox 1016 1790 1162 1880; x_wconf 88' lang='lat' dir='ltr'>denique</span> 
     </span>
     <span class='ocr_line' id='line_1_17' title="bbox 224 1880 1160 1966; baseline 0.002 -15"><span class='ocrx_word' id='word_1_107' title='bbox 224 1883 318 1953; x_wconf 87' lang='lat' dir='ltr'>Brevi</span> <span class='ocrx_word' id='word_1_108' title='bbox 334 1884 383 1953; x_wconf 90' lang='lat' dir='ltr'>Pii</span> <span class='ocrx_word' id='word_1_109' title='bbox 399 1883 469 1952; x_wconf 92' lang='lat' dir='ltr'>lllll</span> <span class='ocrx_word' id='word_1_110' title='bbox 483 1882 528 1952; x_wconf 89' lang='lat' dir='ltr'>l5</span> <span class='ocrx_word' id='word_1_111' title='bbox 543 1895 640 1952; x_wconf 88' lang='lat' dir='ltr'>marl.</span> <span class='ocrx_word' id='word_1_112' title='bbox 659 1880 764 1966; x_wconf 76' lang='lat'><strong>1830,</strong></span> <span class='ocrx_word' id='word_1_113' title='bbox 783 1895 815 1952; x_wconf 90' lang='lat' dir='ltr'>et</span> <span class='ocrx_word' id='word_1_114' title='bbox 828 1883 1048 1952; x_wconf 82' lang='lat' dir='ltr'>instructione</span> <span class='ocrx_word' id='word_1_115' title='bbox 1061 1884 1160 1953; x_wconf 84' lang='lat' dir='ltr'>Card.</span> 
     </span>
     <span class='ocr_line' id='line_1_18' title="bbox 225 1974 1161 2068; baseline 0 -23"><span class='ocrx_word' id='word_1_116' title='bbox 225 1978 341 2047; x_wconf 75' lang='lat' dir='ltr'>Albani</span> <span class='ocrx_word' id='word_1_117' title='bbox 361 1978 479 2048; x_wconf 89' lang='lat' dir='ltr'>diebus</span> <span class='ocrx_word' id='word_1_118' title='bbox 498 1976 543 2045; x_wconf 65' lang='lat'>25</span> <span class='ocrx_word' id='word_1_119' title='bbox 573 1989 606 2046; x_wconf 90' lang='lat' dir='ltr'>et</span> <span class='ocrx_word' id='word_1_120' title='bbox 625 1974 669 2044; x_wconf 72' lang='lat'>27</span> <span class='ocrx_word' id='word_1_121' title='bbox 694 1976 771 2045; x_wconf 89' lang='lat' dir='ltr'>maii</span> <span class='ocrx_word' id='word_1_122' title='bbox 791 1974 906 2061; x_wconf 74' lang='lat'><strong>1830,</strong></span> <span class='ocrx_word' id='word_1_123' title='bbox 930 1978 969 2046; x_wconf 83' lang='lat' dir='ltr'>al</span> <span class='ocrx_word' id='word_1_124' title='bbox 990 1976 1161 2068; x_wconf 76' lang='lat' dir='ltr'>Arebiepi·</span> 
     </span>
     <span class='ocr_line' id='line_1_19' title="bbox 223 2070 1163 2163; baseline 0 -22"><span class='ocrx_word' id='word_1_125' title='bbox 223 2093 360 2163; x_wconf 89' lang='lat' dir='ltr'>scopum</span> <span class='ocrx_word' id='word_1_126' title='bbox 380 2071 623 2154; x_wconf 86' lang='lat' dir='ltr'>Coloniensem,</span> <span class='ocrx_word' id='word_1_127' title='bbox 643 2082 676 2140; x_wconf 87' lang='lat' dir='ltr'>el</span> <span class='ocrx_word' id='word_1_128' title='bbox 695 2070 784 2161; x_wconf 84' lang='lat' dir='ltr'>Epis.</span> <span class='ocrx_word' id='word_1_129' title='bbox 806 2071 900 2141; x_wconf 81' lang='lat' dir='ltr'>Trev.</span> <span class='ocrx_word' id='word_1_130' title='bbox 923 2070 1108 2141; x_wconf 85' lang='lat' dir='ltr'>Padcrbon.</span> <span class='ocrx_word' id='word_1_131' title='bbox 1130 2083 1163 2141; x_wconf 87' lang='lat' dir='ltr'>et</span> 
     </span>
     <span class='ocr_line' id='line_1_20' title="bbox 221 2164 1160 2256; baseline -0.001 -22"><span class='ocrx_word' id='word_1_132' title='bbox 221 2167 407 2237; x_wconf 72' lang='lat' dir='ltr'>llooaster:</span> <span class='ocrx_word' id='word_1_133' title='bbox 424 2166 525 2249; x_wconf 84' lang='lat' dir='ltr'>detis,</span> <span class='ocrx_word' id='word_1_134' title='bbox 549 2165 671 2256; x_wconf 86' lang='lat' dir='ltr'>quibus</span> <span class='ocrx_word' id='word_1_135' title='bbox 688 2164 881 2235; x_wconf 78' lang='lat' dir='ltr'>decernitur</span> <span class='ocrx_word' id='word_1_136' title='bbox 900 2165 1160 2235; x_wconf 78' lang='lat' dir='ltr'>matrimonium</span> 
     </span>
     <span class='ocr_line' id='line_1_21' title="bbox 221 2257 1161 2351; baseline 0 -24"><span class='ocrx_word' id='word_1_137' title='bbox 221 2259 261 2329; x_wconf 92' lang='lat' dir='ltr'>iis</span> <span class='ocrx_word' id='word_1_138' title='bbox 282 2261 366 2331; x_wconf 91' lang='lat' dir='ltr'>locis</span> <span class='ocrx_word' id='word_1_139' title='bbox 386 2280 493 2350; x_wconf 91' lang='lat' dir='ltr'>usque</span> <span class='ocrx_word' id='word_1_140' title='bbox 514 2280 553 2328; x_wconf 91' lang='lat' dir='ltr'>eu</span> <span class='ocrx_word' id='word_1_141' title='bbox 574 2272 735 2348; x_wconf 87' lang='lat' dir='ltr'>ternpore,</span> <span class='ocrx_word' id='word_1_142' title='bbox 752 2257 823 2327; x_wconf 89' lang='lat' dir='ltr'>sine</span> <span class='ocrx_word' id='word_1_143' title='bbox 842 2258 982 2351; x_wconf 84' lang='lat' dir='ltr'>Perochi</span> <span class='ocrx_word' id='word_1_144' title='bbox 1004 2279 1161 2347; x_wconf 85' lang='lat' dir='ltr'>proesen-</span> 
     </span>
     <span class='ocr_line' id='line_1_22' title="bbox 221 2351 1159 2441; baseline -0.001 -20"><span class='ocrx_word' id='word_1_145' title='bbox 221 2353 277 2436; x_wconf 80' lang='lat' dir='ltr'>tis,</span> <span class='ocrx_word' id='word_1_146' title='bbox 299 2353 463 2424; x_wconf 87' lang='lat' dir='ltr'>celebrata</span> <span class='ocrx_word' id='word_1_147' title='bbox 485 2353 575 2421; x_wconf 87' lang='lat' dir='ltr'>nullo</span> <span class='ocrx_word' id='word_1_148' title='bbox 597 2372 669 2422; x_wconf 87' lang='lat' dir='ltr'>esse</span> <span class='ocrx_word' id='word_1_149' title='bbox 690 2363 722 2422; x_wconf 90' lang='lat' dir='ltr'>et</span> <span class='ocrx_word' id='word_1_150' title='bbox 742 2352 850 2427; x_wconf 84' lang='lat' dir='ltr'>irrite.</span> <span class='ocrx_word' id='word_1_151' title='bbox 886 2352 946 2433; x_wconf 85' lang='lat' dir='ltr'>Qui</span> <span class='ocrx_word' id='word_1_152' title='bbox 973 2351 1159 2441; x_wconf 82' lang='lat' dir='ltr'>negativam</span> 
     </span>
     <span class='ocr_line' id='line_1_23' title="bbox 223 2445 1160 2517; baseline 0.001 -3"><span class='ocrx_word' id='word_1_153' title='bbox 223 2457 338 2514; x_wconf 85' lang='lat' dir='ltr'>tenent</span> <span class='ocrx_word' id='word_1_154' title='bbox 367 2446 565 2516; x_wconf 87' lang='lat' dir='ltr'>sententiam</span> <span class='ocrx_word' id='word_1_155' title='bbox 600 2466 698 2516; x_wconf 90' lang='lat' dir='ltr'>suum</span> <span class='ocrx_word' id='word_1_156' title='bbox 728 2445 889 2515; x_wconf 85' lang='lat' dir='ltr'>hauriunt</span> <span class='ocrx_word' id='word_1_157' title='bbox 908 2447 1160 2517; x_wconf 72' lang='lat' dir='ltr'>lundunentum</span> 
     </span>
     <span class='ocr_line' id='line_1_24' title="bbox 221 2538 1161 2629; baseline 0 -22"><span class='ocrx_word' id='word_1_158' title='bbox 221 2538 289 2607; x_wconf 83' lang='lat' dir='ltr'>sive</span> <span class='ocrx_word' id='word_1_159' title='bbox 306 2560 344 2606; x_wconf 88' lang='lat' dir='ltr'>ex</span> <span class='ocrx_word' id='word_1_160' title='bbox 365 2549 474 2607; x_wconf 89' lang='lat' dir='ltr'>mente</span> <span class='ocrx_word' id='word_1_161' title='bbox 494 2538 643 2623; x_wconf 83' lang='lat' dir='ltr'>Concilii‚</span> <span class='ocrx_word' id='word_1_162' title='bbox 666 2539 733 2608; x_wconf 88' lang='lat' dir='ltr'>sive</span> <span class='ocrx_word' id='word_1_163' title='bbox 752 2559 791 2607; x_wconf 87' lang='lat' dir='ltr'>ex</span> <span class='ocrx_word' id='word_1_164' title='bbox 811 2539 921 2620; x_wconf 85' lang='lat' dir='ltr'>tacita,</span> <span class='ocrx_word' id='word_1_165' title='bbox 940 2538 1021 2629; x_wconf 92' lang='lat' dir='ltr'>quin</span> <span class='ocrx_word' id='word_1_166' title='bbox 1040 2539 1107 2608; x_wconf 91' lang='lat' dir='ltr'>imo</span> <span class='ocrx_word' id='word_1_167' title='bbox 1121 2561 1161 2610; x_wconf 86' lang='lat' dir='ltr'>ex</span> 
     </span>
     <span class='ocr_line' id='line_1_25' title="bbox 221 2629 1160 2721; baseline 0.002 -21"><span class='ocrx_word' id='word_1_168' title='bbox 221 2651 372 2721; x_wconf 80' lang='lat' dir='ltr'>expressa</span> <span class='ocrx_word' id='word_1_169' title='bbox 391 2629 426 2700; x_wconf 89' lang='lat' dir='ltr'>S.</span> <span class='ocrx_word' id='word_1_170' title='bbox 441 2630 533 2700; x_wconf 87' lang='lat' dir='ltr'>Sedis</span> <span class='ocrx_word' id='word_1_171' title='bbox 550 2632 757 2701; x_wconf 84' lang='lat' dir='ltr'>conniventia</span> <span class='ocrx_word' id='word_1_172' title='bbox 776 2644 809 2702; x_wconf 88' lang='lat' dir='ltr'>et</span> <span class='ocrx_word' id='word_1_173' title='bbox 824 2654 886 2702; x_wconf 87' lang='lat' dir='ltr'>usu</span> <span class='ocrx_word' id='word_1_174' title='bbox 897 2633 1075 2716; x_wconf 85' lang='lat' dir='ltr'>Ecclesiae,</span> <span class='ocrx_word' id='word_1_175' title='bbox 1093 2633 1160 2702; x_wconf 86' lang='lat' dir='ltr'>sive</span> 
     </span>
     <span class='ocr_line' id='line_1_26' title="bbox 222 2724 1158 2815; baseline 0.002 -21"><span class='ocrx_word' id='word_1_176' title='bbox 222 2745 260 2794; x_wconf 85' lang='lat' dir='ltr'>ex</span> <span class='ocrx_word' id='word_1_177' title='bbox 278 2724 318 2792; x_wconf 89' lang='lat' dir='ltr'>iis</span> <span class='ocrx_word' id='word_1_178' title='bbox 338 2724 506 2794; x_wconf 87' lang='lat' dir='ltr'>rationum</span> <span class='ocrx_word' id='word_1_179' title='bbox 529 2726 733 2810; x_wconf 88' lang='lat' dir='ltr'>momentis,</span> <span class='ocrx_word' id='word_1_180' title='bbox 757 2747 842 2815; x_wconf 89' lang='lat' dir='ltr'>quae</span> <span class='ocrx_word' id='word_1_181' title='bbox 863 2726 896 2794; x_wconf 91' lang='lat' dir='ltr'>in</span> <span class='ocrx_word' id='word_1_182' title='bbox 918 2726 1042 2795; x_wconf 87' lang='lat' dir='ltr'>celebri</span> <span class='ocrx_word' id='word_1_183' title='bbox 1062 2747 1158 2796; x_wconf 88' lang='lat' dir='ltr'>causa</span> 
     </span>
     <span class='ocr_line' id='line_1_27' title="bbox 220 2817 1158 2910; baseline 0.005 -26"><span class='ocrx_word' id='word_1_184' title='bbox 220 2817 358 2908; x_wconf 90' lang='lat' dir='ltr'>Yprensi</span> <span class='ocrx_word' id='word_1_185' title='bbox 375 2818 496 2888; x_wconf 86' lang='lat' dir='ltr'>visitat.</span> <span class='ocrx_word' id='word_1_186' title='bbox 517 2817 574 2887; x_wconf 89' lang='lat' dir='ltr'>SS.</span> <span class='ocrx_word' id='word_1_187' title='bbox 593 2819 655 2887; x_wconf 87' lang='lat' dir='ltr'>LL.</span> <span class='ocrx_word' id='word_1_188' title='bbox 674 2820 747 2888; x_wconf 86' lang='lat' dir='ltr'>fuso</span> <span class='ocrx_word' id='word_1_189' title='bbox 763 2820 888 2888; x_wconf 87' lang='lat' dir='ltr'>calamo</span> <span class='ocrx_word' id='word_1_190' title='bbox 906 2820 1051 2910; x_wconf 83' lang='lat' dir='ltr'>exposita</span> <span class='ocrx_word' id='word_1_191' title='bbox 1069 2832 1158 2904; x_wconf 84' lang='lat' dir='ltr'>sunt,</span> 
     </span>
     <span class='ocr_line' id='line_1_28' title="bbox 224 2911 1161 3004; baseline 0.005 -25"><span class='ocrx_word' id='word_1_192' title='bbox 224 2932 261 2979; x_wconf 90' lang='lat' dir='ltr'>ac</span> <span class='ocrx_word' id='word_1_193' title='bbox 282 2913 451 3001; x_wconf 85' lang='lat' dir='ltr'>sapienter</span> <span class='ocrx_word' id='word_1_194' title='bbox 470 2912 648 3001; x_wconf 80' lang='lat' dir='ltr'>disputate,</span> <span class='ocrx_word' id='word_1_195' title='bbox 670 2911 737 2982; x_wconf 86' lang='lat' dir='ltr'>sive</span> <span class='ocrx_word' id='word_1_196' title='bbox 751 2913 882 2982; x_wconf 89' lang='lat' dir='ltr'>demum</span> <span class='ocrx_word' id='word_1_197' title='bbox 905 2934 943 2995; x_wconf 80' lang='lat' dir='ltr'>ex</span> <span class='ocrx_word' id='word_1_198' title='bbox 963 2912 1031 3004; x_wconf 89' lang='lat' dir='ltr'>ipsa</span> <span class='ocrx_word' id='word_1_199' title='bbox 1052 2914 1161 2984; x_wconf 90' lang='lat' dir='ltr'>decla·</span> 
     </span>
     <span class='ocr_line' id='line_1_29' title="bbox 224 3004 1160 3077; baseline 0.003 -5"><span class='ocrx_word' id='word_1_200' title='bbox 224 3004 353 3074; x_wconf 88' lang='lat' dir='ltr'>ratione</span> <span class='ocrx_word' id='word_1_201' title='bbox 374 3005 495 3076; x_wconf 88' lang='lat' dir='ltr'>Bened.</span> <span class='ocrx_word' id='word_1_202' title='bbox 517 3006 594 3075; x_wconf 89' lang='lat' dir='ltr'>lllV.</span> <span class='ocrx_word' id='word_1_203' title='bbox 631 3007 669 3074; x_wconf 93' lang='lat' dir='ltr'>ln</span> <span class='ocrx_word' id='word_1_204' title='bbox 694 3007 757 3074; x_wconf 88' lang='lat' dir='ltr'>hac</span> <span class='ocrx_word' id='word_1_205' title='bbox 775 3007 1015 3077; x_wconf 86' lang='lat' dir='ltr'>sententiarum</span> <span class='ocrx_word' id='word_1_206' title='bbox 1037 3007 1160 3077; x_wconf 88' lang='lat' dir='ltr'>discre-</span> 
     </span>
     <span class='ocr_line' id='line_1_30' title="bbox 223 3098 1162 3189; baseline 0 -21"><span class='ocrx_word' id='word_1_207' title='bbox 223 3099 347 3189; x_wconf 86' lang='lat' dir='ltr'>pantia,</span> <span class='ocrx_word' id='word_1_208' title='bbox 366 3100 471 3172; x_wconf 84' lang='lat' dir='ltr'>nostri</span> <span class='ocrx_word' id='word_1_209' title='bbox 492 3098 633 3170; x_wconf 84' lang='lat' dir='ltr'>instituti</span> <span class='ocrx_word' id='word_1_210' title='bbox 655 3100 740 3168; x_wconf 85' lang='lat' dir='ltr'>natio</span> <span class='ocrx_word' id='word_1_211' title='bbox 760 3120 828 3168; x_wconf 90' lang='lat' dir='ltr'>nou</span> <span class='ocrx_word' id='word_1_212' title='bbox 852 3100 976 3189; x_wconf 86' lang='lat' dir='ltr'>patitur</span> <span class='ocrx_word' id='word_1_213' title='bbox 995 3100 1107 3170; x_wconf 87' lang='lat' dir='ltr'>crisim</span> <span class='ocrx_word' id='word_1_214' title='bbox 1130 3112 1162 3169; x_wconf 88' lang='lat' dir='ltr'>et</span> 
     </span>
     <span class='ocr_line' id='line_1_31' title="bbox 224 3193 1161 3283; baseline 0 -22"><span class='ocrx_word' id='word_1_215' title='bbox 224 3193 390 3282; x_wconf 88' lang='lat' dir='ltr'>epicrisim</span> <span class='ocrx_word' id='word_1_216' title='bbox 411 3206 684 3283; x_wconf 82' lang='lat' dir='ltr'>argumentorum</span> <span class='ocrx_word' id='word_1_217' title='bbox 715 3193 891 3283; x_wconf 86' lang='lat' dir='ltr'>utriusque</span> <span class='ocrx_word' id='word_1_218' title='bbox 907 3194 1093 3264; x_wconf 86' lang='lat' dir='ltr'>sententiae</span> <span class='ocrx_word' id='word_1_219' title='bbox 1110 3193 1161 3262; x_wconf 91' lang='lat' dir='ltr'>in·</span> 
     </span>
     <span class='ocr_line' id='line_1_32' title="bbox 224 3285 1162 3371; baseline 0 -16"><span class='ocrx_word' id='word_1_220' title='bbox 224 3286 386 3371; x_wconf 86' lang='lat' dir='ltr'>stituere,</span> <span class='ocrx_word' id='word_1_221' title='bbox 423 3300 455 3357; x_wconf 90' lang='lat' dir='ltr'>et</span> <span class='ocrx_word' id='word_1_222' title='bbox 474 3285 659 3357; x_wconf 85' lang='lat' dir='ltr'>rationibus</span> <span class='ocrx_word' id='word_1_223' title='bbox 677 3307 715 3355; x_wconf 91' lang='lat' dir='ltr'>ac</span> <span class='ocrx_word' id='word_1_224' title='bbox 734 3286 934 3357; x_wconf 86' lang='lat' dir='ltr'>coniecturis</span> <span class='ocrx_word' id='word_1_225' title='bbox 962 3288 1111 3357; x_wconf 85' lang='lat' dir='ltr'>rationes</span> <span class='ocrx_word' id='word_1_226' title='bbox 1124 3308 1162 3356; x_wconf 88' lang='lat' dir='ltr'>ae</span> 
     </span>
     <span class='ocr_line' id='line_1_33' title="bbox 223 3378 1163 3469; baseline 0.004 -25"><span class='ocrx_word' id='word_1_227' title='bbox 223 3379 430 3449; x_wconf 85' lang='lat' dir='ltr'>coniecturas</span> <span class='ocrx_word' id='word_1_228' title='bbox 461 3400 642 3469; x_wconf 88' lang='lat' dir='ltr'>opponere.</span> <span class='ocrx_word' id='word_1_229' title='bbox 679 3378 788 3449; x_wconf 87' lang='lat' dir='ltr'>Setius</span> <span class='ocrx_word' id='word_1_230' title='bbox 821 3393 871 3450; x_wconf 88' lang='lat' dir='ltr'>est</span> <span class='ocrx_word' id='word_1_231' title='bbox 906 3381 1105 3450; x_wconf 88' lang='lat' dir='ltr'>documenta</span> <span class='ocrx_word' id='word_1_232' title='bbox 1130 3392 1163 3448; x_wconf 90' lang='lat' dir='ltr'>et</span> 
     </span>
     <span class='ocr_line' id='line_1_34' title="bbox 221 3473 1161 3564; baseline 0.003 -27"><span class='ocrx_word' id='word_1_233' title='bbox 221 3473 370 3559; x_wconf 80' lang='lat' dir='ltr'>exempla</span> <span class='ocrx_word' id='word_1_234' title='bbox 391 3474 424 3541; x_wconf 91' lang='lat' dir='ltr'>in</span> <span class='ocrx_word' id='word_1_235' title='bbox 457 3473 600 3541; x_wconf 90' lang='lat' dir='ltr'>medium</span> <span class='ocrx_word' id='word_1_236' title='bbox 636 3473 783 3556; x_wconf 85' lang='lat' dir='ltr'>afferre,</span> <span class='ocrx_word' id='word_1_237' title='bbox 813 3495 851 3542; x_wconf 82' lang='lat' dir='ltr'>ex</span> <span class='ocrx_word' id='word_1_238' title='bbox 877 3474 999 3564; x_wconf 89' lang='lat' dir='ltr'>quibus</span> <span class='ocrx_word' id='word_1_239' title='bbox 1019 3475 1161 3564; x_wconf 83' lang='lat' dir='ltr'>probare</span> 
     </span>
     <span class='ocr_line' id='line_1_35' title="bbox 220 3564 1162 3654; baseline 0.01 -26"><span class='ocrx_word' id='word_1_240' title='bbox 220 3565 372 3631; x_wconf 91' lang='lat' dir='ltr'>nonnulli</span> <span class='ocrx_word' id='word_1_241' title='bbox 394 3564 578 3654; x_wconf 79' lang='lat' dir='ltr'>gravissimi</span> <span class='ocrx_word' id='word_1_242' title='bbox 599 3587 679 3635; x_wconf 88' lang='lat' dir='ltr'>sene</span> <span class='ocrx_word' id='word_1_243' title='bbox 699 3566 843 3637; x_wconf 88' lang='lat' dir='ltr'>nominis</span> <span class='ocrx_word' id='word_1_244' title='bbox 871 3579 1023 3638; x_wconf 86' lang='lat' dir='ltr'>auctores</span> <span class='ocrx_word' id='word_1_245' title='bbox 1048 3566 1162 3637; x_wconf 86' lang='lat' dir='ltr'>conni-</span> 
     </span>
    </p>
   </div>
   <div class='ocr_carea' id='block_1_5' title="bbox 0 0 1326 4175">
    <p class='ocr_par' dir='ltr' id='par_1_5' title="bbox 0 0 1326 4175">
     <span class='ocr_line' id='line_1_36' title="bbox 0 0 1326 4175; baseline 0 0"><span class='ocrx_word' id='word_1_246' title='bbox 0 0 1326 4175; x_wconf 95' lang='lat' dir='ltr'> </span> 
     </span>
    </p>
   </div>
  </div>
 </body>
</html>
