2642 4175
479 359 522 403 nu
539 355 751 405 sponsanmus
995 350 1037 409 35

147 457 247 539 ditur,
270 476 351 525 nam
371 456 429 545 qui
446 457 567 525 iustam
581 475 648 525 non
663 457 763 529 babet
778 475 914 528 eausam
932 460 1086 530 resilien-

150 550 181 617 di
200 570 218 617 a
238 551 463 638 sponsalibus,
483 551 549 618 iam
577 550 731 646 libertate
756 564 869 636 earet,
893 564 993 642 atque
1014 555 1084 642 ipse

150 652 185 711 ut
204 653 270 712 stet
291 643 476 731 promissis,
498 663 574 711 oum
605 644 697 732 leges
723 644 871 729 iubeant,
893 648 1083 716 tumetium

151 755 208 824 per
228 756 388 805 censuras
408 736 647 805 ecclesiasticas
673 738 825 826 compelli
844 750 963 828 potest.

195 829 324 916 Urgent
343 828 441 898 etiam
463 850 481 899 a
502 830 643 918 paritate
670 850 745 898 eum
765 832 1003 916 conventione,
1025 853 1085 902 seu

151 934 243 1010 pacto
260 924 303 991 de
320 922 442 1005 arrhis,
466 943 551 1013 quae
573 923 608 992 in
627 923 766 1011 duplum
784 937 841 993 aut
860 925 1085 1014 quadruplum

151 1017 189 1084 ab
204 1037 257 1097 eo,
278 1017 335 1105 qui
356 1016 478 1086 iniuste
497 1015 668 1096 resilierit,
681 1016 756 1086 iure
769 1017 855 1085 civili
875 1037 914 1085 ao
928 1019 1085 1088 canonico

151 1110 280 1179 restitui
302 1110 435 1178 debent.
458 1109 543 1178 lllud
561 1109 708 1199 denique
726 1110 871 1193 addunt,
893 1112 981 1199 quod
1000 1111 1087 1178 iniu-

152 1214 199 1272 ste
219 1202 375 1272 resiliens
389 1224 407 1271 a
421 1204 639 1291 sponsalibus,
659 1205 686 1271 si
705 1204 859 1292 compelli
878 1212 986 1291 potest
999 1205 1038 1271 ad
1053 1204 1089 1271 fi-

151 1297 225 1365 dem
257 1298 452 1365 servandam
472 1316 533 1384 per
554 1297 901 1366 excommunicationis
929 1317 1083 1386 poenam,

152 1410 237 1479 quae
255 1389 419 1473 omnium,
438 1410 521 1479 quas
540 1389 684 1459 Ecclesia
701 1390 1010 1478 babet,gravissima
1025 1406 1085 1473 est,

152 1502 218 1551 non
238 1482 371 1552 videtur
404 1503 501 1572 posse
522 1483 715 1567 indubium
750 1485 922 1568 revocari,
943 1485 1032 1573 quod
1052 1486 1087 1553 in

153 1576 268 1644 eodem
301 1597 380 1645 casu
401 1578 440 1645 ad
463 1597 602 1664 poenam
635 1578 885 1666 persolvendam
919 1578 1085 1666 adigatur.

152 1669 285 1738 Frustra
296 1681 406 1738 autem
422 1670 683 1760 oblinitur,quod
697 1671 781 1739 ratio
792 1670 1088 1760 dubitandi,quam

153 1760 302 1831 Pontifex
321 1762 457 1833 subiicit
488 1764 522 1831 in
554 1785 626 1853 cap.
650 1763 793 1846 Gnuuu,
816 1764 899 1833 adeo
923 1764 1089 1853 generalis

153 1856 204 1939 sit,
228 1868 266 1925 ut
284 1857 456 1946 quaelibet
474 1877 604 1946 poena,
628 1856 696 1925 siue
717 1877 833 1945 magna
855 1858 923 1926 sive
945 1857 1086 1939 modica,

154 1950 217 2019 siue
238 1951 272 2018 in
290 1971 381 2034 eum,
401 1950 458 2040 qui
476 1951 636 2039 legitime,
658 1950 781 2019 sivein
801 1970 899 2033 eum,
922 1950 980 2039 qui
1001 1949 1091 2017 iniu-

153 2055 198 2112 ste
219 2043 351 2128 resilit,
375 2045 566 2126 constituta,
588 2043 770 2132 improbari
792 2044 890 2132 plane
923 2043 1086 2111 videatur.

153 2138 231 2206 Nam
252 2138 338 2206 ratio
359 2137 414 2206 illa
436 2137 609 2208 desidendi
624 2138 666 2205 ed
686 2156 812 2217 nasum,
829 2137 951 2223 dequo
970 2136 1090 2223 ageba·

153 2242 215 2314 tur,
232 2231 354 2300 referri
375 2231 485 2315 debeb
507 2250 602 2299 casus
617 2249 718 2320 porro
734 2227 933 2318 respiciebat
947 2228 1092 2315 puellam
1196 2260 1197 2263 ¹

153 2324 236 2394 iuste
254 2324 475 2394 resilientem.

574 2544 668 2636 §aa

246 2703 292 2759 llo
304 2701 452 2791 'personis
471 2702 510 2757 ntl
528 2701 662 2757 ineuntis
685 2700 848 2770 sponsalis
866 2699 997 2756 idoneis.
1085 2787 1091 2790 Δ

202 2880 375 2970 Sponsalia
393 2879 457 2948 rite
477 2880 680 2949 contrahunt
702 2880 760 2969 qui
779 2890 917 2962 natura,
940 2879 993 2948 vel
1020 2878 1095 2966 lege

156 2995 222 3045 non
250 2972 486 3063 probibentur.
514 2972 674 3042 letantur
694 2984 806 3041 autem
827 2984 947 3042 natura
969 2972 1039 3060 ipsa
1060 2990 1096 3039 a·

159 3080 311 3148 mentes,
333 3066 474 3150 furiosi,
502 3066 626 3156 aliique
657 3066 797 3135 rationis
830 3087 892 3134 usu
930 3076 1093 3146 carentes,
1173 3141 1177 3147 ⁴

161 3161 310 3250 itemque
337 3159 484 3228 destituti
501 3160 653 3228 sensibus
678 3160 719 3228 ad
745 3158 1020 3247 percipiendum,
1046 3156 1097 3224 vel

161 3273 358 3323 eonsensum
390 3253 667 3340 exprimendum,
696 3250 977 3342 quemadmodum
998 3269 1098 3339 supra

162 3346 315 3427 diximum
342 3346 436 3434 pueri
454 3356 579 3435 septem
599 3347 694 3414 annis
712 3344 868 3426 minores,
885 3364 923 3411 ex
935 3342 1099 3410 sententia

163 3439 502 3522 Iurisconsultorum,
531 3459 631 3528 quam
657 3437 833 3506 Pontifices
852 3435 986 3527 sequuti
1009 3446 1097 3515 suut,

165 3534 240 3622 quia
275 3531 416 3602 rationis
447 3553 509 3601 usu
542 3553 609 3601 non
642 3532 791 3621 pollent,
825 3541 859 3600 et
890 3551 927 3598 ea
961 3527 1102 3615 proinde
