2642 4175
314 396 379 454 266
654 406 756 454 cneus
774 407 821 453 ιιι.

265 508 360 577 cuius
376 506 502 577 ditione
519 508 617 578 aedes
637 505 723 589 heri,
746 506 796 574 rel
818 505 1057 575 monasterium
1078 507 1125 574 vel
1148 526 1202 577 se·

267 600 445 669 minarium
464 600 680 670 continetur?
704 599 876 678 lamrero
904 598 983 668 huic
1013 599 1200 689 quaestioni
1305 635 1306 654 ι

265 695 415 784 negative
435 695 702 784 respondendum
728 712 817 775 esse,
840 704 912 762 tum
930 693 1098 781 generalia
1118 693 1201 763 iuris

264 787 439 879 principia,
462 799 532 858 tum
552 788 634 878 ipsa,
656 807 743 876 quae
762 785 969 870 adduximus,
985 786 1196 871 documenta,

265 882 323 950 uhi
337 882 425 952 serio
443 881 708 963 considerentur,
725 880 821 950 facilc
837 879 934 948 nohis
952 880 1105 950 suadent.
1120 881 1202 949 Con-

263 975 314 1044 ler
333 974 400 1046 Van
419 976 461 1045 de
478 974 582 1064 Burgt
597 997 651 1065 op.
672 974 728 1045 cit.
749 994 846 1042 num.
867 971 947 1056 hdd,
969 993 1045 1062 pag.
1065 970 1147 1056 uta,
1166 986 1220 1043 et·

263 1068 416 1139 Garridre
436 1090 470 1138 n.
491 1066 596 1138 tuta.
631 1068 806 1137 Caeterum
835 1067 877 1136 ad
910 1066 1135 1137 dissensiones
1158 1068 1201 1137 de

263 1162 326 1232 hac
345 1185 382 1233 re
402 1184 420 1233 e
441 1163 550 1232 medic
579 1162 742 1232 tollendas
769 1181 971 1250 omnemque
997 1160 1149 1245 aditum,
1171 1161 1200 1230 si

262 1256 336 1326 fieri
352 1257 484 1346 poterit,
504 1254 737 1326 controversiis
757 1254 1020 1337 occludendum,
1039 1268 1201 1344 oppurtu-

263 1369 345 1418 num
371 1370 409 1417 ac
425 1349 602 1439 expediens
621 1361 682 1432 est,
705 1358 743 1417 ut
758 1348 940 1437 Episcopus
960 1348 1093 1418 actione
1106 1369 1202 1440 syuo-

263 1442 342 1526 dali,
364 1442 552 1534 litterisque
572 1441 768 1512 edictalibus
791 1441 915 1511 diserte
935 1441 1129 1531 praecipiat,
1164 1454 1201 1511 ut

264 1535 321 1624 qui
342 1536 472 1604 suturas
490 1534 624 1624 nuptias
644 1534 836 1624 promiserit
866 1534 906 1602 ad
932 1548 1109 1624 parentum
1139 1536 1201 1604 do·

262 1629 386 1707 mussi
407 1628 539 1712 haheat,
561 1640 769 1711 revertatur,
788 1648 932 1717 eumque
958 1629 999 1697 ad
1026 1629 1201 1698 matrimo-

262 1720 353 1789 nium
369 1722 553 1792 iueundum
568 1721 750 1811 parochum
769 1722 877 1804 adeat,
897 1720 993 1791 cuius
1009 1722 1126 1792 ditioni
1142 1744 1202 1812 pa·

257 1826 355 1885 'terna
371 1816 469 1885 aedes
484 1816 606 1885 adscita
633 1828 693 1901 est,
719 1816 768 1883 rel
792 1814 902 1903 potius
923 1816 1027 1903 magis
1049 1817 1200 1905 prudens

261 1907 336 1992 erit,
352 1930 389 1978 ac
407 1921 513 1980 tutum
529 1909 705 1979 consilium
725 1907 752 1977 si
773 1908 872 1978 simul
887 1908 1045 1978 decernat
1062 1909 1198 1999 Episco-

259 2023 333 2092 pus,
351 2004 547 2093 praesertim
560 2002 588 2072 si
603 2003 824 2093 parochorum
840 2002 972 2070 accedat
986 2002 1196 2092 suffragium,

261 2109 297 2166 ut
316 2099 460 2189 quisque
480 2098 565 2167 inire
581 2097 829 2167 matrimonium
851 2095 999 2184 legitime
1017 2098 1123 2166 valeat
1142 2119 1199 2167 co-

260 2210 329 2259 ram
351 2211 391 2261 eo
411 2191 572 2281 parocho,
590 2190 651 2281 qui
683 2190 781 2260 aedes
811 2189 910 2271 heri,
932 2190 981 2258 rel
1002 2191 1196 2260 monasterii

257 2296 375 2375 septa,
404 2287 456 2354 vel
480 2283 695 2355 seminarium
730 2303 809 2353 suae
831 2282 1005 2373 paroeciae
1033 2283 1198 2354 limitibus

258 2390 475 2467 percenseat,
505 2379 588 2468 quin
619 2397 755 2448 necesse
784 2376 827 2445 sit
846 2375 1043 2465 investigare
1079 2391 1196 2448 utrum

260 2470 293 2538 in
312 2470 374 2540 alia
403 2471 543 2543 civitatis
561 2472 714 2560 paroecia
738 2468 970 2540 contrahentes
989 2471 1195 2540 domicilium

257 2583 371 2633 rerum
395 2565 553 2634 habeant.
574 2564 619 2634 lle
640 2564 681 2634 iis
699 2585 803 2647 uero,
825 2563 882 2653 qui
903 2563 1092 2633 carceribus
1109 2565 1198 2635 deti·

257 2671 379 2728 nentur
409 2657 620 2727 distinctione
651 2679 749 2748 opus·
779 2670 842 2726 est.
879 2656 1007 2725 Hurum
1041 2658 1195 2727 nonnulli

257 2762 437 2841 perpetuo,
458 2752 508 2821 rel
529 2751 568 2819 ad
590 2764 719 2821 certum
741 2762 870 2840 tempus
888 2770 1021 2820 carcere
1045 2751 1196 2823 damuati

257 2855 335 2911 suut
364 2843 399 2911 in
431 2864 571 2934 poenam
604 2845 778 2928 criminis;
814 2844 965 2913 nonnulli
999 2864 1076 2913 vero
1109 2845 1195 2916 deti·

257 2947 378 3005 uentur
409 2936 600 3008 incarcere
626 2939 666 3008 ad
694 2938 901 3021 custodiam,
931 2937 1039 3027 quoad
1058 2950 1194 3008 seuten-

256 3027 300 3097 tia
323 3050 341 3098 a
362 3031 474 3101 iudice
502 3033 702 3121 proferatur.
733 3031 887 3100 Priorum
917 3031 1072 3120 proprius
1091 3029 1194 3101 Paro·

257 3122 339 3193 chus
377 3126 418 3195 ad
455 3125 607 3195 ellectum
649 3124 822 3194 assistendi
862 3123 1074 3192 matrimonio
1114 3145 1194 3194 cen·
1307 3162 1308 3187 t

256 3228 349 3287 setur
370 3217 397 3287 is
422 3239 512 3303 esse,
535 3218 568 3289 in
585 3218 680 3289 cuius
699 3217 856 3308 parochia
875 3218 959 3288 situs
979 3228 1030 3286 est
1048 3238 1189 3286 career:

260 3310 474 3401 rRelegatus
506 3311 650 3381 enimin
679 3331 719 3382 eo
739 3313 834 3394 loco,
858 3310 891 3379 in
927 3332 994 3400 quo
1025 3311 1195 3399 relegatus
1307 3306 1308 3319 ’

257 3414 318 3486 est,
341 3404 475 3475 interitu
495 3406 720 3475 necessarium
741 3404 843 3474 hahet
861 3402 1086 3484 domicilium,
1110 3428 1124 3470 ι
1155 3417 1195 3475 ut
1307 3428 1308 3485 ι

256 3495 398 3566 habetur
418 3498 453 3566 L.
467 3499 549 3569 run
567 3499 602 3567 h.
626 3501 666 3568 ad
682 3498 819 3580 liunic.;
842 3496 1064 3588 posteriorum
1079 3508 1193 3566 autem
1307 3490 1308 3505 ¹

257 3590 410 3679 proprius
428 3593 593 3680 parochus
613 3604 681 3677 est,
705 3592 761 3683 qui
783 3612 896 3660 curam
920 3589 1108 3659 animarum
1130 3589 1193 3660 ha-
