<?xml version="1.0" encoding="UTF-8"?>
<!DOCTYPE html PUBLIC "-//W3C//DTD XHTML 1.0 Transitional//EN"
    "http://www.w3.org/TR/xhtml1/DTD/xhtml1-transitional.dtd">
<html xmlns="http://www.w3.org/1999/xhtml" xml:lang="en" lang="en">
 <head>
  <title>
</title>
<meta http-equiv="Content-Type" content="text/html;charset=utf-8" />
  <meta name='ocr-system' content='tesseract 3.04.00' />
  <meta name='ocr-capabilities' content='ocr_page ocr_carea ocr_par ocr_line ocrx_word'/>
</head>
<body>
  <div class='ocr_page' id='page_1' title='image "./septimiimariaev00veccgoog_0049.png"; bbox 0 0 2642 4175; ppageno 0'>
   <div class='ocr_carea' id='block_1_1' title="bbox 493 318 1053 374">
    <p class='ocr_par' dir='ltr' id='par_1_1' title="bbox 493 318 1053 374">
     <span class='ocr_line' id='line_1_1' title="bbox 493 318 1053 374; baseline 0.005 -4"><span class='ocrx_word' id='word_1_1' title='bbox 493 327 536 370; x_wconf 83' lang='lat' dir='ltr'><strong>nn</strong></span> <span class='ocrx_word' id='word_1_2' title='bbox 561 327 773 374; x_wconf 74' lang='lat' dir='ltr'><strong>aususausus</strong></span> <span class='ocrx_word' id='word_1_3' title='bbox 1013 318 1053 374; x_wconf 83' lang='lat'><strong>41</strong></span> 
     </span>
    </p>
   </div>
   <div class='ocr_carea' id='block_1_2' title="bbox 140 421 1107 3597">
    <p class='ocr_par' dir='ltr' id='par_1_2' title="bbox 140 421 1107 3597">
     <span class='ocr_line' id='line_1_2' title="bbox 163 421 1105 513; baseline 0.003 -20"><span class='ocrx_word' id='word_1_4' title='bbox 163 425 205 493; x_wconf 93' lang='lat' dir='ltr'><strong>de</strong></span> <span class='ocrx_word' id='word_1_5' title='bbox 226 423 363 513; x_wconf 80' lang='lat' dir='ltr'><strong>bigorio</strong></span> <span class='ocrx_word' id='word_1_6' title='bbox 382 423 409 490; x_wconf 85' lang='lat' dir='ltr'><strong>l.</strong></span> <span class='ocrx_word' id='word_1_7' title='bbox 424 421 457 504; x_wconf 81' lang='lat' dir='ltr'><strong>ll,</strong></span> <span class='ocrx_word' id='word_1_8' title='bbox 478 445 513 494; x_wconf 89' lang='lat' dir='ltr'><strong>u.</strong></span> <span class='ocrx_word' id='word_1_9' title='bbox 535 422 615 508; x_wconf 78' lang='lat'><strong>650,</strong></span> <span class='ocrx_word' id='word_1_10' title='bbox 638 426 663 494; x_wconf 88' lang='lat' dir='ltr'><strong>l.</strong></span> <span class='ocrx_word' id='word_1_11' title='bbox 683 424 716 509; x_wconf 86' lang='grc'><strong>6,</strong></span> <span class='ocrx_word' id='word_1_12' title='bbox 737 447 772 494; x_wconf 93' lang='lat' dir='ltr'><strong>n.</strong></span> <span class='ocrx_word' id='word_1_13' title='bbox 795 423 876 508; x_wconf 67' lang='lat'><strong>843,</strong></span> <span class='ocrx_word' id='word_1_14' title='bbox 899 422 980 508; x_wconf 82' lang='lat'><strong>859,</strong></span> <span class='ocrx_word' id='word_1_15' title='bbox 996 425 1105 497; x_wconf 78' lang='lat' dir='ltr'><strong>Scati-</strong></span> 
     </span>
     <span class='ocr_line' id='line_1_3' title="bbox 163 515 1105 608; baseline 0.004 -22"><span class='ocrx_word' id='word_1_16' title='bbox 163 515 1105 608; x_wconf 67' lang='lat' dir='ltr'><strong>ni,Guryn.l438,etauotor&#39;lbeol.mor.adusumSe·</strong></span> 
     </span>
     <span class='ocr_line' id='line_1_4' title="bbox 164 609 1105 701; baseline 0.005 -23"><span class='ocrx_word' id='word_1_17' title='bbox 164 611 247 680; x_wconf 85' lang='lat' dir='ltr'><strong>min.</strong></span> <span class='ocrx_word' id='word_1_18' title='bbox 263 611 418 681; x_wconf 88' lang='lat' dir='ltr'><strong>llecblin.</strong></span> <span class='ocrx_word' id='word_1_19' title='bbox 432 609 537 693; x_wconf 76' lang='lat' dir='ltr'><strong>taor,</strong></span> <span class='ocrx_word' id='word_1_20' title='bbox 549 611 642 682; x_wconf 88' lang='lat' dir='ltr'><strong>docet</strong></span> <span class='ocrx_word' id='word_1_21' title='bbox 660 613 826 701; x_wconf 81' lang='lat' dir='ltr'>sponsalia</span> <span class='ocrx_word' id='word_1_22' title='bbox 839 613 902 682; x_wconf 92' lang='lat' dir='ltr'><strong>sub</strong></span> <span class='ocrx_word' id='word_1_23' title='bbox 914 613 1105 683; x_wconf 87' lang='lat' dir='ltr'><strong>conditione</strong></span> 
     </span>
     <span class='ocr_line' id='line_1_5' title="bbox 163 703 1104 794; baseline 0.003 -21"><span class='ocrx_word' id='word_1_24' title='bbox 163 704 422 794; x_wconf 79' lang='lat' dir='ltr'><strong>dispensationis</strong></span> <span class='ocrx_word' id='word_1_25' title='bbox 437 703 631 775; x_wconf 76' lang='lat' dir='ltr'><strong>Pontificius</strong></span> <span class='ocrx_word' id='word_1_26' title='bbox 644 707 768 775; x_wconf 89' lang='lat' dir='ltr'><strong>nullius</strong></span> <span class='ocrx_word' id='word_1_27' title='bbox 782 707 912 776; x_wconf 88' lang='lat' dir='ltr'><strong>roboris</strong></span> <span class='ocrx_word' id='word_1_28' title='bbox 924 718 957 776; x_wconf 91' lang='lat' dir='ltr'><strong>et</strong></span> <span class='ocrx_word' id='word_1_29' title='bbox 969 707 1104 777; x_wconf 82' lang='lat' dir='ltr'><strong>effectus</strong></span> 
     </span>
     <span class='ocr_line' id='line_1_6' title="bbox 165 798 1102 889; baseline 0.002 -22"><span class='ocrx_word' id='word_1_30' title='bbox 165 819 258 881; x_wconf 89' lang='lat' dir='ltr'><strong>esse,</strong></span> <span class='ocrx_word' id='word_1_31' title='bbox 283 798 340 867; x_wconf 93' lang='lat' dir='ltr'><strong>ubi</strong></span> <span class='ocrx_word' id='word_1_32' title='bbox 361 798 592 886; x_wconf 86' lang='lat' dir='ltr'><strong>promittentes</strong></span> <span class='ocrx_word' id='word_1_33' title='bbox 622 820 661 867; x_wconf 91' lang='lat' dir='ltr'><strong>eo</strong></span> <span class='ocrx_word' id='word_1_34' title='bbox 681 799 828 887; x_wconf 89' lang='lat' dir='ltr'><strong>ligentur</strong></span> <span class='ocrx_word' id='word_1_35' title='bbox 848 799 1102 889; x_wconf 86' lang='lat' dir='ltr'><strong>impedimento,</strong></span> 
     </span>
     <span class='ocr_line' id='line_1_7' title="bbox 165 891 1105 982; baseline 0.004 -24"><span class='ocrx_word' id='word_1_36' title='bbox 165 891 201 959; x_wconf 92' lang='lat' dir='ltr'><strong>iu</strong></span> <span class='ocrx_word' id='word_1_37' title='bbox 217 913 285 981; x_wconf 90' lang='lat' dir='ltr'><strong>quo</strong></span> <span class='ocrx_word' id='word_1_38' title='bbox 298 891 450 960; x_wconf 83' lang='lat' dir='ltr'><strong>Pontifex</strong></span> <span class='ocrx_word' id='word_1_39' title='bbox 463 911 531 961; x_wconf 92' lang='lat' dir='ltr'><strong>non</strong></span> <span class='ocrx_word' id='word_1_40' title='bbox 545 894 650 961; x_wconf 88' lang='lat' dir='ltr'><strong>soleat</strong></span> <span class='ocrx_word' id='word_1_41' title='bbox 664 892 867 981; x_wconf 87' lang='lat' dir='ltr'><strong>dispensare,</strong></span> <span class='ocrx_word' id='word_1_42' title='bbox 884 905 941 961; x_wconf 86' lang='lat' dir='ltr'><strong>aut</strong></span> <span class='ocrx_word' id='word_1_43' title='bbox 951 905 1105 982; x_wconf 86' lang='lat' dir='ltr'><strong>nequeat,</strong></span> 
     </span>
     <span class='ocr_line' id='line_1_8' title="bbox 164 984 1105 1075; baseline 0.003 -23"><span class='ocrx_word' id='word_1_44' title='bbox 164 995 223 1054; x_wconf 84' lang='lat' dir='ltr'><strong>aut</strong></span> <span class='ocrx_word' id='word_1_45' title='bbox 242 984 343 1054; x_wconf 88' lang='lat' dir='ltr'><strong>etiarn</strong></span> <span class='ocrx_word' id='word_1_46' title='bbox 364 985 392 1053; x_wconf 93' lang='lat' dir='ltr'><strong>si</strong></span> <span class='ocrx_word' id='word_1_47' title='bbox 411 986 502 1055; x_wconf 90' lang='lat' dir='ltr'><strong>nulla</strong></span> <span class='ocrx_word' id='word_1_48' title='bbox 524 985 609 1054; x_wconf 91' lang='lat' dir='ltr'><strong>adsit</strong></span> <span class='ocrx_word' id='word_1_49' title='bbox 628 985 713 1056; x_wconf 88' lang='lat' dir='ltr'><strong>iusta</strong></span> <span class='ocrx_word' id='word_1_50' title='bbox 732 1006 831 1055; x_wconf 87' lang='lat' dir='ltr'><strong>causa</strong></span> <span class='ocrx_word' id='word_1_51' title='bbox 849 986 1105 1075; x_wconf 78' lang='lat' dir='ltr'><strong>dispensationis</strong></span> 
     </span>
     <span class='ocr_line' id='line_1_9' title="bbox 162 1078 1105 1149; baseline 0.002 -3"><span class='ocrx_word' id='word_1_52' title='bbox 162 1078 380 1147; x_wconf 89' lang='lat' dir='ltr'><strong>obtinendae.</strong></span> <span class='ocrx_word' id='word_1_53' title='bbox 397 1078 439 1148; x_wconf 80' lang='lat' dir='ltr'><strong>At</strong></span> <span class='ocrx_word' id='word_1_54' title='bbox 457 1100 534 1148; x_wconf 88' lang='lat' dir='ltr'><strong>vero</strong></span> <span class='ocrx_word' id='word_1_55' title='bbox 554 1079 581 1148; x_wconf 91' lang='lat' dir='ltr'><strong>si</strong></span> <span class='ocrx_word' id='word_1_56' title='bbox 599 1079 874 1149; x_wconf 82' lang='lat' dir='ltr'><strong>contrahentibus</strong></span> <span class='ocrx_word' id='word_1_57' title='bbox 893 1078 1000 1147; x_wconf 87' lang='lat' dir='ltr'><strong>subsit</strong></span> <span class='ocrx_word' id='word_1_58' title='bbox 1017 1080 1105 1148; x_wconf 89' lang='lat' dir='ltr'><strong>iusta</strong></span> 
     </span>
     <span class='ocr_line' id='line_1_10' title="bbox 163 1172 1104 1262; baseline 0 -22"><span class='ocrx_word' id='word_1_59' title='bbox 163 1192 263 1240; x_wconf 87' lang='lat' dir='ltr'><strong>causa</strong></span> <span class='ocrx_word' id='word_1_60' title='bbox 284 1172 565 1259; x_wconf 79' lang='lat' dir='ltr'><strong>dispensationem</strong></span> <span class='ocrx_word' id='word_1_61' title='bbox 591 1172 751 1262; x_wconf 87' lang='lat' dir='ltr'><strong>petendi,</strong></span> <span class='ocrx_word' id='word_1_62' title='bbox 775 1186 808 1241; x_wconf 90' lang='lat' dir='ltr'><strong>et</strong></span> <span class='ocrx_word' id='word_1_63' title='bbox 827 1172 1104 1259; x_wconf 85' lang='lat' dir='ltr'><strong>impedimentum</strong></span> 
     </span>
     <span class='ocr_line' id='line_1_11' title="bbox 163 1265 1106 1355; baseline 0.002 -23"><span class='ocrx_word' id='word_1_64' title='bbox 163 1265 238 1333; x_wconf 88' lang='lat' dir='ltr'><strong>eius</strong></span> <span class='ocrx_word' id='word_1_65' title='bbox 249 1265 386 1352; x_wconf 88' lang='lat' dir='ltr'><strong>generis</strong></span> <span class='ocrx_word' id='word_1_66' title='bbox 402 1265 456 1347; x_wconf 89' lang='lat' dir='ltr'><strong>sit,</strong></span> <span class='ocrx_word' id='word_1_67' title='bbox 473 1266 507 1333; x_wconf 93' lang='lat' dir='ltr'><strong>iu</strong></span> <span class='ocrx_word' id='word_1_68' title='bbox 526 1284 594 1355; x_wconf 87' lang='lat' dir='ltr'><strong>quo</strong></span> <span class='ocrx_word' id='word_1_69' title='bbox 616 1265 765 1334; x_wconf 82' lang='lat' dir='ltr'><strong>Pontifex</strong></span> <span class='ocrx_word' id='word_1_70' title='bbox 784 1266 881 1335; x_wconf 85' lang='lat' dir='ltr'><strong>facile</strong></span> <span class='ocrx_word' id='word_1_71' title='bbox 900 1276 934 1334; x_wconf 92' lang='lat' dir='ltr'><strong>et</strong></span> <span class='ocrx_word' id='word_1_72' title='bbox 951 1266 1106 1354; x_wconf 83' lang='lat' dir='ltr'><strong>frequen·</strong></span> 
     </span>
     <span class='ocr_line' id='line_1_12' title="bbox 162 1358 1105 1448; baseline -0.001 -21"><span class='ocrx_word' id='word_1_73' title='bbox 162 1370 215 1427; x_wconf 90' lang='lat' dir='ltr'><strong>ter</strong></span> <span class='ocrx_word' id='word_1_74' title='bbox 229 1359 412 1446; x_wconf 84' lang='lat' dir='ltr'><strong>dispensat,</strong></span> <span class='ocrx_word' id='word_1_75' title='bbox 428 1359 492 1428; x_wconf 87' lang='lat' dir='ltr'><strong>boc</strong></span> <span class='ocrx_word' id='word_1_76' title='bbox 506 1358 538 1427; x_wconf 91' lang='lat' dir='ltr'><strong>in</strong></span> <span class='ocrx_word' id='word_1_77' title='bbox 555 1380 632 1428; x_wconf 87' lang='lat' dir='ltr'><strong>casu</strong></span> <span class='ocrx_word' id='word_1_78' title='bbox 649 1371 763 1428; x_wconf 89' lang='lat' dir='ltr'><strong>censet</strong></span> <span class='ocrx_word' id='word_1_79' title='bbox 781 1359 946 1448; x_wconf 88' lang='lat' dir='ltr'><strong>sponsalia</strong></span> <span class='ocrx_word' id='word_1_80' title='bbox 965 1369 1035 1427; x_wconf 85' lang='lat' dir='ltr'><strong>rata</strong></span> <span class='ocrx_word' id='word_1_81' title='bbox 1052 1358 1105 1427; x_wconf 88' lang='lat' dir='ltr'><strong>lir·</strong></span> 
     </span>
     <span class='ocr_line' id='line_1_13' title="bbox 164 1452 1104 1541; baseline 0 -21"><span class='ocrx_word' id='word_1_82' title='bbox 164 1472 290 1540; x_wconf 88' lang='lat' dir='ltr'><strong>maque</strong></span> <span class='ocrx_word' id='word_1_83' title='bbox 307 1473 391 1533; x_wconf 89' lang='lat' dir='ltr'><strong>esse,</strong></span> <span class='ocrx_word' id='word_1_84' title='bbox 411 1472 451 1520; x_wconf 83' lang='lat' dir='ltr'><strong>ex</strong></span> <span class='ocrx_word' id='word_1_85' title='bbox 471 1453 579 1541; x_wconf 87' lang='lat' dir='ltr'><strong>iisque</strong></span> <span class='ocrx_word' id='word_1_86' title='bbox 597 1453 848 1521; x_wconf 86' lang='lat' dir='ltr'><strong>irrevocabilem</strong></span> <span class='ocrx_word' id='word_1_87' title='bbox 869 1452 1104 1539; x_wconf 85' lang='lat' dir='ltr'><strong>obligationem</strong></span> 
     </span>
     <span class='ocr_line' id='line_1_14' title="bbox 163 1544 1103 1634; baseline 0 -22"><span class='ocrx_word' id='word_1_88' title='bbox 163 1544 248 1613; x_wconf 91' lang='lat' dir='ltr'><strong>oriri</strong></span> <span class='ocrx_word' id='word_1_89' title='bbox 268 1556 338 1614; x_wconf 88' lang='lat' dir='ltr'><strong>tum</strong></span> <span class='ocrx_word' id='word_1_90' title='bbox 363 1546 642 1634; x_wconf 88' lang='lat' dir='ltr'><strong>dispensationem</strong></span> <span class='ocrx_word' id='word_1_91' title='bbox 672 1546 842 1615; x_wconf 83' lang='lat' dir='ltr'><strong>Pontifiois</strong></span> <span class='ocrx_word' id='word_1_92' title='bbox 875 1546 1103 1634; x_wconf 82' lang='lat' dir='ltr'><strong>comparandi,</strong></span> 
     </span>
     <span class='ocr_line' id='line_1_15' title="bbox 162 1637 1106 1726; baseline -0.001 -18"><span class='ocrx_word' id='word_1_93' title='bbox 162 1649 248 1719; x_wconf 87' lang='lat' dir='ltr'><strong>tum,</strong></span> <span class='ocrx_word' id='word_1_94' title='bbox 265 1660 303 1707; x_wconf 88' lang='lat' dir='ltr'><strong>ea</strong></span> <span class='ocrx_word' id='word_1_95' title='bbox 319 1639 508 1726; x_wconf 87' lang='lat' dir='ltr'><strong>impetrata,</strong></span> <span class='ocrx_word' id='word_1_96' title='bbox 519 1640 766 1708; x_wconf 78' lang='lat' dir='ltr'><strong>matrimonium</strong></span> <span class='ocrx_word' id='word_1_97' title='bbox 777 1637 1106 1708; x_wconf 80' lang='lat' dir='ltr'><strong>contrahendiflaec</strong></span> 
     </span>
     <span class='ocr_line' id='line_1_16' title="bbox 165 1731 1106 1822; baseline 0 -23"><span class='ocrx_word' id='word_1_98' title='bbox 165 1744 281 1801; x_wconf 90' lang='lat' dir='ltr'><strong>autem</strong></span> <span class='ocrx_word' id='word_1_99' title='bbox 300 1732 464 1801; x_wconf 90' lang='lat' dir='ltr'><strong>sententia</strong></span> <span class='ocrx_word' id='word_1_100' title='bbox 486 1732 639 1814; x_wconf 82' lang='lat' dir='ltr'><strong>caeteris,</strong></span> <span class='ocrx_word' id='word_1_101' title='bbox 661 1734 696 1801; x_wconf 90' lang='lat' dir='ltr'><strong>ni</strong></span> <span class='ocrx_word' id='word_1_102' title='bbox 716 1733 876 1816; x_wconf 82' lang='lat' dir='ltr'><strong>fallimur,</strong></span> <span class='ocrx_word' id='word_1_103' title='bbox 899 1731 1106 1822; x_wconf 85' lang='lat' dir='ltr'><strong>probabilior</strong></span> 
     </span>
     <span class='ocr_line' id='line_1_17' title="bbox 163 1825 1106 1916; baseline -0.001 -23"><span class='ocrx_word' id='word_1_104' title='bbox 163 1836 215 1894; x_wconf 88' lang='lat' dir='ltr'><strong>est</strong></span> <span class='ocrx_word' id='word_1_105' title='bbox 231 1837 265 1894; x_wconf 87' lang='lat' dir='ltr'><strong>et</strong></span> <span class='ocrx_word' id='word_1_106' title='bbox 283 1825 388 1893; x_wconf 85' lang='lat' dir='ltr'><strong>ferme</strong></span> <span class='ocrx_word' id='word_1_107' title='bbox 407 1838 511 1894; x_wconf 86' lang='lat' dir='ltr'><strong>certa.</strong></span> <span class='ocrx_word' id='word_1_108' title='bbox 530 1826 680 1916; x_wconf 85' lang='lat' dir='ltr'><strong>Namque</strong></span> <span class='ocrx_word' id='word_1_109' title='bbox 708 1826 867 1914; x_wconf 85' lang='lat' dir='ltr'><strong>explorati</strong></span> <span class='ocrx_word' id='word_1_110' title='bbox 898 1825 982 1893; x_wconf 90' lang='lat' dir='ltr'><strong>iuris</strong></span> <span class='ocrx_word' id='word_1_111' title='bbox 1001 1836 1051 1893; x_wconf 89' lang='lat' dir='ltr'><strong>est</strong></span> <span class='ocrx_word' id='word_1_112' title='bbox 1067 1846 1106 1894; x_wconf 83' lang='lat' dir='ltr'><strong>ex</strong></span> 
     </span>
     <span class='ocr_line' id='line_1_18' title="bbox 165 1919 1107 2001; baseline -0.001 -15"><span class='ocrx_word' id='word_1_113' title='bbox 165 1928 340 1990; x_wconf 87' lang='lat' dir='ltr'><strong>contractu</strong></span> <span class='ocrx_word' id='word_1_114' title='bbox 361 1919 610 2001; x_wconf 84' lang='lat' dir='ltr'><strong>conditionata,</strong></span> <span class='ocrx_word' id='word_1_115' title='bbox 631 1921 730 1988; x_wconf 89' lang='lat' dir='ltr'><strong>modo</strong></span> <span class='ocrx_word' id='word_1_116' title='bbox 747 1920 892 1988; x_wconf 84' lang='lat' dir='ltr'><strong>conditio</strong></span> <span class='ocrx_word' id='word_1_117' title='bbox 912 1919 1052 1988; x_wconf 90' lang='lat' dir='ltr'><strong>honesta</strong></span> <span class='ocrx_word' id='word_1_118' title='bbox 1073 1932 1107 1986; x_wconf 90' lang='lat' dir='ltr'><strong>et</strong></span> 
     </span>
     <span class='ocr_line' id='line_1_19' title="bbox 163 2010 1103 2103; baseline -0.002 -23"><span class='ocrx_word' id='word_1_119' title='bbox 163 2010 332 2100; x_wconf 89' lang='lat' dir='ltr'><strong>possibilis</strong></span> <span class='ocrx_word' id='word_1_120' title='bbox 364 2011 550 2103; x_wconf 74' lang='lat' dir='ltr'><strong>habeatur,</strong></span> <span class='ocrx_word' id='word_1_121' title='bbox 577 2032 687 2080; x_wconf 87' lang='lat' dir='ltr'><strong>veram</strong></span> <span class='ocrx_word' id='word_1_122' title='bbox 720 2013 957 2099; x_wconf 79' lang='lat' dir='ltr'><strong>obligationem</strong></span> <span class='ocrx_word' id='word_1_123' title='bbox 977 2010 1103 2093; x_wconf 90' lang='lat' dir='ltr'><strong>induci,</strong></span> 
     </span>
     <span class='ocr_line' id='line_1_20' title="bbox 164 2103 1106 2186; baseline -0.001 -14"><span class='ocrx_word' id='word_1_124' title='bbox 164 2106 248 2174; x_wconf 90' lang='lat' dir='ltr'><strong>adeo</strong></span> <span class='ocrx_word' id='word_1_125' title='bbox 282 2117 319 2175; x_wconf 90' lang='lat' dir='ltr'><strong>ut</strong></span> <span class='ocrx_word' id='word_1_126' title='bbox 351 2127 424 2174; x_wconf 90' lang='lat' dir='ltr'><strong>oum</strong></span> <span class='ocrx_word' id='word_1_127' title='bbox 459 2107 563 2176; x_wconf 86' lang='lat' dir='ltr'><strong>semel</strong></span> <span class='ocrx_word' id='word_1_128' title='bbox 591 2106 715 2175; x_wconf 84' lang='lat' dir='ltr'><strong>exstitit</strong></span> <span class='ocrx_word' id='word_1_129' title='bbox 746 2105 915 2186; x_wconf 84' lang='lat' dir='ltr'><strong>conditio,</strong></span> <span class='ocrx_word' id='word_1_130' title='bbox 938 2103 1106 2172; x_wconf 85' lang='lat' dir='ltr'><strong>conventis</strong></span> 
     </span>
     <span class='ocr_line' id='line_1_21' title="bbox 140 2196 1104 2288; baseline -0.004 -22"><span class='ocrx_word' id='word_1_131' title='bbox 140 2201 320 2267; x_wconf 83' lang='lat' dir='ltr'><strong>standum</strong></span> <span class='ocrx_word' id='word_1_132' title='bbox 343 2212 392 2268; x_wconf 88' lang='lat' dir='ltr'><strong>est</strong></span> <span class='ocrx_word' id='word_1_133' title='bbox 415 2224 430 2265; x_wconf 84' lang='lat' dir='ltr'><strong>r</strong></span> <span class='ocrx_word' id='word_1_134' title='bbox 453 2200 593 2288; x_wconf 86' lang='lat' dir='ltr'><strong>perinde</strong></span> <span class='ocrx_word' id='word_1_135' title='bbox 613 2220 651 2266; x_wconf 91' lang='lat' dir='ltr'><strong>ao</strong></span> <span class='ocrx_word' id='word_1_136' title='bbox 670 2198 697 2266; x_wconf 93' lang='lat' dir='ltr'><strong>si</strong></span> <span class='ocrx_word' id='word_1_137' title='bbox 715 2219 755 2267; x_wconf 92' lang='lat' dir='ltr'><strong>eo</strong></span> <span class='ocrx_word' id='word_1_138' title='bbox 776 2209 937 2285; x_wconf 87' lang='lat' dir='ltr'><strong>tempore,</strong></span> <span class='ocrx_word' id='word_1_139' title='bbox 960 2216 1026 2285; x_wconf 91' lang='lat' dir='ltr'><strong>quo</strong></span> <span class='ocrx_word' id='word_1_140' title='bbox 1046 2196 1104 2263; x_wconf 90' lang='lat' dir='ltr'><strong>sti·</strong></span> 
     </span>
     <span class='ocr_line' id='line_1_22' title="bbox 165 2291 1101 2380; baseline -0.004 -20"><span class='ocrx_word' id='word_1_141' title='bbox 165 2292 296 2379; x_wconf 90' lang='lat' dir='ltr'><strong>pulatio</strong></span> <span class='ocrx_word' id='word_1_142' title='bbox 307 2293 504 2380; x_wconf 90' lang='lat' dir='ltr'><strong>interposita</strong></span> <span class='ocrx_word' id='word_1_143' title='bbox 522 2306 583 2376; x_wconf 88' lang='lat' dir='ltr'><strong>est,</strong></span> <span class='ocrx_word' id='word_1_144' title='bbox 597 2293 670 2361; x_wconf 91' lang='lat' dir='ltr'><strong>sine</strong></span> <span class='ocrx_word' id='word_1_145' title='bbox 686 2291 874 2361; x_wconf 89' lang='lat' dir='ltr'><strong>conditione</strong></span> <span class='ocrx_word' id='word_1_146' title='bbox 890 2292 974 2358; x_wconf 85' lang='lat' dir='ltr'><strong>facta</strong></span> <span class='ocrx_word' id='word_1_147' title='bbox 989 2300 1101 2358; x_wconf 74' lang='lat' dir='ltr'><strong>esset»</strong></span> 
     </span>
     <span class='ocr_line' id='line_1_23' title="bbox 163 2382 1104 2475; baseline -0.002 -22"><span class='ocrx_word' id='word_1_148' title='bbox 163 2385 200 2453; x_wconf 91' lang='lat' dir='ltr'><strong>L.</strong></span> <span class='ocrx_word' id='word_1_149' title='bbox 221 2384 349 2454; x_wconf 83' lang='lat' dir='ltr'><strong>Parion</strong></span> <span class='ocrx_word' id='word_1_150' title='bbox 365 2385 422 2469; x_wconf 90' lang='lat' dir='ltr'><strong>ll,</strong></span> <span class='ocrx_word' id='word_1_151' title='bbox 442 2387 476 2453; x_wconf 82' lang='lat' dir='ltr'><strong>fl.</strong></span> <span class='ocrx_word' id='word_1_152' title='bbox 498 2386 560 2466; x_wconf 83' lang='lat' dir='ltr'><strong>Qui</strong></span> <span class='ocrx_word' id='word_1_153' title='bbox 579 2387 703 2475; x_wconf 89' lang='lat' dir='ltr'><strong>potior.</strong></span> <span class='ocrx_word' id='word_1_154' title='bbox 723 2386 757 2454; x_wconf 88' lang='lat' dir='ltr'><strong>iu</strong></span> <span class='ocrx_word' id='word_1_155' title='bbox 777 2385 972 2474; x_wconf 78' lang='lat' dir='ltr'><strong>pignon‘dt</strong></span> <span class='ocrx_word' id='word_1_156' title='bbox 991 2382 1104 2452; x_wconf 91' lang='lat' dir='ltr'><strong>condi·</strong></span> 
     </span>
     <span class='ocr_line' id='line_1_24' title="bbox 165 2477 1104 2571; baseline -0.002 -24"><span class='ocrx_word' id='word_1_157' title='bbox 165 2478 224 2563; x_wconf 90' lang='lat' dir='ltr'><strong>tio,</strong></span> <span class='ocrx_word' id='word_1_158' title='bbox 243 2480 285 2548; x_wconf 92' lang='lat' dir='ltr'><strong>de</strong></span> <span class='ocrx_word' id='word_1_159' title='bbox 298 2501 364 2568; x_wconf 88' lang='lat' dir='ltr'><strong>qua</strong></span> <span class='ocrx_word' id='word_1_160' title='bbox 382 2479 601 2569; x_wconf 88' lang='lat' dir='ltr'><strong>disputamus,</strong></span> <span class='ocrx_word' id='word_1_161' title='bbox 619 2480 757 2548; x_wconf 90' lang='lat' dir='ltr'><strong>honesta</strong></span> <span class='ocrx_word' id='word_1_162' title='bbox 772 2490 833 2562; x_wconf 81' lang='lat' dir='ltr'><strong>est3</strong></span> <span class='ocrx_word' id='word_1_163' title='bbox 852 2489 1001 2571; x_wconf 87' lang='lat' dir='ltr'><strong>versatur</strong></span> <span class='ocrx_word' id='word_1_164' title='bbox 1015 2477 1104 2546; x_wconf 89' lang='lat' dir='ltr'><strong>euim</strong></span> 
     </span>
     <span class='ocr_line' id='line_1_25' title="bbox 164 2570 1103 2655; baseline 0 -16"><span class='ocrx_word' id='word_1_165' title='bbox 164 2571 251 2640; x_wconf 88' lang='lat' dir='ltr'><strong>circa</strong></span> <span class='ocrx_word' id='word_1_166' title='bbox 272 2573 441 2643; x_wconf 87' lang='lat' dir='ltr'><strong>obiectum</strong></span> <span class='ocrx_word' id='word_1_167' title='bbox 473 2574 674 2655; x_wconf 86' lang='lat' dir='ltr'><strong>honestum,</strong></span> <span class='ocrx_word' id='word_1_168' title='bbox 696 2572 823 2641; x_wconf 87' lang='lat' dir='ltr'><strong>scilicet</strong></span> <span class='ocrx_word' id='word_1_169' title='bbox 853 2570 1103 2640; x_wconf 90' lang='lat' dir='ltr'><strong>matrimonium</strong></span> 
     </span>
     <span class='ocr_line' id='line_1_26' title="bbox 165 2664 1102 2755; baseline -0.003 -21"><span class='ocrx_word' id='word_1_170' title='bbox 165 2677 240 2753; x_wconf 90' lang='lat' dir='ltr'><strong>post</strong></span> <span class='ocrx_word' id='word_1_171' title='bbox 251 2665 422 2735; x_wconf 87' lang='lat' dir='ltr'><strong>obtentam</strong></span> <span class='ocrx_word' id='word_1_172' title='bbox 436 2667 717 2755; x_wconf 87' lang='lat' dir='ltr'><strong>dispensationem</strong></span> <span class='ocrx_word' id='word_1_173' title='bbox 732 2665 928 2747; x_wconf 68' lang='lat' dir='ltr'><strong>ineundum</strong></span> <span class='ocrx_word' id='word_1_174' title='bbox 944 2664 1102 2733; x_wconf 88' lang='lat' dir='ltr'><strong>estetiam</strong></span> 
     </span>
     <span class='ocr_line' id='line_1_27' title="bbox 164 2756 1104 2848; baseline -0.005 -20"><span class='ocrx_word' id='word_1_175' title='bbox 164 2759 345 2847; x_wconf 88' lang='lat' dir='ltr'><strong>possibilis,</strong></span> <span class='ocrx_word' id='word_1_176' title='bbox 363 2759 419 2828; x_wconf 89' lang='lat' dir='ltr'><strong>ubi</strong></span> <span class='ocrx_word' id='word_1_177' title='bbox 433 2759 709 2848; x_wconf 82' lang='lat' dir='ltr'><strong>impedimentum</strong></span> <span class='ocrx_word' id='word_1_178' title='bbox 727 2758 941 2827; x_wconf 87' lang='lat' dir='ltr'><strong>ecclesiastici</strong></span> <span class='ocrx_word' id='word_1_179' title='bbox 955 2757 1038 2825; x_wconf 91' lang='lat' dir='ltr'><strong>iuris</strong></span> <span class='ocrx_word' id='word_1_180' title='bbox 1050 2756 1104 2834; x_wconf 92' lang='lat' dir='ltr'><strong>sit,</strong></span> 
     </span>
     <span class='ocr_line' id='line_1_28' title="bbox 163 2850 1102 2942; baseline -0.003 -24"><span class='ocrx_word' id='word_1_181' title='bbox 163 2872 225 2922; x_wconf 90' lang='lat' dir='ltr'><strong>ucc</strong></span> <span class='ocrx_word' id='word_1_182' title='bbox 239 2853 326 2922; x_wconf 86' lang='lat' dir='ltr'><strong>desit</strong></span> <span class='ocrx_word' id='word_1_183' title='bbox 346 2874 457 2935; x_wconf 89' lang='lat' dir='ltr'><strong>causa,</strong></span> <span class='ocrx_word' id='word_1_184' title='bbox 473 2853 516 2922; x_wconf 92' lang='lat' dir='ltr'><strong>ob</strong></span> <span class='ocrx_word' id='word_1_185' title='bbox 534 2874 634 2942; x_wconf 90' lang='lat' dir='ltr'><strong>quam</strong></span> <span class='ocrx_word' id='word_1_186' title='bbox 654 2853 804 2920; x_wconf 79' lang='lat' dir='ltr'><strong>Pontifex</strong></span> <span class='ocrx_word' id='word_1_187' title='bbox 821 2853 927 2920; x_wconf 91' lang='lat' dir='ltr'><strong>soleat</strong></span> <span class='ocrx_word' id='word_1_188' title='bbox 942 2850 1030 2919; x_wconf 84' lang='lat' dir='ltr'><strong>sacili</strong></span> <span class='ocrx_word' id='word_1_189' title='bbox 1044 2869 1102 2916; x_wconf 91' lang='lat' dir='ltr'><strong>ne-</strong></span> 
     </span>
     <span class='ocr_line' id='line_1_29' title="bbox 164 2940 1102 3035; baseline -0.002 -21"><span class='ocrx_word' id='word_1_190' title='bbox 164 2946 252 3031; x_wconf 88' lang='lat' dir='ltr'><strong>gotio</strong></span> <span class='ocrx_word' id='word_1_191' title='bbox 280 2947 486 3035; x_wconf 85' lang='lat' dir='ltr'><strong>dispensare.</strong></span> <span class='ocrx_word' id='word_1_192' title='bbox 510 2945 686 3016; x_wconf 88' lang='lat' dir='ltr'><strong>Praeterea</strong></span> <span class='ocrx_word' id='word_1_193' title='bbox 713 2945 904 3014; x_wconf 91' lang='lat' dir='ltr'><strong>huiusmodi</strong></span> <span class='ocrx_word' id='word_1_194' title='bbox 937 2940 1102 3031; x_wconf 85' lang='lat' dir='ltr'><strong>sponsalia</strong></span> 
     </span>
     <span class='ocr_line' id='line_1_30' title="bbox 165 3035 1103 3129; baseline -0.004 -24"><span class='ocrx_word' id='word_1_195' title='bbox 165 3039 333 3129; x_wconf 88' lang='lat' dir='ltr'><strong>duplicem</strong></span> <span class='ocrx_word' id='word_1_196' title='bbox 350 3040 589 3126; x_wconf 80' lang='lat' dir='ltr'><strong>obligationem</strong></span> <span class='ocrx_word' id='word_1_197' title='bbox 607 3040 787 3121; x_wconf 87' lang='lat' dir='ltr'><strong>involvunt,</strong></span> <span class='ocrx_word' id='word_1_198' title='bbox 810 3040 949 3108; x_wconf 87' lang='lat' dir='ltr'><strong>alteram</strong></span> <span class='ocrx_word' id='word_1_199' title='bbox 969 3035 1103 3125; x_wconf 88' lang='lat' dir='ltr'><strong>petendi</strong></span> 
     </span>
     <span class='ocr_line' id='line_1_31' title="bbox 163 3129 1101 3223; baseline -0.006 -24"><span class='ocrx_word' id='word_1_200' title='bbox 163 3131 458 3223; x_wconf 85' lang='lat' dir='ltr'><strong>dispensationem,</strong></span> <span class='ocrx_word' id='word_1_201' title='bbox 485 3134 650 3215; x_wconf 88' lang='lat' dir='ltr'><strong>alteram,</strong></span> <span class='ocrx_word' id='word_1_202' title='bbox 674 3132 920 3221; x_wconf 88' lang='lat' dir='ltr'><strong>dispensatione</strong></span> <span class='ocrx_word' id='word_1_203' title='bbox 947 3129 1101 3208; x_wconf 90' lang='lat' dir='ltr'><strong>obtenta,</strong></span> 
     </span>
     <span class='ocr_line' id='line_1_32' title="bbox 162 3224 1101 3315; baseline -0.003 -22"><span class='ocrx_word' id='word_1_204' title='bbox 162 3227 381 3297; x_wconf 88' lang='lat' dir='ltr'><strong>contrahendi</strong></span> <span class='ocrx_word' id='word_1_205' title='bbox 395 3227 658 3312; x_wconf 87' lang='lat' dir='ltr'><strong>matrimonium,</strong></span> <span class='ocrx_word' id='word_1_206' title='bbox 675 3224 908 3315; x_wconf 83' lang='lat' dir='ltr'><strong>quodquidam</strong></span> <span class='ocrx_word' id='word_1_207' title='bbox 919 3233 1101 3309; x_wconf 85' lang='lat' dir='ltr'><strong>utrumque</strong></span> 
     </span>
     <span class='ocr_line' id='line_1_33' title="bbox 163 3313 1103 3410; baseline -0.004 -23"><span class='ocrx_word' id='word_1_208' title='bbox 163 3317 344 3390; x_wconf 85' lang='lat' dir='ltr'><strong>honestum</strong></span> <span class='ocrx_word' id='word_1_209' title='bbox 366 3331 400 3390; x_wconf 87' lang='lat' dir='ltr'><strong>et</strong></span> <span class='ocrx_word' id='word_1_210' title='bbox 415 3321 571 3410; x_wconf 87' lang='lat' dir='ltr'><strong>possibile</strong></span> <span class='ocrx_word' id='word_1_211' title='bbox 591 3332 655 3390; x_wconf 90' lang='lat' dir='ltr'><strong>est.</strong></span> <span class='ocrx_word' id='word_1_212' title='bbox 670 3319 715 3409; x_wconf 84' lang='lat' dir='ltr'><strong>Ile</strong></span> <span class='ocrx_word' id='word_1_213' title='bbox 735 3318 788 3385; x_wconf 89' lang='lat' dir='ltr'><strong>bis</strong></span> <span class='ocrx_word' id='word_1_214' title='bbox 807 3318 902 3406; x_wconf 89' lang='lat' dir='ltr'><strong>plura</strong></span> <span class='ocrx_word' id='word_1_215' title='bbox 917 3313 1009 3384; x_wconf 91' lang='lat' dir='ltr'><strong>dabit</strong></span> <span class='ocrx_word' id='word_1_216' title='bbox 1025 3313 1103 3383; x_wconf 87' lang='lat' dir='ltr'><strong>San·</strong></span> 
     </span>
     <span class='ocr_line' id='line_1_34' title="bbox 163 3408 1103 3502; baseline -0.004 -23"><span class='ocrx_word' id='word_1_217' title='bbox 163 3412 241 3485; x_wconf 80' lang='lat' dir='ltr'><strong>chen</strong></span> <span class='ocrx_word' id='word_1_218' title='bbox 271 3416 335 3487; x_wconf 54' lang='lat' dir='ltr'><strong>cit..</strong></span> <span class='ocrx_word' id='word_1_219' title='bbox 353 3415 438 3497; x_wconf 92' lang='lat' dir='ltr'><strong>loco,</strong></span> <span class='ocrx_word' id='word_1_220' title='bbox 460 3427 494 3483; x_wconf 89' lang='lat' dir='ltr'><strong>et</strong></span> <span class='ocrx_word' id='word_1_221' title='bbox 512 3413 546 3482; x_wconf 90' lang='lat' dir='ltr'><strong>S.</strong></span> <span class='ocrx_word' id='word_1_222' title='bbox 567 3414 754 3502; x_wconf 82' lang='lat' dir='ltr'><strong>Alpbonsus</strong></span> <span class='ocrx_word' id='word_1_223' title='bbox 774 3411 815 3479; x_wconf 91' lang='lat' dir='ltr'><strong>de</strong></span> <span class='ocrx_word' id='word_1_224' title='bbox 832 3409 985 3498; x_wconf 86' lang='lat' dir='ltr'><strong>Ligurio,</strong></span> <span class='ocrx_word' id='word_1_225' title='bbox 1009 3408 1103 3477; x_wconf 88' lang='lat' dir='ltr'><strong>cuius</strong></span> 
     </span>
     <span class='ocr_line' id='line_1_35' title="bbox 163 3503 1102 3597; baseline -0.007 -25"><span class='ocrx_word' id='word_1_226' title='bbox 163 3504 245 3579; x_wconf 86' lang='lat' dir='ltr'><strong>baec</strong></span> <span class='ocrx_word' id='word_1_227' title='bbox 260 3521 342 3578; x_wconf 87' lang='lat' dir='ltr'><strong>sunt</strong></span> <span class='ocrx_word' id='word_1_228' title='bbox 361 3508 471 3576; x_wconf 85' lang='lat' dir='ltr'><strong>verba:</strong></span> <span class='ocrx_word' id='word_1_229' title='bbox 490 3508 595 3597; x_wconf 87' lang='lat' dir='ltr'><strong>‹quia</strong></span> <span class='ocrx_word' id='word_1_230' title='bbox 610 3505 719 3576; x_wconf 90' lang='lat' dir='ltr'><strong>omnis</strong></span> <span class='ocrx_word' id='word_1_231' title='bbox 733 3516 932 3581; x_wconf 86' lang='lat' dir='ltr'><strong>contractus,</strong></span> <span class='ocrx_word' id='word_1_232' title='bbox 948 3503 1026 3570; x_wconf 88' lang='lat' dir='ltr'><strong>licet</strong></span> <span class='ocrx_word' id='word_1_233' title='bbox 1042 3521 1102 3587; x_wconf 92' lang='lat' dir='ltr'><strong>pro</strong></span> 
     </span>
    </p>
   </div>
   <div class='ocr_carea' id='block_1_3' title="bbox 0 0 1326 4175">
    <p class='ocr_par' dir='ltr' id='par_1_3' title="bbox 0 0 1326 4175">
     <span class='ocr_line' id='line_1_36' title="bbox 0 0 1326 4175; baseline 0 0"><span class='ocrx_word' id='word_1_234' title='bbox 0 0 1326 4175; x_wconf 95' lang='lat' dir='ltr'><strong> </strong></span> 
     </span>
    </p>
   </div>
  </div>
 </body>
</html>
