2642 4175
300 363 365 419 526
604 372 767 417 urrnnmx
786 372 832 417 111.

300 472 436 542 Sacrum
458 469 722 578 regenerationis
741 471 906 539 lavacrum
931 495 946 538 ‹
966 472 1081 555 unde
1103 486 1181 543 teste

250 565 496 658 SCypriano,
518 563 992 655 ommsfiderortgornctptt
1015 566 1181 636 eladae

250 673 366 729 ternae
389 660 474 729 vitae
499 679 591 748 spem
625 657 821 726 salutaris
812 659 1014 747 ingressio»
1038 654 1181 750 primum

253 754 339 823 inter
358 752 487 842 reliqua
507 763 712 821 sacramenta
734 752 842 821 locum
864 764 971 836 tenet,
990 773 1061 822 non
1079 753 1180 822 solum

174 922 181 949 l
252 846 381 928 ordine,
403 868 517 917 verum
536 846 636 915 etiam
655 845 865 915 necessitate.
880 845 978 915 «Nisi
999 847 1091 915 enim
1112 847 1181 936 quis

251 952 388 1009 renatus
408 940 509 1009 luerit
525 959 565 1009 ex
580 956 665 1028 aqua
681 951 714 1007 et
726 937 850 1045 Spiritu
866 937 984 1009 Sancto
998 961 1067 1009 non
1082 952 1183 1046 potest

252 1034 392 1103 introire
420 1034 571 1121 Regnum
593 1031 650 1100 Dei
675 1055 689 1097 r
712 1032 759 1101 uti
780 1032 931 1102 Christus
953 1048 1069 1123 aperte
1089 1025 1182 1102 edixit

253 1126 384 1196 loannis
403 1127 458 1208 lll,
473 1125 507 1196 5.
529 1125 638 1207 Quare
656 1124 807 1217 Synodus
826 1125 1020 1196 'l'rideutina
1038 1149 1121 1197 sess
1137 1126 1181 1208 l'l,

251 1218 369 1310 oapi
404 1221 521 1289 merito
555 1218 755 1309 baptismum
788 1221 992 1308 nuncupavit
1025 1247 1039 1287 u
1075 1220 1182 1289 Sacra·

254 1325 402 1383 mentum
424 1313 518 1397 ndei,
533 1313 606 1382 sine
626 1335 692 1403 quo
712 1314 796 1382 nulli
814 1334 961 1403 uuquam
983 1313 1124 1404 contigit
1141 1315 1183 1381 iu·

251 1407 460 1476 stilicone.»

299 1499 505 1590 Quamquam
526 1521 603 1567 vero
624 1510 713 1568 touta
747 1499 790 1568 sit
818 1499 972 1590 baptismi
993 1500 1180 1581 necessitas,

253 1606 290 1662 ut
310 1596 381 1662 sine
402 1615 442 1662 eo
462 1613 560 1661 nemo
582 1594 686 1679 possit
705 1594 802 1662 vitant
824 1606 993 1662 aeternam
1015 1592 1181 1683 consequi,

252 1687 470 1776 quamobrem
491 1685 624 1754 scholae
651 1687 765 1755 dicunt
795 1687 994 1776 baptismum
1016 1688 1119 1757 medii
1135 1707 1183 1754 nc·

249 1782 397 1849 cessitate
411 1780 450 1849 ad
467 1780 607 1848 salutern
625 1780 766 1870 requiri;
782 1780 903 1848 dantur
918 1791 1031 1849 tamen
1047 1794 1183 1850 extraor-

251 1875 377 1942 dinarii
394 1894 513 1954 casus,
535 1872 569 1939 in
589 1874 711 1962 quibus
729 1873 886 1942 invisibili
906 1872 1053 1963 Spiritus
1080 1871 1182 1942 Sancti

251 1969 358 2055 gratia
378 1989 443 2036 nou
463 1978 635 2053 susceptus
656 1967 689 2035 in
720 1988 804 2056 aqua
829 1967 1016 2057 baptismus
1035 1968 1182 2057 supplea-

256 2077 322 2145 tur,
341 2061 442 2130 veluti
463 2061 490 2129 si
512 2061 586 2151 quis
602 2081 670 2130 non
696 2059 881 2149 baptizatus
914 2061 1111 2153 martyrium
1130 2079 1182 2150 pro

250 2155 385 2225 Christo
417 2155 585 2244 patiatur,
606 2156 656 2223 rel
678 2153 712 2222 in
732 2154 924 2225 discrimine
941 2155 1030 2225 ritae
1052 2155 1180 2244 positus,

249 2249 313 2317 'ubi
333 2249 486 2337 baptismi
508 2246 600 2337 copia
622 2270 689 2317 uon
718 2260 778 2329 est,
801 2249 842 2317 de
866 2248 1010 2337 peccatis
1031 2249 1138 2318 doleat
1156 2257 1183 2314 et

255 2342 455 2432 baptismum
477 2342 654 2410 desideret.
678 2341 719 2409 Et
739 2341 816 2409 bino
836 2341 1009 2430 Theologi
1025 2341 1181 2431 triplicem

249 2435 459 2524 baptismum
473 2434 693 2521 distinguunt,
706 2435 831 2504 scilicet
842 2436 992 2543 [luminis
1004 2458 1065 2504 seu
1077 2453 1181 2539 aquae,

253 2530 403 2618 staminis
424 2549 482 2595 seo
503 2526 672 2611 desiderii,
691 2541 724 2596 et
741 2530 913 2634 sonpninic
941 2551 1001 2597 seu
1021 2523 1179 2619 martyrii;

257 2642 324 2690 non
351 2632 460 2689 tamen
482 2620 544 2689 tria
576 2632 654 2689 sunt
684 2615 843 2711 baptismi
874 2620 1112 2704 Sacramenta,
1133 2618 1181 2687 sed

174 2742 176 2747 ·
253 2734 362 2783 unum
389 2715 580 2795 dumtaxat,
602 2735 677 2782 oum
700 2714 733 2783 in
755 2736 821 2783 uno
854 2715 1017 2805 baptismo
1047 2711 1181 2782 llnminis

258 2808 343 2878 ratio
365 2806 570 2877 Sacramenti
591 2807 801 2897 reperiatur;
834 2820 867 2878 et
883 2809 1068 2898 baptismus
1086 2803 1181 2875 dami-

258 2902 311 2972 nis
325 2922 363 2971 ac
377 2901 559 2990 baptismus
578 2901 750 2989 sanguinis
768 2922 806 2970 eo
823 2903 956 2971 nomine
971 2900 1179 2992 appellantur,

257 2996 336 3086 quia
354 3016 420 3063 non
438 3015 533 3063 secus
553 3015 591 3061 ac
613 2992 772 3082 Baptismi
801 2996 967 3064 lavacrum
985 2994 1147 3064 bominem
1164 3010 1179 3056 a

257 3100 470 3179 peecatorum
487 3087 639 3156 sordibus
656 3087 796 3156 abluunt
798 3089 984 3179 ,illumque
999 3088 1177 3157 iustificant

307 3182 453 3252 lamvero
475 3180 661 3270 Baptismus
679 3142 844 3266 fluminis,
866 3184 906 3251 de
926 3204 1001 3290 quo·
1012 3181 1066 3249 hic
1083 3174 1181 3284 loqui·

262 3297 351 3381 ntur,
369 3273 535 3365 imprimis
559 3286 692 3362 peccata
718 3275 846 3358 omnia,
867 3276 933 3345 sive
953 3295 1089 3364 originis
1102 3268 1179 3345 vttto

260 3368 329 3437 sive
349 3379 462 3437 nostra
484 3369 579 3455 culpa
612 3379 807 3452 contracta,
836 3391 1017 3460 omnesque
1045 3371 1181 3468 peccato·

260 3481 338 3529 rum
359 3481 481 3549 poenas
516 3460 679 3544 remittit,
715 3482 771 3531 eas
801 3483 932 3551 nempe,
956 3454 1178 3553 quaedimissa

260 3554 383 3643 eulpa,
397 3555 546 3642 peccatis
567 3554 601 3621 in
619 3554 721 3623 altera
753 3555 815 3624 rita
847 3557 1057 3627 deberentur.
1078 3549 1181 3636 ltaque
