2642 4175
286 358 329 416 82
633 366 737 411 carun
756 367 778 409 r.

239 480 273 538 et
291 468 445 536 Analecta
464 466 489 534 l.
506 463 546 533 P.
568 484 633 533 ser.
655 463 673 530 1
698 463 776 533 coll.
797 460 877 531 831.
908 462 1097 532 Secundum
1111 474 1174 544 est,
1264 520 1269 532 ,
1317 421 1318 508 ἶ

240 562 399 632 utbanna
420 560 501 629 fiant
523 583 538 626 ‹
563 568 630 627 tarn
653 557 686 626 in
708 556 861 664 paroecia
886 556 1057 638 domicilii,
1074 577 1174 645 quam

239 654 383 743 collegii,
400 651 605 735 monasterii,
622 651 871 733 conservatorii,
894 650 951 719 ubi
970 670 1177 719 commoran-

238 759 305 832 tur,
327 759 428 837 prout
447 746 689 838 praescriptum
712 743 880 834 reperitur
902 744 935 812 in
960 743 1054 812 urbis
1071 754 1176 812 statu·

238 854 283 924 to,
307 853 456 931 postea,
479 839 621 930 quaein
649 837 914 927 Congregatione
946 837 1106 927 peculiari
1128 836 1170 903 11

240 935 309 1005 lan,
332 932 424 1002 1761
445 933 595 1003 unanimi
617 952 782 1001 consensu
813 931 958 1014 decreta,
986 944 1020 1000 et
1052 953 1069 999 a
1100 929 1175 999 Cle·

238 1041 350 1098 mente
368 1028 410 1096 XI
438 1027 528 1096 virae
548 1027 636 1096 vocis
659 1027 795 1095 oraculo
829 1024 948 1093 deinde
979 1026 1173 1093 confirmata

240 1123 388 1191 fuerunt.
411 1122 559 1190 Tertium
581 1133 649 1202 est,
676 1120 831 1208 agitatam
854 1138 953 1207 saepe
970 1117 1100 1187 luisse
1091 1119 1174 1186 ruris

239 1214 488 1305 quaestionem,
512 1233 553 1282 an
574 1213 692 1282 diebus
721 1212 867 1293 festivis,
891 1212 1012 1301 quibus
1037 1233 1076 1281 ex
1095 1232 1176 1298 apo·

237 1309 352 1378 stolieo
371 1308 510 1389 indulto,
533 1307 660 1377 sublata
688 1307 778 1375 onrni
803 1305 958 1374 audiendi
985 1304 1074 1374 Sacri
1094 1304 1177 1372 obli-

238 1402 396 1491 gatione‚
421 1400 577 1490 operibus
609 1401 784 1469 servilibus
802 1420 919 1467 uacare
948 1398 1173 1486 permittitur,

237 1494 504 1564 denuntiationes
526 1493 599 1562 fieri
627 1494 778 1583 possiut‘.i
791 1492 826 1561 S.
840 1493 876 1562 C.
896 1493 934 1561 C.
954 1493 1008 1561 die
1022 1491 1065 1558 17
1087 1492 1174 1559 lunii

237 1586 330 1656 1780
357 1587 464 1656 noluit
495 1586 700 1677 quaestionis
727 1588 849 1655 nodum
881 1586 1096 1675 praecidere,
1118 1587 1177 1654 sed

237 1681 340 1750 satius
364 1680 455 1749 duxit
470 1681 644 1770 hacsuper
661 1701 711 1764 re,
732 1680 903 1770 Episcopis
921 1679 1177 1767 efflagitantibus

236 1775 408 1843 facultates
439 1775 641 1844 necessarias
662 1788 695 1843 et
716 1785 920 1863 opportunas
945 1774 1087 1842 libenter
1113 1773 1177 1840 im-

237 1867 367 1957 pertiri,
388 1868 520 1957 quibus,
542 1869 767 1937 intercedente
781 1889 891 1950 causa,
912 1866 1011 1936 arctis
1031 1866 1178 1956 pruden-

128 1953 139 1964 ’
238 1960 303 2030 tiae
324 1962 453 2049 legibus
482 1962 529 2031 uti
551 1963 723 2031 commode
744 1960 892 2050 possint,
915 1971 948 2029 et
968 1980 1005 2029 ea
1026 1979 1178 2051 praeser-

237 2054 296 2125 tim
325 2056 387 2125 sub
418 2055 609 2125 conditione
631 2067 702 2124 rut
721 2054 754 2123 in
774 2054 840 2123 illis
859 2054 999 2136 diebus,
1020 2054 1076 2143 qui
1104 2053 1178 2123 festi

238 2170 305 2219 non
327 2162 429 2230 sunt,
454 2151 611 2240 frequens
642 2149 752 2217 adbuc
785 2161 974 2238 perseveret
1000 2148 1112 2239 pupuli
1135 2148 1176 2216 ad

238 2243 419 2313 Ecclesiam
441 2265 621 2313 concursus
642 2254 675 2311 et
695 2254 856 2332 quantum
883 2242 956 2311 fieri
976 2254 1106 2332 potest,
1126 2263 1178 2311 sa·

236 2337 439 2405 luberrimaa
469 2337 586 2424 legisa
609 2336 709 2404 Cone.
741 2336 831 2405 Trid.
858 2336 1082 2425 praescriptae
1102 2334 1180 2404 finis

235 2450 274 2497 ac
294 2450 413 2519 scopus
433 2428 615 2510 habeatur,
636 2429 694 2519 qui
721 2450 786 2497 nun
809 2429 893 2497 alius
914 2441 1002 2498 certe
1024 2428 1096 2510 fuit,
1114 2429 1178 2497 nisi

236 2522 326 2592 utin
347 2522 459 2611 populi
486 2522 675 2611 frequentia
697 2521 840 2592 ineunda
886 2523 1095 2591 matrimonia
1120 2524 1176 2591 dc·

235 2614 482 2698 nuntiarentur,
506 2637 570 2705 quo
588 2615 735 2695 facilius,
749 2616 776 2685 si
794 2617 1013 2706 quaeserunt,
1030 2616 1175 2705 impedi-

237 2718 350 2775 menta
368 2709 618 2795 detegerentur.
641 2733 656 2774 u
678 2711 714 2779 ln
733 2710 867 2779 rudera.
886 2711 1024 2778 denunt.
1044 2709 1117 2778 liat.
1140 2710 1175 2776 1.

236 2799 290 2868 dic
311 2798 355 2868 19
376 2802 497 2891 Aprilis
520 2799 611 2871 tenc
636 2804 676 2872 ad
697 2802 835 2872 dubium
872 2807 959 2871 «dn
994 2803 1027 2871 in
1061 2803 1179 2871 diebus

236 2892 403 3002 abrogatis
433 2896 504 2965 lieri
535 2896 662 2985 possint
688 2897 976 2967 matrimoniorum
995 2897 1180 2986 proclama·

237 2986 611 3058 tionesincasu‘luS.
629 2990 666 3059 C.
689 2991 860 3080 reposuit:
886 2991 1093 3079 «Negative,
1114 2990 1179 3058 nisi

236 3080 277 3149 de
302 3080 433 3152 licentia
468 3083 619 3173 Episcopi
654 3105 729 3151 cum
762 3083 1004 3153 conditionibus
1036 3085 1076 3151 ad
1113 3085 1180 3151 for-

236 3195 322 3243 mam
352 3175 462 3245 Brcvis
486 3175 507 3244 3
532 3177 618 3245 Iunii
645 3174 736 3245 1780
759 3202 774 3244 a
794 3176 921 3247 rutro
941 3175 1072 3245 VERBO
1095 3176 1178 3246 CUM

237 3267 292 3335 SS
309 3269 477 3353 rVerum,
501 3292 538 3339 ex
564 3271 660 3340 dictis
683 3271 800 3340 deduci
824 3292 919 3361 posse
938 3271 1084 3354 videtur,
1107 3291 1181 3360 pro-

136 3397 138 3401 ·
237 3361 450 3432 clamationes
480 3363 551 3433 fieri
578 3365 677 3434 etiam
711 3385 805 3454 posse
836 3366 869 3432 in
896 3364 961 3433 illis
986 3365 1078 3433 festis
1102 3385 1179 3454 sup·

237 3454 359 3542 pressis
388 3457 516 3541 diebus,
541 3458 664 3547 quibus
684 3479 721 3528 ex
742 3458 910 3528 Pontificis
936 3459 1102 3527 voluntate
1126 3477 1179 3526 so·

237 3547 357 3617 lemnia
379 3562 597 3641 peraguntur,
621 3565 653 3623 et
673 3553 816 3642 populus
836 3553 993 3643 frequens
1011 3552 1121 3620 adhuc
1138 3550 1177 3618 ad
