2642 4175
354 356 400 400 un
414 353 651 400 urrnumnums
673 353 872 401 ιιιτιιιιιοιιιι
969 346 1033 403 177

143 453 235 543 quod
257 451 385 523 ideireo
403 454 465 523 suh
485 452 677 524 conditione
696 455 760 524 luit
779 456 948 537 oollotum,
967 457 1088 528 nihilo·

143 547 259 618 minus
287 558 402 618 temen
420 545 527 618 tutius
554 559 655 629 esset,
674 558 709 618 et
727 549 767 618 od
786 550 1008 622 eonscientiae
1028 572 1086 641 pe-

142 661 217 714 cern
238 637 475 732 opportunius,
494 640 525 710 si
542 641 565 709 ii
586 641 646 732 qui
665 639 827 713 infantem
845 643 907 714 snb
927 644 1088 717 conditio·

142 734 412 825 rebaptizatum
436 747 672 825 susceperunt,
695 736 897 827 praedictam
917 738 1088 846 cognatio·

142 849 224 900 nem
238 829 443 900 contraxisse
455 842 699 920 suppomtor
715 830 753 899 ln
772 829 883 902 dubiis
900 831 989 901 enim
1009 854 1088 923 pars

144 923 255 994 tutior
273 924 414 998 tenenda
435 936 503 1004 est,
525 934 563 993 ut
582 924 623 996 ed
641 921 760 993 luno
752 944 859 1013 {psum
878 946 991 995 rosum
1010 946 1088 1016 per·

144 1016 265 1105 pendit
285 1014 426 1109 Splrius,
442 1016 568 1106 aliique
587 1016 743 1107 pl·;ures
733 1038 801 1086 uuo
821 1029 929 1089 stante
947 1017 1013 1088 hoo
1029 1019 1088 1092 du·

143 1110 214 1191 hio,
232 1110 465 1199 cognationem
488 1109 634 1180 Ecclesia
668 1110 877 1201 proesumit,
908 1123 945 1184 ut
969 1111 1090 1182 donent

143 1202 320 1288 Sauene,
348 1205 526 1275 llnedetus
552 1203 678 1274 etalii.
706 1204 779 1276 Non
810 1205 932 1275 desunt
961 1215 1086 1288 temen,

143 1299 205 1389 qui
225 1298 356 1368 nullm
375 1297 529 1368 contrahi
547 1296 779 1387 cognationem
801 1298 951 1369 absolute
970 1311 1089 1372 mean-

144 1406 216 1475 tur,
235 1412 278 1462 eo
297 1390 433 1482 quidem
453 1391 578 1462 suffulti
600 1390 778 1481 principio,
798 1393 889 1484 quod
908 1393 944 1464 in
962 1392 1088 1463 odiosis

144 1484 250 1558 rerba
270 1485 384 1575 legum
403 1497 437 1557 et
453 1486 627 1556 Cenonum
642 1486 845 1557 suntstriete
865 1487 1089 1578 interpreten-

143 1581 201 1649 da.
223 1577 392 1670 Quidquid
411 1592 521 1649 lernen
541 1580 582 1648 de
601 1579 664 1649 hoo
683 1579 739 1662 sit,
760 1579 844 1650 illud
863 1581 950 1671 opud
970 1600 1088 1656 omnes

144 1685 240 1744 cerlo
261 1684 400 1755 constet,
423 1675 512 1764 quod
531 1673 558 1742 si
575 1673 739 1764 baptisma
759 1675 923 1757 seeundo,
946 1685 979 1744 et
997 1675 1091 1744 inm·

144 1767 216 1838 lide
235 1766 336 1836 elicui
352 1769 572 1849 conferretur,
589 1769 667 1857 quin
689 1768 900 1856 postmodum
920 1769 1090 1857 detegere·

144 1876 205 1932 tur
220 1861 315 1948 prius
334 1862 423 1950 quod
442 1862 552 1931 luerat
569 1862 752 1954 collatum,
773 1861 880 1932 valide
899 1861 1004 1936 fuisse
1020 1861 1089 1932 ool-

147 1956 282 2036 letum,
303 1955 394 2026 nulla
420 1955 556 2024 omnino
586 1976 623 2024 er
653 1976 694 2025 eo
725 1954 880 2043 cognatio
905 1954 1109 2044 spiritualis·

145 2059 356 2137 exsurgeret.
374 2048 495 2119 Contra
508 2069 587 2119 tero
600 2048 829 2118 indubitanter
842 2047 924 2117 haee
937 2046 1090 2137 spiritun-

146 2143 188 2211 lis
207 2142 363 2230 cognatio
383 2155 589 2233 exsurgeret,
604 2163 631 2211 ει
623 2142 863 2250 'postmodum
878 2142 1091 2230 detegeretur

148 2236 245 2326 prius
264 2235 427 2326 baptisma
449 2237 551 2306 luisse
570 2237 708 2306 omnino
727 2234 872 2304 nullum.

193 2328 320 2411 Quaeri
339 2329 376 2398 θ’
395 2341 528 2421 potest,
543 2351 593 2400 nn
613 2330 674 2422 qui
695 2349 756 2420 per
776 2347 925 2398 errorem
951 2324 1090 2417 surripit

147 2424 189 2492 de
210 2442 308 2493 sacro
326 2425 418 2499 iente
437 2423 544 2493 tilium
563 2423 713 2508 Antonii,
732 2434 910 2492 autumans
929 2442 965 2492 se
984 2419 1090 2493 susci·

147 2537 230 2606 pere
248 2517 416 2589 Frnnoisei
432 2512 552 2602 filium,
572 2519 805 2607 cognationem
823 2517 970 2607 aliquem
990 2512 1089 2606 spiri·

149 2611 279 2687 melem
291 2610 482 2682 eontmhatl
466 2612 747 2702 lllespondemus
764 2622 893 2682 eertum
906 2611 971 2681 eb
963 2621 1090 2681 incerto

149 2703 185 2773 in
202 2704 270 2776 hoo
287 2726 365 2776 oesu
387 2726 460 2775 esse
478 2707 734 2777 secernendum.
755 2704 892 2776 Certum
918 2726 999 2776 sene
1025 2720 1087 2786 est,

150 2798 241 2886 quod
274 2800 403 2869 nullam
439 2799 614 2869 contrahet
645 2798 880 2888 cognationem
913 2819 989 2869 oum
1019 2797 1090 2867 snio

148 2891 331 2976 Francisei‚
351 2893 402 2963 rel
422 2914 497 2963 eum
517 2892 590 2963 eius
606 2894 818 2983 perentibus,
845 2893 925 2983 quin
945 2891 1041 2962 illum
1071 2912 1090 2959 e

151 3004 246 3054 suero
262 2946 354 3057 ionie
372 3007 440 3055 nou
459 2987 628 3077 suscepit3
649 2997 685 3056 ot
704 2988 882 3070 incertum,
905 3006 946 3057 ιιι
967 3005 1089 3073 eogno-

150 3077 275 3148 tionem
294 3079 471 3151 contrahet
489 3101 564 3150 oum
583 3080 654 3149 silio
674 3079 827 3164 Antonii,
851 3100 953 3171 quern
973 3098 1089 3148 revera

152 3173 310 3262 suscepit,
329 3173 469 3265 eiusque
485 3174 694 3265 parentibus
713 3173 873 3243 Nonnulli
892 3173 981 3241 enim
1002 3170 1092 3239 nllir·
1169 3213 1196 3255 ,-

155 3266 309 3336 motivam
329 3269 528 3338 sententium
546 3268 817 3375 amplectuntur,
847 3285 988 3355 ermque
1015 3284 1093 3354 pro·

154 3359 233 3431 bare
252 3371 431 3450 satagunt,
454 3362 604 3432 institute
627 3359 771 3452 paritate
790 3380 866 3429 eum
888 3358 1088 3468 baptizante,

155 3453 211 3542 qui
231 3453 259 3525 si
280 3475 341 3544 per
359 3476 509 3526 errorem
529 3455 675 3563 baptizat
690 3453 796 3523 lilium
815 3452 962 3537 Antonii,
984 3451 1094 3523 existi·

156 3567 250 3618 mens
268 3569 339 3619 esse
356 3549 461 3618 lilium
480 3548 670 3636 Francisoi,
676 3570 752 3619 oum
768 3547 837 3619 filiu
854 3546 988 3619 Antonii
1008 3546 1095 3614 eius·

256 3676 294 3730 De
312 3677 475 3732 diotrimmio
992 3675 1024 3724 ll
