2642 4175
254 318 321 375 302
600 327 701 372 cauus
721 329 767 373 ιιι.

206 432 242 501 in
262 427 435 497 Pandectis
452 426 578 495 rotatae
598 436 686 508 sunt,
710 426 884 496 manifeste
906 428 1077 497 refellunt.
1100 428 1160 496 lu·

206 522 372 593 stinianus
404 521 486 589 inst.
518 515 598 609 §tt
619 518 660 587 de
681 518 806 609 nuptiis
842 520 973 610 inquit:
999 546 1014 587 r
1038 519 1070 589 Si
1096 520 1159 590 ud·

207 636 322 686 versus
341 637 392 698 ea,
415 632 502 703 quae
521 610 682 691 diximus,
700 612 803 702 aliqui
829 614 983 694 coierint,
1003 635 1066 685 nec
1085 614 1154 698 vir,

208 731 272 780 nec
290 729 384 791 uxor,
412 727 474 776 nec
500 706 663 795 nuptiae,
697 726 758 774 nec
794 707 1058 789 matrimonium,
1086 728 1157 777 neo

209 805 269 872 dos
289 800 499 890 intelligitur.
522 823 536 865 r
559 799 648 868 llaec
665 820 745 868 sane
769 820 836 868 non
856 801 1008 870 illicitum
1032 801 1151 884 modo,

208 898 267 965 sed
287 895 387 965 etiam
407 893 537 963 nulium
559 905 592 963 ot
610 892 743 961 irritum
763 893 953 982 exprimunt
973 895 1153 963 matrimo-

209 989 315 1058 nium.
339 988 376 1057 ln
395 988 551 1057 eumdem
571 1006 706 1056 sensum
736 988 827 1075 leges
847 987 921 1056 idas
950 987 1160 1077 interpreta-

210 1096 266 1151 tur
285 1083 372 1152 idem
400 1081 427 1150 1.
458 1081 494 1149 C.
526 1079 647 1149 Paulus
677 1080 710 1147 in
732 1081 936 1150 contrarium
967 1082 1156 1151 adductus·

209 1176 291 1246 Nam
313 1177 386 1264 lege
406 1173 426 1242 d
444 1174 476 1241 ff.
498 1173 538 1242 de
560 1173 624 1241 ritu
642 1185 736 1262 nupt.
760 1194 799 1242 ex
813 1174 860 1242 lib
881 1172 926 1243 35
944 1175 985 1243 ad
1002 1174 1154 1244 edictum

210 1271 259 1339 sic
278 1270 413 1358 tegitur:
436 1292 451 1333 r
467 1266 609 1355 Nuptiae
625 1267 808 1337 consistere
824 1289 891 1336 non
913 1279 1062 1357 possunt,
1083 1267 1158 1336 nisi

213 1361 422 1432 consentiant
437 1380 563 1443 omues,
584 1358 642 1448 qui
660 1364 793 1444 rodunt,
813 1382 1028 1451 quorumque
1042 1362 1076 1428 in
1092 1381 1161 1449 po-

212 1468 329 1525 testate
348 1464 473 1523 sunt.»
496 1452 586 1521 Idem
605 1453 759 1541 arguitur
779 1475 818 1523 ex
839 1453 997 1545 Ulpiano,
1022 1465 1057 1522 ut
1078 1475 1158 1523 cae·

212 1563 302 1617 teros
318 1546 344 1613 l.
367 1547 405 1616 C.
426 1545 632 1628 omittamus,
652 1548 685 1615 in
707 1549 780 1636 lege
801 1547 837 1614 u.
869 1549 910 1616 de
944 1550 1009 1617 ritu
1035 1541 1157 1637 n'upt.:

216 1666 231 1708 a
249 1640 282 1709 Si
303 1660 406 1729 nepos
427 1660 563 1708 uxorem
584 1640 662 1710 velit
680 1639 830 1722 ducere,
849 1662 908 1710 avo
937 1642 1093 1721 furente,
1115 1661 1160 1708 o—

214 1733 385 1803 mnimodo
401 1731 504 1823 patris
524 1733 705 1802 auctoritas
730 1734 795 1803 erit
814 1735 1014 1805 necessaria.
1037 1757 1051 1799 r
1082 1733 1162 1801 Hu-

214 1826 357 1896 iusmodi
377 1846 457 1895 sane
474 1825 624 1915 phrases,
642 1828 779 1915 nuptiae
797 1829 971 1897 considere
997 1848 1062 1895 noo
1074 1848 1159 1915 pos·

212 1929 304 2004 sunt,
323 1920 507 1989 omnimodo
521 1920 634 1989 Patris
654 1921 835 1990 auctoritas
847 1929 894 1990 eet
910 1921 1108 2002 accessorio,
1125 1932 1167 1989 et

214 2014 364 2098 similes,
385 2013 516 2082 nullum
552 2012 751 2083 dubitationi
785 2016 895 2083 locum
930 2015 1162 2104 relinquunt,

207 2110 308 2200 ·quod
322 2108 467 2198 nuptias,
490 2106 617 2196 absque
649 2119 824 2198 parentum
848 2129 1010 2179 consensu
1029 2118 1168 2175 contra-

218 2215 299 2287 ctas,
321 2222 456 2291 prorsus
482 2201 591 2269 nullas
611 2212 644 2269 et
661 2202 773 2270 irritas
790 2202 972 2271 declarent.
1011 2201 1045 2270 ld
1076 2220 1166 2268 sane

217 2308 268 2366 est
287 2295 508 2365 necessarium
535 2294 701 2383 quoddam
731 2296 976 2365 consectarium
1007 2314 1169 2363 summae

217 2411 257 2458 ao
277 2387 454 2479 peculiaris
484 2386 574 2454 illius
608 2388 802 2477 potestatis,
825 2410 891 2478 qua
923 2388 990 2457 iam
1027 2387 1168 2456 romani

218 2483 416 2551 fruebantur
434 2501 512 2567 erga
533 2478 646 2564 fitios;
668 2482 755 2550 unde
789 2482 862 2551 iure
898 2482 1017 2551 merito
1050 2479 1171 2569 inquit

215 2574 423 2649 ,iustinianus
447 2571 517 2655 §Q
539 2572 589 2642 tit.
612 2573 654 2643 de
669 2573 779 2644 Patria
800 2586 901 2664 post:
927 2599 941 2641 r
974 2575 1029 2643 lus
1045 2583 1167 2642 autem

221 2677 421 2759 parentum,
443 2666 532 2755 quod
565 2666 599 2734 in
620 2667 743 2737 liberos
779 2668 965 2749 habemus,
985 2665 1169 2758 proprium

221 2771 273 2831 est
292 2779 519 2841 romanorum
542 2759 625 2827 nutti
647 2761 735 2829 enim
753 2775 832 2832 sunt
850 2761 1017 2845 homines,
1038 2759 1097 2850 qui
1112 2769 1173 2829 ta·

222 2856 290 2924 lem
307 2853 340 2922 in
361 2853 483 2921 liberos
512 2852 658 2921 habeant
683 2866 905 2944 potestatem,
937 2858 1069 2945 qualern
1100 2872 1171 2922 nos

225 2946 400 3016 habemus.
426 2970 440 3012 r
463 2943 511 3014 Er
529 2944 581 3013 his
602 2959 715 3016 eutem
743 2949 899 3018 omnibus
929 2960 1000 3018 tuto
1031 2946 1172 3016 videtur

225 3040 342 3109 inierri
360 3039 458 3108 verba
477 3039 533 3107 iila
553 3037 667 3122 Pauli,
697 3062 783 3130 quae
803 3063 842 3110 ox
874 3040 1117 3111 sententiarum
1141 3039 1170 3107 l.

226 3133 271 3202 19
289 3133 458 3202 adducunt
478 3132 645 3216 Guiacius,
669 3144 703 3203 et
720 3133 986 3217 Gothot'redus,r
1006 3134 1064 3204 sed
1086 3152 1175 3200 con·

219 3240 332 3302 tracta
351 3247 417 3296 non
434 3226 669 3310 dissolvuntur,
693 3250 707 3292 r
731 3248 797 3297 non
819 3248 890 3298 esse
911 3226 1017 3310 Pauli,
1048 3225 1105 3294 sed
1127 3225 1176 3293 ab

225 3319 435 3403 amanuensi,
456 3339 515 3387 seu
534 3318 644 3407 gothis
662 3319 763 3390 tuisse
784 3322 931 3404 adiecta,
945 3322 999 3389 vei
1029 3320 1073 3388 ita
1095 3337 1178 3387 esse

228 3413 434 3502 explicanda,
457 3422 495 3480 ut
510 3412 646 3501 nuptiae
659 3434 698 3482 ox
712 3426 889 3503 parentum
905 3415 1075 3483 voluntate
1089 3430 1178 3479 con·¹

230 3514 353 3575 tractae
382 3515 566 3595 nequeant,
590 3507 756 3577 contraria
786 3518 962 3597 parentum
983 3508 1175 3588 voluntate,
1242 3554 1248 3566 .
