2642 4175
484 324 528 367 nn
546 323 758 370 arouaannaus
1003 315 1042 374 51

152 422 284 511 legibus
304 419 558 510 prohibeantur,
582 421 725 490 sednon
755 423 942 508 irritentur,
974 424 1091 497 illicita

153 516 303 606 quidem,
326 513 433 581 valida
453 525 566 581 tamen
586 527 700 583 erunt.
726 516 866 606 Insuper
885 518 926 586 ad
948 519 1092 607 proban·

154 613 231 698 dam
253 606 445 676 huiusmodi
478 607 683 695 sponsalium
716 609 919 687 validitatem
953 612 1093 681 maxime

156 703 238 771 lacit
255 699 472 771 tribunalium
495 701 794 770 ecclesiasticorum
815 703 935 793 praxis,
958 704 993 773 in
1014 706 1088 794 qui·

157 799 220 865 bus
242 796 358 864 eadem
376 792 555 883 sponsalia,
579 793 708 862 iniussu
728 809 916 885 parentum,
933 798 1016 867 sacta
1033 819 1092 887 pro

158 890 240 959 ratis
260 889 438 969 habentur,
461 906 571 975 neque
592 887 653 955 filii
669 888 710 957 ab
731 910 847 970 eorum
867 890 999 960 uinculo
1027 894 1093 960 sol·

157 995 295 1066 vantur,
318 980 381 1048 nisi
405 980 590 1048 ministerio
611 980 746 1063 ludicis,
769 995 801 1050 et
828 1003 926 1051 causa
945 984 1092 1073 cognita.

159 1082 200 1146 At
219 1096 299 1144 vero
318 1074 345 1142 si
364 1092 419 1141 res
440 1074 524 1142 foret
545 1075 813 1163 desponsalibus
833 1075 1000 1163 indignis,
1020 1078 1095 1165 qui·

160 1171 225 1239 bns
251 1180 319 1237 tota
341 1166 572 1255 propinquitas
596 1167 719 1236 iniuria
742 1180 775 1237 et
802 1169 965 1237 dedecore
985 1169 1095 1238 affice·

160 1272 413 1346 seleucenum
433 1272 701 1330 estconsensum
722 1261 913 1349 genitorum
937 1284 1005 1331 non
1026 1264 1095 1331 sui·

159 1358 275 1440 licere,
298 1365 337 1421 ut
353 1354 543 1422 huiusmodi
572 1355 737 1442 sponsalia
770 1357 906 1424 honesta
938 1367 972 1424 et
1004 1356 1093 1425 licita

160 1450 400 1520 redderentur.
418 1446 501 1516 Cum
519 1446 608 1516 enim
634 1448 736 1517 totius
756 1448 901 1518 familiae
936 1449 1044 1519 bonor
1063 1462 1097 1519 at

160 1547 262 1613 decus
285 1542 320 1609 in
337 1540 517 1610 discrimen
539 1542 730 1623 adducitur,
750 1543 899 1631 prolecto
917 1544 958 1610 ad
976 1564 1014 1611 ea
1033 1545 1096 1611 im·

160 1637 325 1728 pedienda
346 1636 469 1703 nedum
490 1634 705 1723 parentibus,
740 1656 854 1704 rerum
888 1647 922 1703 et
957 1637 1097 1705 caeteris

161 1728 421 1817 consanguineis
439 1728 491 1796 ius
510 1748 581 1796 esse
602 1749 701 1797 nemo
722 1730 839 1798 nescit.
875 1727 960 1798 Sane
982 1730 1017 1798 in
1036 1731 1098 1798 du·
1165 1740 1169 1742 ’

163 1825 220 1894 bio
242 1823 388 1912 positum
410 1833 470 1904 est,
493 1832 604 1888 utrum
623 1823 724 1891 homo
739 1825 820 1891 adeo
837 1821 880 1890 sit
892 1843 972 1892 suae
990 1823 1098 1891 lamae

161 1916 332 1998 dominus,
355 1926 393 1983 ut
412 1914 483 1983 eius
500 1915 605 2004 possit
625 1936 685 2004 pro
706 1916 803 1986 libitu
829 1915 991 1984 iacturam
1011 1917 1099 1985 lacc-

162 2012 216 2079 re‘l
236 2009 299 2079 Sed
322 2012 474 2078 doctores
491 2008 705 2076 consentiunt
724 2010 756 2076 id
778 2008 915 2076 minime
933 2009 1048 2092 licere,
1071 2010 1099 2076 si

163 2103 300 2173 inlamia
323 2103 357 2172 in
371 2102 453 2171 alios
473 2114 599 2189 vergat,
623 2113 701 2191 puta
722 2102 755 2169 in
776 2102 881 2183 silica,
913 2101 946 2168 in
968 2105 1098 2184 iratres,

163 2202 197 2267 in
218 2197 392 2280 familiam,
416 2196 450 2263 in
471 2194 686 2282 religionem,
710 2193 745 2262 in
770 2194 925 2284 patriam.
950 2193 998 2260 Ad
1030 2214 1101 2262 rem

163 2291 314 2381 Rapbadl
331 2292 472 2359 dnvarsa
494 2290 535 2357 de
556 2287 703 2357 Sacram.
732 2287 875 2356 Matrim.
912 2299 1041 2376 quaest.
1066 2284 1098 2371 7,

163 2398 245 2454 sect.
269 2382 303 2451 l':
328 2407 343 2449 r
368 2381 400 2450 Si
421 2381 546 2450 inirent
574 2382 749 2469 indignum
769 2381 895 2472 aliquid
932 2380 1102 2449 matrimo-

141 2479 263 2547 nium
283 2498 359 2544 cnm
380 2475 517 2544 notabili
540 2476 702 2544 dedecore
735 2473 767 2543 et
796 2474 978 2563 ignominia
1011 2475 1103 2543 fami·

165 2573 242 2651 liae,
265 2569 414 2659 quamvis
435 2590 509 2636 cnm
532 2589 695 2636 consensu
713 2580 905 2656 parentum,
927 2580 1104 2657 peccarent

130 2746 137 2761 Ι
167 2666 278 2733 adbuc
297 2663 357 2730 mii
380 2662 604 2730 contrahendo
626 2672 658 2730 et
677 2674 832 2750 parentes
851 2662 1100 2744 consentiendo,

168 2758 302 2847 quando
324 2756 572 2823 matrimonium
593 2767 767 2823 essotcum
782 2756 944 2823 dedecore
960 2755 1101 2823 aliorum

169 2854 209 2919 de
229 2850 370 2919 familia.
392 2873 405 2914 a
429 2848 545 2937 ltaque
565 2866 604 2915 ex
623 2849 687 2930 his,
711 2869 797 2936 qnae
819 2849 913 2916 nobis
929 2847 995 2916 visa
1026 2859 1104 2915 sunt

168 2943 418 3033 probabiliora,
453 2953 660 3030 compertum
700 2942 841 3010 liabetur
877 2942 1105 3008 filioslamilias

63 3079 71 3085 -
169 3039 314 3125 graviter
333 3035 541 3124 delinquere,
576 3033 603 3102 si
635 3035 830 3124 parentibus
863 3034 1107 3103 rationabiliter

169 3132 278 3200 invitis
299 3129 464 3217 sponsalia
485 3127 619 3210 ineant,
639 3128 804 3216 sponsalia
826 3140 937 3195 autem
972 3137 1042 3194 rata
1075 3139 1109 3194 et

168 3226 274 3293 valida
295 3243 381 3292 esse.
403 3221 472 3302 Oua
492 3221 649 3289 tamenin
671 3242 707 3288 rc
726 3220 857 3309 quoties
874 3218 1107 3307 parentesdis·

168 3319 326 3399 sentiant,
350 3316 399 3382 rel
418 3314 584 3395 scandalo,
604 3314 737 3401 iurgia,
761 3314 903 3381 dedecus
936 3312 1108 3393 familiae,

169 3412 272 3480 aliave
288 3409 403 3499 gravia
422 3410 508 3477 mala
525 3407 711 3496 prudenter
730 3406 923 3487 timeantur,
940 3406 1109 3494 integrum

170 3518 217 3574 est
235 3503 433 3596 parentibus
449 3515 549 3592 atquc
564 3500 662 3570 etiam
682 3500 950 3590 consanguineis,
967 3517 1113 3588 qnorum
