2642 4175
334 385 378 428 nu
395 382 630 429 runnurunnrrs
647 384 848 431 uarnmomr
942 372 1008 432 355

112 483 185 555 off.
205 480 229 550 3
246 484 331 569 Aug.
353 477 506 547 ldlbad
526 478 596 547 Via.
617 479 725 568 Capit.
744 480 854 550 Dioea.
876 483 1061 572 aquisgra-

119 597 189 646 nae
218 575 319 644 data:
351 572 414 641 bae
432 571 517 639 duae
537 583 723 661 postremae
754 594 872 644 oausae
904 577 1055 647 omnium

121 668 342 758 gravissimae
375 663 642 733 1111111111ο
674 664 721 733 Ob
747 666 871 736 bonum
893 669 994 757 prolis
1024 684 1058 740 et

124 758 380 830 matrimonium
412 757 506 825 civile
541 769 746 826 contractum
779 771 837 828 ant
860 764 1057 832 contraben-

123 856 222 935 dum,
238 862 271 921 et
284 862 361 920 tuno
374 849 576 937 dispensatio
589 853 973 942 concediturpraeoipue
990 855 1058 925 sive

124 947 162 1014 in
182 944 326 1033 gratiam
346 963 503 1031 sponsae,
525 942 627 1031 prolis
651 954 748 1012 natae
769 957 826 1012 aut
843 946 1055 1030 nasciturae,

124 1051 160 1108 et
178 1036 338 1115 familiae,
353 1036 420 1103 sive
439 1035 480 1103 11
502 1035 671 1104 vitandum
692 1037 883 1105 scandalum
904 1038 1058 1127 religioni

123 1152 166 1199 aa
182 1128 335 1200 moribus
350 1127 587 1216 perniciosum.
603 1128 752 1218 Denique
773 1129 924 1217 personis
943 1132 1061 1200 nobili·

125 1225 203 1305 bus,
228 1231 287 1290 aut
305 1221 396 1289 valde
413 1219 560 1288 honestis
582 1221 779 1289 ‘tribuuntur
798 1221 1060 1310 dispensationes

123 1338 166 1383 aa
189 1314 285 1383 cartis
310 1312 563 1381 rationabilibus
582 1315 713 1396 causis,
746 1314 836 1383 nulla
867 1314 1060 1404 singillatim

126 1427 303 1497 expressa;
335 1404 551 1495 quamobrem
579 1405 842 1494 dispensationes
871 1407 943 1477 sine
981 1429 1061 1478 oau-

125 1522 162 1569 sa
185 1500 367 1580 dicuntur,
401 1517 468 1566 nan
500 1498 589 1585 quod
621 1499 713 1567 nulla
740 1519 837 1569 oeusa
858 1500 981 1585 subsit,
1004 1503 1061 1572 sed

124 1592 218 1683 quod
243 1591 332 1660 nulla
354 1590 388 1658 in
419 1590 529 1679 specie
560 1590 774 1679 exprimatur.
807 1593 1063 1664 Exsecutorau-
1168 1675 1171 1680 ¹

125 1699 197 1755 tem
226 1704 282 1753 eas
315 1704 429 1751 causas
449 1703 512 1751 nea
543 1685 709 1768 scrutari,
746 1706 784 1755 11
814 1707 856 1756 11
891 1685 1062 1776 inquirere

13 1833 14 1840 ,
125 1777 267 1867 quidem
296 1775 418 1858 debet;
450 1775 578 1864 reliqua
612 1787 746 1859 tamen,
782 1791 894 1849 utrum
926 1779 1063 1849 veritate

13 1935 14 1940 ,
126 1870 301 1951 11111111,
333 1868 512 1956 diiigenter
537 1868 757 1957 investigabit.
788 1870 856 1941 Hae
893 1874 1063 1942 causaein

92 1963 279 2031 ·Romana
298 1959 396 2029 Curia
430 1960 625 2049 probantur.
654 1960 796 2030 Possunt
819 1973 930 2031 tamen
963 1976 996 2033 et
1029 1986 1065 2034 a·

125 2056 195 2125 liae
216 2054 369 2139 existere,
392 2052 571 2122 dummodo
590 2054 773 2122 secundum
795 2055 996 2143 aequitatem
1025 2058 1066 2125 li-

126 2148 228 2230 oitae,
250 2147 432 2217 seeundum
457 2146 665 2215 honestatem
697 2147 940 2230 convenientes,
963 2159 998 2216 et
1015 2168 1067 2216 se·

126 2242 278 2310 eundum
293 2239 470 2307 utilitatem
484 2238 694 2327 expedientes
708 2238 787 2309 sint.
803 2237 835 2307 Si
850 2250 924 2328 post
934 2238 1067 2328 dispen-

126 2334 294 2404 sationem
315 2332 405 2400 aliua
425 2331 599 2418 detegatur
619 2330 919 2421 impedimentum,
941 2333 991 2400 rel
1024 2333 1066 2400 ob

13 2488 14 2511 ,
129 2426 236 2495 alium
256 2425 420 2515 deiectum
440 2423 535 2492 irrita
567 2434 617 2492 est
654 2424 880 2514 dispensatio,
908 2445 1065 2494 recursus

13 2526 14 2549 ¹
129 2520 173 2588 fit
192 2519 314 2586 iterum
334 2517 375 2584 ad
396 2516 429 2584 S.
448 2515 585 2599 Sedem,
603 2538 689 2606 quae
718 2520 774 2586 dat
791 2518 918 2588 litteras
946 2517 981 2586 in
1000 2519 1068 2587 ior·

131 2632 191 2681 rna
207 2611 345 2699 perinde
361 2610 480 2690 aalma,
500 2629 642 2697 quarum
663 2630 700 2678 ea
718 2623 769 2680 est
786 2612 844 2693 ris,
859 2621 894 2680 ut
908 2612 1069 2681 11111111-

13 2768 14 2793 ,
132 2717 196 2773 tur
214 2701 477 2783 matrimonium,
495 2712 528 2770 et
545 2703 789 2774 retrotrahatur
805 2705 949 2786 addiem
969 2705 1068 2795 primi

125 2794 302 2888 1111111111.
324 2794 359 2862 11
380 2794 598 2863 oonaedendis
619 2794 919 2884 dispensationibus
945 2798 1068 2866 nimius

13 2900 17 2911 '
132 2888 229 2976 rigor
241 2902 347 2976 aeque
362 2907 399 2955 aa
414 2886 516 2955 nimia
533 2886 672 2957 facilitas
684 2888 778 2955 vitari
793 2889 901 2959 debet.
919 2887 1069 2957 Primum

133 2980 294 3068 reprobat
304 2977 616 3070 SymmachusPapa
634 2979 763 3048 dicens:
783 3004 797 3046 1
811 2980 888 3067 Legi
903 2979 1067 3063 insistere,

13 3092 14 3159 ξ
132 3093 213 3141 oum
234 3073 438 3142 observantia
460 3072 598 3140 inferret
617 3071 876 3160 praeiudicium,
897 3073 1073 3142 erudelita-

13 3176 14 3179 ’
134 3178 205 3234 tem
220 3165 324 3254 sapit.
343 3189 356 3230 1
377 3164 741 3254 81111111111111111
760 3164 861 3233 Cone.
877 3164 969 3232 Trid.
987 3185 1070 3233 sess.
1101 3210 1107 3217 ,

135 3256 248 3338 Xlllll,
266 3279 298 3328 1.
317 3255 374 3324 18.
397 3258 572 3326 Caeterum
592 3258 707 3326 eadem
726 3277 822 3326 causa
842 3255 997 3324 omnibus
1016 3257 1074 3323 im·

138 3350 339 3439 pedimentis
359 3371 425 3419 non
454 3349 597 3432 suffieit,
629 3351 686 3418 sed
707 3370 773 3437 quo
791 3349 923 3438 gravius
943 3361 992 3419 est
1012 3348 1075 3416 im-

139 3442 381 3530 pedimentum,
400 3463 469 3531 quo
489 3442 709 3532 propinquior
728 3444 871 3530 gradus,
892 3463 958 3532 quo
978 3443 1075 3532 plura

138 3554 281 3603 numero
299 3534 555 3624 impedimenta,
577 3556 617 3604 ea
636 3534 769 3623 gravior
788 3555 910 3622 eausa,
933 3537 982 3606 vel
1001 3537 1078 3626 plu·
