2642 4175
497 358 660 406 mannans
676 361 723 404 111.
970 347 1033 405 521

151 468 245 547 rupta
264 456 338 536 suit,
353 458 441 527 unde
460 466 632 547 permanet
651 457 760 526 adbuc
780 469 950 547 tamquam
970 457 1004 526 in
1021 479 1082 528 sua

25 604 26 607 ,
153 552 281 634 uirtute,
305 551 337 619 in
354 552 453 622 certis
478 551 677 641 quibusdam
699 550 908 636 actionibus,
931 572 1018 642 quae
1042 554 1083 622 ad

78 660 80 665 ⁴
152 664 234 734 opus
253 644 460 714 efficiendum
482 644 692 727 rotarentur,
721 647 870 734 quamvis
891 646 969 714 dum
995 666 1079 735 opus

24 734 26 765 ¹
102 768 104 774 Δ
153 739 259 826 ipsum
279 739 453 810 conficitur
487 757 580 808 mens
609 739 674 806 aiio
699 738 890 826 divagetnr3
924 740 1026 810 veluti
1054 740 1083 811 si

152 833 304 905 sacerdos
336 833 424 902 domi
460 853 540 902 suae
576 832 734 901 decernat
771 833 905 902 missam
935 832 1083 903 celebra·

24 930 25 1007 ξ
152 945 210 1010 re,
232 927 404 998 ecclesiam
426 925 502 996 inde
527 937 638 1017 petat,
661 925 763 994 sacris
792 925 935 996 vestibus
963 926 1082 996 indua·

151 1032 216 1102 tur,
239 1033 273 1089 et
292 1023 332 1091 ad
350 1023 453 1090 altare
472 1020 628 1103 accedat,
651 1020 708 1088 sed
737 1030 886 1109 tempore
910 1040 1082 1090 consecra·

151 1113 250 1182 tionis
270 1116 310 1185 ad
331 1114 380 1196 id,
402 1115 490 1204 quod
512 1113 598 1202 agit,
623 1134 690 1182 uon
710 1114 870 1193 advertat.
898 1112 1084 1184 Habituaiis

151 1218 200 1276 est
215 1208 356 1279 intentio
377 1228 467 1285 ruere
501 1208 702 1297 praeterita,
734 1226 821 1296 quae
842 1206 1001 1276 nimirum
1024 1208 1086 1277 ali·

150 1302 282 1388 quando
302 1302 434 1380 exstitit,
454 1313 487 1372 ct
506 1300 652 1370 nondum
675 1312 850 1370 retractata
873 1300 946 1382 suit,
967 1301 1023 1370 sed
1040 1313 1086 1370 ta·
1110 1350 1120 1363 .

24 1412 25 1415 ’
151 1412 224 1463 men
245 1395 421 1465 contrariis
454 1395 583 1464 actibus
612 1393 816 1484 interpositis
846 1395 895 1464 rei
925 1395 1085 1485 temporis

150 1488 241 1577 iapsu
270 1491 400 1559 deserta
420 1490 556 1558 omnino
586 1500 652 1572 est;
674 1488 775 1557 vetuti
805 1488 832 1555 si
863 1488 938 1578 quis
958 1509 1025 1557 non
1046 1510 1086 1557 ex

149 1582 269 1652 virtute
291 1583 441 1673 praeviae
461 1583 649 1666 voluntatis,
670 1583 727 1650 sed
750 1581 863 1651 babitu
887 1593 920 1651 et
945 1601 1086 1652 consue·

24 1690 25 1695 ’
150 1677 262 1746 tudine
295 1678 439 1767 quadam
472 1678 519 1746 rei
554 1677 798 1746 inconsiderate
828 1687 862 1745 et
894 1676 1084 1746 inconsulto

148 1768 287 1839 formam
308 1771 510 1839 Sacramenti
531 1789 631 1857 super
650 1769 760 1837 debita
779 1781 813 1839 et
832 1770 999 1859 praesenti
1019 1791 1085 1838 ma·

149 1863 228 1932 teria
247 1865 416 1954 proserat3
439 1863 624 1931 cuiusmodi
646 1863 798 1930 voluntas
820 1883 891 1931 esse
912 1873 1021 1951 potest
1040 1874 1086 1931 et·

150 1955 212 2025 iam
231 1959 265 2027 in
288 1958 381 2028 ebrio
394 1968 427 2026 et
441 1969 583 2025 amente.
605 1954 855 2044 interpretativa
874 1956 1007 2023 tandem
1025 1968 1086 2038 est,

149 2053 284 2138 quando
303 2051 377 2142 quis
397 2051 599 2120 voluntatem
619 2071 669 2118 ex.
692 2070 725 2138 g.
749 2047 946 2118 conticiendi
970 2046 1087 2117 Sacra·

150 2139 311 2228 mentum,
330 2167 439 2236 neque
453 2157 531 2213 tunc
546 2144 655 2223 babet,
673 2162 782 2231 neque
797 2142 915 2212 babuit
928 2162 1087 2231 unquam,

149 2240 203 2307 sed
222 2240 266 2309 ita
290 2251 339 2310 est
359 2240 470 2309 animo
491 2249 719 2326 comparatus,
739 2247 775 2306 ut
804 2255 877 2304 earn
894 2234 1043 2319 baberet,
1059 2236 1086 2305 si
1135 2281 1137 2284 v

149 2332 189 2400 de
218 2332 433 2403 Sacramento
466 2331 672 2400 conficiendo
703 2328 876 2417 cogitaret.
912 2327 970 2397 Est
996 2329 1085 2398 aliud

151 2446 285 2517 quoque
302 2427 569 2515 interpretatione
594 2423 772 2493 voluntatis
802 2443 931 2512 genus,
954 2424 1087 2512 quando

152 2539 271 2609 nempe
293 2521 435 2591 aliorum
466 2521 673 2589 voluntatem
694 2538 732 2586 ex
752 2516 846 2586 sactis
868 2527 925 2585 aut
944 2515 1018 2584 aliis
1037 2537 1088 2585 ra·

153 2613 296 2683 tionibus
317 2614 499 2703 prudenter
519 2614 799 2703 interpretamur,
819 2630 918 2701 quarn
939 2609 1087 2679 uolunta·

151 2717 218 2773 tem
238 2706 482 2798 perspicuitatis
503 2707 608 2795 gratia
637 2718 883 2795 praesumptam
906 2704 1088 2793 appellabi-

135 2819 246 2886 ·mus;
281 2803 327 2870 ita
348 2802 514 2883 infantes,
545 2801 625 2868 dum
649 2799 885 2887 baptizantur,
906 2807 1087 2886 censentur

153 2914 231 2964 suae
250 2893 350 2965 saluti
369 2894 452 2963 velie
470 2894 655 2975 consulere,
675 2893 755 2961 item
773 2893 831 2980 qui
850 2890 882 2958 in
903 2888 1082 2959 amentiam

156 2985 319 3071 inciderit,
342 2999 399 3057 aut
416 2987 524 3057 subita
544 2985 738 3055 infirmitate
763 2981 979 3064 obmutuerit,
1006 2982 1086 3051 dum
1178 3015 1184 3032 s

157 3100 260 3190 usque
281 3083 321 3151 ad
342 3093 483 3151 mortem
505 3081 539 3150 in
560 3080 705 3149 Ecclesia
726 3078 963 3167 permanserit,
983 3100 998 3143 ‹
1015 3096 1087 3145 cre·

155 3172 289 3246 dibrlius
310 3187 359 3246 est
379 3195 456 3246 eum
474 3228 482 3260 ,
503 3175 530 3244 si
551 3185 672 3264 posset,
695 3172 778 3242 velie
799 3193 834 3241 se
855 3171 964 3261 potius
982 3169 1085 3239 tuisse

154 3266 321 3339 dicturum
349 3290 388 3340 ea
420 3267 631 3338 Sacramenta
666 3265 855 3357 percipere,
875 3264 946 3334 sine
966 3264 1087 3353 quibus

157 3358 219 3430 iam
249 3362 390 3433 credidit
421 3383 457 3432 se
476 3383 542 3431 non
571 3371 726 3451 oportere
746 3360 787 3428 de
806 3378 945 3448 corpore
962 3355 1084 3428 exire»

28 3511 32 3520 κ
157 3456 372 3562 utilloquitur
387 3479 415 3526 s.
440 3455 644 3546 Augustinus
656 3453 715 3523 lib.
735 3453 780 3521 De
801 3448 996 3522 adulterinis
1009 3472 1089 3522 cou-

156 3543 266 3637 iugris,
285 3572 358 3641 cap.
381 3548 439 3619 bb.
