2642 4175
335 297 634 384 nnmerumnnms
652 340 852 385 marmoren
948 329 1014 388 209

123 434 153 503 ri
172 446 250 505 met.
269 457 362 506 caus.
377 438 459 506 ltem
479 437 565 527 apud
587 458 703 507 omnes
722 448 850 508 certum
867 448 917 508 cst
935 433 1061 510 metum

123 529 224 599 etiam
245 530 491 618 grauissimum,
514 530 571 621 qui
593 549 747 602 excausa
768 532 925 615 naturali,
947 534 1000 603 vel
1024 556 1062 605 ex

123 623 226 692 animi
246 623 431 707 allectione,
448 625 496 694 vel
512 644 550 694 ex
564 645 747 714 poenarum
765 624 983 712 memoritur,
995 648 1063 699 non

125 716 237 786 irritas
254 718 388 808 nuptias
406 720 530 788 lacere.
546 717 580 787 Si
600 720 676 809 quis
688 719 800 810 itaque
814 732 906 790 metu
926 722 1063 792 damna·

124 811 225 879 tionis
241 824 421 898 aeternae,
443 812 494 882 rel
514 813 629 882 mortis
649 835 687 882 ex
708 814 824 883 morhu
854 827 912 884 aut
931 814 1062 886 naulra·

125 903 191 991 gio,
216 906 267 974 vel
288 926 326 974 ex
346 927 499 996 perversa
532 906 708 990 sententia,
733 906 885 977 instantis
906 908 1063 978 concubi·

125 1019 200 1066 nam
222 999 341 1082 ducat,
362 1019 461 1090 quarn
495 1000 592 1070 aliter
615 1000 870 1084 conduxisset,
893 1001 1064 1073 matrimo-

125 1090 218 1161 nium
240 1098 375 1161 tirmnm
398 1106 459 1163 est.
483 1092 536 1163 Sic
557 1106 628 1164 vota
652 1114 691 1163 ex
710 1093 811 1162 simili
832 1105 923 1162 metu
944 1094 1062 1165 emissa

126 1198 195 1255 rata
219 1196 315 1257 sunt:
343 1199 421 1255 tunc
450 1186 539 1256 enim
573 1186 758 1256 homonum
779 1187 910 1280 cogitur
929 1188 968 1256 ad
991 1209 1066 1257 con·

125 1280 340 1363 trahendum,
354 1280 406 1350 rel
424 1282 619 1364 vovendum,
636 1281 694 1350 sed
708 1281 779 1370 ipse
793 1281 825 1349 id
847 1280 942 1370 eligit
954 1282 1067 1351 volun·

125 1386 191 1443 tate
211 1394 272 1443 sua
293 1385 462 1465 tamquam
482 1375 628 1443 medium
650 1375 690 1444 ad
712 1374 897 1464 periculum
918 1374 1060 1460 animae,

125 1470 174 1537 vel
186 1467 337 1557 cumeris
358 1467 576 1537 evadendum,
595 1467 725 1540 Pariter
746 1480 853 1538 metus
871 1468 971 1539 etiam
987 1490 1063 1558 gra·

125 1560 193 1645 ris,
229 1573 264 1631 et
284 1561 325 1630 ab
358 1562 564 1645 extrinseco,
591 1563 647 1632 sed
676 1563 715 1631 ad
738 1582 934 1633 consensum
956 1574 1065 1633 extor-

125 1656 296 1744 qucndum
318 1674 385 1723 non
403 1655 566 1739 incussus,
585 1656 717 1746 nuptias
737 1677 804 1725 non
823 1655 928 1726 vitiat.
946 1656 1065 1747 ltaque

14 1759 15 1770 ¹
124 1750 260 1818 firmum
282 1748 344 1818 erit
366 1749 639 1833 matrimonium,
659 1750 686 1818 si
708 1750 782 1839 quis
802 1749 835 1819 in
856 1748 967 1840 aliqua
986 1750 1064 1819 oiri·

125 1853 193 1912 tate
222 1843 389 1927 obsessus,
417 1854 508 1913 metu
530 1843 808 1932 expugnationis,
831 1843 987 1927 incendii,
1011 1855 1068 1913 aut

103 1949 108 1960 ‘
126 1935 251 2019 caedis,
274 1935 413 2005 duceret
432 1936 534 2005 liliam
550 1937 731 2006 obsidentis
739 1959 748 2021 ;
771 1935 928 2027 quoniam
949 1936 983 2005 in
1004 1937 1067 2006 huo

126 2029 225 2100 etiam
253 2041 372 2100 eventu
401 2051 475 2099 oum
497 2041 604 2100 metus
624 2051 692 2100 non
713 2051 752 2100 eo
786 2030 920 2109 tendat,
939 2040 977 2098 ut
996 2051 1066 2100 ma·

126 2123 324 2193 trimonium
358 2123 471 2207 ineat,
490 2125 689 2193 contrahens
717 2135 834 2212 sponte
853 2143 912 2191 sua
934 2124 1066 2211 nuptias

126 2218 231 2307 eligit,
248 2229 286 2286 ut
300 2218 383 2286 mala
400 2216 625 2307 impendentia
644 2228 779 2285 avertat.
795 2214 944 2306 Denique
958 2225 1066 2285 metus

127 2313 235 2401 gravis
255 2311 298 2380 ab
312 2310 494 2381 extrinseco
516 2312 559 2381 ad
577 2309 841 2400 extorquendum
857 2329 1066 2390 consensum,

127 2410 200 2477 iure
221 2417 333 2475 tamen
353 2405 476 2489 illatus,
498 2405 748 2474 matrimonium
767 2424 833 2473 non
851 2403 953 2473 vitiat:
976 2404 1065 2494 quod
1177 2478 1182 2484 ,
1236 2450 1244 2457 -
1292 2478 1302 2491 ,

126 2503 236 2570 locum
266 2499 387 2583 habet,
412 2500 544 2589 quando
567 2512 691 2568 melum
712 2497 886 2569 incutienti
907 2497 958 2566 ius
979 2497 1067 2567 inest

127 2610 197 2664 tum
218 2592 371 2681 exigendi
393 2593 670 2678 matrimonium,
691 2605 759 2662 tum
780 2592 863 2662 illud
885 2591 983 2662 minis
1009 2593 1066 2661 ad·

127 2687 295 2777 urgendi,
318 2686 384 2756 sive
409 2687 453 2757 sit
473 2687 499 2756 is
520 2687 641 2771 iudex,
665 2687 731 2757 sive
752 2685 876 2776 priuata
898 2706 1063 2777 persona,

127 2781 193 2850 sire
214 2780 360 2871 publica.
394 2781 479 2850 Hinc
498 2779 525 2850 si
546 2781 594 2850 vir
615 2803 632 2849 a
653 2779 848 2869 magistratu
876 2791 967 2849 metu
988 2801 1066 2870 poe·

127 2897 246 2944 narum
283 2886 444 2963 cogatur,
481 2886 517 2944 ut
549 2874 749 2950 mulierem,
779 2894 877 2962 quam
909 2872 1063 2957 violavit,

130 2989 267 3038 uxorem
289 2969 407 3051 ducat,
430 2966 679 3036 matrimonium
706 2966 867 3035 subsistit.
900 2964 952 3034 Sic
983 2986 1063 3050 eos,

129 3062 185 3152 qui
220 3061 300 3131 fidei
332 3062 537 3151 sponsalium
567 3081 634 3129 non
665 3059 975 3128 servandaecausas
996 3057 1067 3126 ido·

129 3177 208 3226 neas
240 3175 309 3226 non
341 3155 509 3237 afferunt,
543 3152 689 3223 Ecclesia
717 3150 918 3240 gravissimis
951 3150 1067 3240 poenis

129 3250 328 3340 compellet,
365 3259 402 3318 nt
434 3246 567 3337 nuptias
606 3245 817 3316 contrahant.
849 3244 941 3312 'l'nno
977 3242 1067 3311 enim

27 3354 29 3383 ³
131 3342 383 3413 matrimonium
405 3363 471 3412 non
489 3340 623 3410 vitiatur
644 3339 774 3408 ratione
792 3336 952 3422 iniuriae,
976 3335 1069 3427 quip-
1126 3386 1128 3393 a

28 3430 30 3485 '³
132 3459 170 3525 pe
190 3435 393 3508 contrahens
414 3435 536 3505 iniuria
561 3455 628 3503 non
652 3432 812 3515 allicitur,
837 3433 916 3502 dum
937 3432 1069 3522 cogitur

29 3508 30 3535 ¹
130 3531 223 3602 adid
244 3530 508 3623 praestandum,
539 3529 627 3619 quod
654 3526 719 3598 nisi
739 3525 952 3617 praestiterit,
980 3528 1068 3596 iniu-

235 3667 273 3715 De
292 3662 455 3717 ¹llulrlmunio
969 3661 997 3706 tt
