2642 4175
264 354 306 409 98
605 364 706 409 carun
723 365 757 408 11.

216 473 341 533 menta.
362 464 402 531 tt
421 461 566 531 Ecclesia
586 462 683 533 aliter
700 463 824 533 sentire
841 462 989 543 videtur,
1011 474 1047 531 ol
1067 465 1153 531 mul-

216 558 258 629 tis
289 555 397 624 verbis
431 557 636 624 demonstrat
669 555 865 625 Benedictus
899 556 965 623 xlv
998 556 1039 624 de
1059 554 1150 647 fSpn.

215 650 366 719 Dioeces.
384 648 444 716 lib.
466 647 499 733 8,
522 670 594 740 cap.
614 646 672 717 tc:
698 674 713 714 c
737 650 783 718 Ne
803 649 850 718 sic
869 648 1013 741 copulati
1035 649 1151 718 fideles

215 755 377 834 perpetuo
392 754 544 811 carerent
561 742 680 830 gratia,
700 744 837 833 quaein
859 742 1070 813 Sacramento
1089 743 1152 810 lla-

216 835 365 905 trimonii
383 836 415 903 in
438 836 671 904 contrahentes
687 837 866 918 derivatur,
887 837 1028 906 deberet
1043 834 1153 904 Eccle-

215 930 262 998 sia
285 930 359 997 illos
384 930 584 1018 compellere
604 941 661 997 ant
680 930 796 999 saltem
817 929 958 1011 hortari,
978 939 1078 1016 atque
1100 928 1151 995 in-

215 1024 339 1092 ducere
358 1023 398 1090 ad
415 1043 512 1091 snum
533 1034 739 1091 contractum
771 1022 945 1111 legitime,
967 1021 1151 1090 consuetis·

217 1137 282 1205 que
303 1115 460 1185 adhibitis
486 1116 588 1185 sacris
616 1116 760 1199 ritibus,
783 1116 903 1185 iterum
925 1114 1148 1185 renouandum

216 1229 327 1278 coram
348 1210 464 1278 eodem
485 1207 658 1292 Parocbo,
680 1209 775 1277 cuins
807 1209 915 1277 verbis
947 1208 1004 1277 fiat
1037 1206 1153 1276 Sacra-

217 1313 391 1386 mentum,
414 1314 515 1391 atque
534 1303 576 1371 ob
597 1305 747 1372 eamdem
779 1302 949 1371 rationem.
963 1322 1073 1369 coram
1094 1299 1152 1368 Sa·

216 1397 349 1465 cerdote
370 1407 427 1463 aut
444 1395 661 1486 praeciperet,
686 1395 875 1464 aut.saltem
895 1393 1072 1463 instaurari
1095 1416 1152 1461 cu-

216 1499 307 1557 raret
326 1488 528 1556 clandestina
554 1488 709 1576 coniugia
730 1487 764 1556 in
784 1489 864 1557 locis
885 1488 978 1571 inita,
1003 1487 1058 1555 ubi
1080 1487 1154 1555 Tri-

215 1581 342 1651 dentini
364 1583 535 1651 decretum
555 1602 622 1651 non
642 1592 693 1650 est
709 1593 914 1688 susceptum.
935 1581 1016 1650 Cum
1038 1591 1149 1648 autem

216 1687 337 1744 neutro
365 1696 443 1742 casu
474 1675 620 1763 coniugii
654 1674 901 1744 renovationem
935 1675 976 1743 ab
1007 1672 1154 1742 Ecclesia

217 1769 331 1857 urgeri
352 1768 524 1850 videmus,
548 1788 613 1837 non
645 1778 770 1837 temere
800 1767 877 1837 inde
897 1767 1154 1837 coniicimusn·

216 1875 375 1950 trumque
395 1873 613 1944 contractum,
630 1882 832 1950 quamquam
852 1860 1038 1930 Sacerdotis
1057 1860 1156 1928 bene·

214 1954 363 2023 dictione
383 1972 449 2022 non
469 1954 704 2042 obsignatum,
727 1954 791 2023 iam
814 1956 854 2023 ab
875 1953 1019 2023 Ecclesia
1037 1952 1155 2022 baberi

219 2068 279 2138 pro
302 2046 526 2117 Sacramento.
552 2070 565 2112 r
589 2047 709 2122 Confer
729 2048 829 2118 etiam
851 2047 998 2118 eiusdem
1018 2046 1156 2116 Pontifi-

218 2142 265 2211 cis
279 2142 393 2212 Const.
413 2167 427 2208 ι
445 2139 589 2210 Paucis
609 2141 772 2211 tssntnd.
792 2166 806 2207 r
823 2142 895 2210 Huc
911 2142 1010 2211 etiam
1032 2140 1158 2209 iaciunt
1251 2173 1255 2180 -

217 2237 331 2324 plures
349 2234 383 2303 S.
402 2236 439 2304 C.
460 2235 496 2304 d.
519 2236 772 2320 declarationes,
796 2257 879 2325 quas
899 2235 986 2304 idem
1008 2233 1158 2303 Pontifex

220 2328 276 2398 cit.
300 2327 480 2417 Oper.'lib.
504 2325 560 2410 13,
583 2350 655 2416 cap.
680 2326 736 2412 13,
761 2341 793 2398 et
814 2330 989 2417 Fagnanus
1016 2328 1050 2395 in
1080 2348 1156 2415 cap.

221 2421 431 2501 Quoumun
454 2418 498 2487 25
518 2421 558 2487 de
578 2421 756 2490 Constitnt
779 2423 952 2504 referunt,
976 2442 1013 2491 ex
1034 2420 1157 2526 qnibns

220 2523 427 2617 perspectam
449 2511 611 2581 babemus
637 2514 838 2584 validitatem
870 2514 1073 2583 matrimonii
1100 2535 1158 2582 co·

219 2626 291 2673 ram
311 2603 461 2693 legitimo
483 2604 630 2674 Parocbo
650 2619 684 2676 et
699 2608 840 2678 testibus
860 2607 1028 2686 celebrati,
1043 2627 1159 2696 qnam-

218 2695 266 2766 v'is
286 2697 453 2766 Parochns
471 2699 701 2770 anctoritatem
721 2724 815 2770 suam
835 2723 944 2791 neque
965 2700 1072 2783 dicto,
1094 2721 1156 2768 ne·

222 2811 287 2879 que
307 2791 391 2858 lacto
357 2791 673 2880 tointerposnerit
710 2794 777 2864 lam
808 2817 885 2865 vero
916 2794 1158 2864 declarationes

220 2885 303 2951 istae
322 2884 571 2953 matrimonium
593 2899 754 2976 spectant,
777 2901 941 2996 quatenus
962 2887 1157 2956 Sacramen-

221 2989 290 3043 tum
312 2989 372 3045 est:
391 2977 611 3066 Congregatio
633 2980 720 3048 enim
737 2983 777 3050 de
792 2981 1017 3066 matrimonio,
1036 3002 1101 3050 non
1119 2994 1158 3050 ut

222 3082 410 3140 contractus
431 3093 513 3160 pure
534 3072 725 3158 humanus,
748 3076 806 3144 sed
835 3089 872 3146 ut
908 3075 1156 3145 Sacramentum

222 3176 289 3249 cst,
313 3176 444 3233 sentent
446 3164 510 3233 iam
542 3159 733 3254 rogabatur
755 3169 841 3249 Quin
861 3170 978 3240 Petrus
999 3169 1158 3238 Ledesmtt

222 3259 323 3364 apud
339 3257 492 3326 Publium
526 3260 565 3327 de
595 3260 739 3329 Matrim.
769 3263 827 3329 lib.
850 3262 883 3346 1,
906 3285 980 3370 cap
1002 3260 1041 3346 8,
1062 3261 1159 3331 aliert

222 3350 327 3439 ipsius
356 3351 630 3439 Congregatiouis
650 3355 931 3440 declarationem,
952 3358 986 3425 in
1017 3377 1081 3445 qua
1102 3377 1158 3424 ex·

224 3443 346 3529 pressis
360 3444 467 3513 verbis
483 3444 675 3517 Sacrament
662 3463 731 3517 tum
748 3463 965 3520 memoratur
976 3450 1157 3519 Estautem
1204 3533 1206 3536 .

224 3535 417 3610 declaratio:
439 3538 541 3608 rNon
561 3541 729 3628 pertinere
751 3544 790 3612 ad
811 3545 1026 3615 substantiam
1047 3544 1161 3611 matri-
