2642 4175
293 343 358 401 290
628 346 731 393 cneur
748 347 796 391 111.

241 452 324 544 pia,
347 450 567 542 probatasque
594 444 653 515 SS.
677 445 740 515 GC.
766 442 951 514 decisiones
982 444 1189 527 decreverit;

248 569 263 614 c
280 543 486 615 Matrimonia
505 562 612 631 usque
630 540 670 608 nd
688 538 720 606 id
738 548 884 627 tempuS,
901 537 1026 629 absque
1043 538 1190 607 Parochi

244 637 431 729 praesentia
449 635 547 717 inita,
569 634 657 703 nulla
678 652 751 701 esse
771 643 805 702 et
823 631 979 701 invalida.
998 656 1012 697 o
1033 631 1108 711 Quo
1130 634 1191 701 de·

244 743 336 802 creto
349 731 395 800 nil
410 728 619 799 adinvenitur
633 726 721 816 quod
736 724 932 808 sententiae,
951 746 1053 817 quam
1071 738 1192 795 aucto-

246 847 299 895 res
313 824 504 906 detendunt,
515 833 713 912 opponatur.
730 820 878 887 Alterum
892 831 1001 888 eutem
1013 821 1191 888 decretum

242 919 353 989 eidem
376 917 480 1005 magis
499 916 602 996 lavet,
625 933 724 1002 quam
745 912 844 982 obsit.
865 911 947 981 Nam
977 911 1011 983 S.
1033 913 1192 982 Pontifex

247 1033 284 1081 er
310 1033 376 1080 una
399 1024 492 1100 parte
513 1008 653 1077 maximo
680 1005 784 1074 animi
804 1006 855 1074 sui
878 1027 1030 1076 moerore
1057 1007 1191 1096 perspi·

248 1104 367 1187 ciebat,
392 1105 503 1194 plures
524 1099 716 1181 catholicos,
737 1111 867 1168 terrore
887 1100 1101 1169 sacritiarum
1123 1102 1192 1169 fra-

246 1211 315 1268 ctos
346 1198 489 1267 iniustae
518 1217 557 1263 ac
578 1194 735 1264 exitiosae
767 1193 832 1281 legi
865 1214 1003 1282 parere,
1031 1206 1065 1263 et
1086 1195 1191 1263 simul

247 1291 460 1381 praevidebat
486 1289 636 1357 loturum
656 1286 691 1354 in
713 1297 896 1375 posterum,
919 1301 955 1354 ut
973 1288 1192 1358 matrimonia

249 1385 372 1468 mixta,
401 1385 476 1472 lege
497 1380 746 1472 praecipiente,
777 1400 888 1449 coram
908 1379 1060 1450 ministro
1079 1384 1193 1451 solum

204 1505 209 1521 =
249 1489 477 1567 protestante,
511 1474 814 1556 contraherentur,
846 1472 947 1542 nullis
979 1474 1194 1545 obstantibus

249 1570 396 1654 monitis;
419 1567 614 1661 praesertim
634 1567 724 1656 quod
742 1576 961 1655 protestantes
973 1569 1139 1657 potentia,
1155 1592 1194 1639 ac

249 1685 391 1734 numero
411 1664 480 1733 lere
501 1660 672 1731 catholicis
691 1659 918 1749 praestabant,
940 1680 978 1729 ac
995 1662 1195 1733 societatem

248 1770 447 1847 separatam,
472 1756 505 1824 in
534 1755 575 1823 iis
591 1752 780 1843 provinciis,
799 1774 874 1821 cum
892 1752 960 1822 suis
981 1755 1131 1844 templis,
1152 1778 1192 1825 ac

250 1852 411 1921 ministris
432 1847 688 1929 constituebant,
720 1859 753 1915 et
780 1867 865 1936 quae
884 1866 964 1917 suae
983 1861 1061 1916 sunt
1080 1862 1198 1920 sectae

251 1945 460 2026 exercebant;
481 1963 520 2011 ex
541 1941 643 2010 altera
665 1951 759 2029 parte
780 1939 1044 2029 pertimescebat,
1064 1963 1109 2011 ne
1132 1942 1197 2011 ite-

251 2059 326 2107 rum
352 2034 502 2127 quaestio
527 2044 797 2126 proponeretur,
817 2053 859 2102 an
887 2033 1034 2116 scilicet,
1053 2038 1196 2106 attentis

252 2132 343 2202 hisce
363 2127 631 2209 circumstantiis,
647 2126 842 2216 praesertim
860 2127 957 2197 citata
974 2129 1060 2217 lege,
1079 2131 1198 2199 matri·

252 2226 363 2295 monia
381 2223 493 2303 mixta,
513 2242 599 2312 quae
616 2232 743 2290 mutato
763 2241 878 2290 carum
908 2221 1086 2310 regionum
1104 2236 1196 2292 tern-

250 2318 355 2408 porali
375 2315 534 2398 dominio,
556 2315 664 2403 iisque
682 2334 700 2382 e
717 2312 869 2382 catholici
889 2313 988 2403 Regis
1006 2314 1140 2385 ditione
1160 2317 1195 2385 in

250 2409 408 2480 haeretici
425 2407 583 2499 principis
604 2417 799 2497 potestatem
821 2408 1004 2490 translatis,
1028 2407 1061 2475 in
1080 2421 1197 2496 poste·

248 2525 325 2572 runt
345 2502 476 2582 fierent,
502 2501 626 2589 absque
647 2499 787 2570 Paroelri
814 2499 1019 2589 praesentia,
1041 2502 1139 2572 nulla
1162 2516 1197 2571 et

253 2597 348 2664 irrita
380 2593 545 2663 censenda
565 2605 687 2676 essent,
716 2592 816 2663 veluti
836 2593 919 2663 lacta
945 2604 1058 2663 contra
1086 2595 1194 2665 donc.

250 2688 341 2757 Trid.
373 2685 648 2777 dispositionem,
676 2707 718 2756 an
736 2707 813 2756 vero
833 2686 966 2771 valida,
992 2696 1108 2776 utpote
1130 2691 1196 2758 snb

252 2780 401 2851 eiusdem
421 2779 558 2851 Concilii
574 2801 712 2850 censura
730 2801 797 2849 non
813 2779 956 2868 amplius
974 2781 1198 2869 comprehen-

252 2897 300 2944 sa.
336 2873 426 2954 Quae
448 2868 525 2942 cuin
547 2872 634 2943 seria
654 2872 835 2942 attentione
855 2874 1086 2962 perpendisset
1104 2873 1197 2943 Pon-

251 2967 328 3037 tilex
347 2966 514 3050 Summus,
538 2965 795 3057 prudentissimo
816 2987 895 3035 sane
914 2987 952 3035 ac
971 2967 1198 3057 providentis-

250 3060 333 3131 simo
355 3060 493 3131 consilio
518 3060 764 3128 decernendum
784 3060 895 3142 duxit,
918 3060 1091 3149 religionis
1112 3082 1198 3130 cau·

251 3175 334 3238 sam,
356 3154 599 3242 utilitatemque
613 3172 692 3242 prae
714 3151 962 3223 oculis‘habens
984 3178 999 3219 ‹
1022 3154 1199 3223 matrimo-

249 3247 305 3317 nia
327 3248 439 3331 mixta,
464 3266 550 3336 quae
566 3246 702 3335 posthac
716 3245 866 3315 contrahi
883 3246 1102 3335 contingeret,
1124 3269 1199 3316 non

254 3353 383 3411 servata
402 3338 569 3408 Ecclesiae
589 3339 719 3422 forma,
743 3360 802 3428 pro
821 3339 908 3408 veris
936 3339 1112 3409 connubiis
1133 3339 1201 3410 ha·

251 3431 336 3516 heri,
354 3445 455 3522 prout
474 3431 652 3523 apostolica
668 3432 866 3502 anctoritate
886 3454 961 3503 vera
979 3444 1012 3502 et
1028 3444 1098 3502 rata
1118 3432 1200 3502 sore
1312 3496 1313 3507 ,

250 3525 398 3595 declaret
412 3537 444 3595 et
461 3524 621 3609 decernit,
644 3524 821 3596 contrariis
837 3525 1105 3619 quibuscumque
1123 3546 1200 3596 non
1312 3550 1313 3581 ;
