2642 4175
485 322 529 366 nn
544 322 757 369 seonsnmnus
1000 317 1043 373 49

151 417 222 499 filii,
241 418 436 507 parentibus
460 419 572 489 insciis
596 421 646 488 vel
673 422 953 510 repugnantibus,
976 424 1090 496 sinon

150 512 252 593 licite,
276 523 310 579 at
327 514 443 581 saltam
469 513 575 582 valide
604 516 769 601 sponsalia
792 519 1007 587 contrabant?
1022 519 1090 608 lgi-

150 617 205 674 tnr
223 605 405 695 disputatio
425 606 459 674 in
481 607 597 695 primis
618 618 668 676 est
694 610 734 678 de
752 611 975 696 sponsalibus,
999 631 1087 702 qnae

151 697 263 767 insciis
281 699 475 788 parentibus
502 701 771 786 contrabuntur,
801 706 934 792 quando
963 707 1097 778 scilicet-

150 791 223 875 filit,
244 793 330 860 clam
362 791 556 881 parentibus
577 793 666 875 suis,
690 795 751 863 sibi
779 808 927 866 mutuam
952 800 1032 870 dant
1050 801 1090 869 li·
1178 857 1182 864 .

151 887 224 953 dem
242 885 382 955 ineundi
396 887 614 977 matrimonii.
629 887 716 955 Fieri
737 899 848 957 autern
863 903 982 980 potest,
1005 904 1042 962 ut
1053 894 1091 961 fi·

117 1063 122 1068 ,
150 978 215 1047 lius
229 999 296 1049 non
311 992 436 1069 peccet,
453 981 557 1049 inscio
575 990 681 1070 patre,
698 982 862 1070 sponsalia
883 984 1042 1069 ineundo,
1061 987 1090 1056 si

151 1072 312 1141 nimirum
332 1075 515 1162 prudenter
535 1086 628 1164 putet
647 1085 837 1163 patremvea
855 1089 928 1147 rata
956 1078 1090 1147 habitu·

149 1179 241 1249 rum,
259 1168 541 1255 quemadmodum
561 1168 693 1247 tobias,
706 1168 811 1239 inscio
824 1182 931 1258 patre,
953 1192 1089 1241 uxorem

149 1261 255 1329 duxit.
275 1261 392 1349 ltaque
412 1262 446 1329 in
468 1261 519 1329 bis
539 1261 669 1330 casibus
696 1263 906 1332 sentiendum
923 1276 984 1345 est,
1008 1265 1091 1335 baec

148 1353 270 1424 furtiva
289 1355 454 1443 sponsalia
475 1355 599 1424 babere
620 1356 815 1445 implicitam
837 1358 1086 1444 conditionem,

149 1452 176 1515 si
194 1459 351 1536 parentes
371 1449 610 1531 consenserint,
628 1470 705 1517 nam
724 1450 832 1518 omnis
852 1463 945 1520 actus
960 1474 999 1521 eo
1016 1473 1088 1522 mo·

148 1544 191 1609 do
209 1541 481 1630 interpretandos
502 1556 575 1624 est,
599 1554 635 1611 ut
661 1543 777 1627 licoat,
806 1544 930 1613 nedum
964 1546 1085 1615 valeat.

148 1634 258 1722 Igitur
278 1635 346 1705 erit
363 1635 397 1703 in
418 1646 579 1725 potestate
598 1650 776 1727 parentum
806 1658 843 1706 ea
875 1651 945 1708 rata
978 1640 1087 1709 lacera

147 1730 200 1796 vel
217 1728 325 1811 irrita,
349 1739 512 1798 autberto
531 1729 618 1800 iuxta
640 1730 797 1801 Doctores
827 1752 943 1800 omnes
964 1733 1089 1801 dissert·

147 1843 205 1890 sus
226 1833 403 1911 parentum
427 1823 609 1911 legitimam
646 1844 779 1893 causam
800 1826 982 1911 praestabit
1015 1826 1086 1895 eius

148 1915 283 2002 generis
300 1917 465 2005 sponsalia
487 1917 700 1986 dissolvendi.
722 1921 762 1985 At
780 1937 859 1985 vero
883 1917 911 1988 si
931 1918 1003 2002 tilii,
1019 1940 1086 1987 non

148 2008 275 2092 insciis,
298 2010 356 2078 sed
377 2010 558 2079 scientibus
577 2012 627 2079 vel
647 2010 758 2079 invitis
785 2010 859 2077 inre
881 2014 999 2079 merito
1029 2034 1087 2101 pa-

149 2104 316 2187 rentibus,
340 2105 504 2191 sponsalia
529 2104 655 2187 ineant,
677 2116 756 2171 tunc
776 2104 968 2170 huiusmodi
988 2125 1088 2191 spon·

147 2197 228 2265 salia
251 2198 368 2288 procul
394 2199 495 2267 dubio
521 2197 635 2266 illicita
661 2208 740 2264 sunt
768 2207 801 2264 et
830 2196 1084 2282 pecca‘minosa3

148 2290 230 2378 quin
253 2302 287 2360 et
306 2290 400 2359 irrita
422 2292 582 2380 nullaque
610 2311 749 2379 prorsus
779 2296 852 2357 esse
885 2289 1087 2358 recentiores

148 2383 252 2472 aliqui
274 2384 429 2453 Doctores
454 2385 670 2454 vehementer
700 2384 953 2451 contenderunt.
988 2383 1102 2463 Namq

149 2498 214 2565 que
236 2498 273 2546 ex
294 2477 463 2546 communi
484 2478 737 2548 canonistarum
758 2477 946 2559 sententia,
966 2489 1004 2546 ut
1023 2477 1085 2566 ipsi
1133 2565 1136 2570 ἶ

149 2570 256 2654 aiunt,
280 2574 396 2660 quovis
419 2572 660 2660 impedimento
687 2572 786 2639 etiarn
812 2571 1015 2659 impediente
1046 2573 1086 2638 li-

148 2665 230 2751 geti,
249 2685 312 2733 nec
331 2666 434 2749 licite,
457 2687 518 2734 neo
534 2665 639 2734 valide
660 2664 824 2753 sponsalia
840 2666 982 2746 iaciunt,
1006 2665 1084 2753 quia

149 2758 230 2825 certi
251 2759 335 2827 iuris
351 2772 400 2828 est
417 2760 611 2847 sponsiones
627 2770 753 2847 turpes,
771 2779 830 2826 seu
846 2779 932 2846 quae
951 2757 1085 2845 impleri

148 2851 220 2919 sine
243 2864 380 2940 peccato
409 2874 474 2921 non
497 2863 657 2940 possunt,
687 2853 813 2919 nullius
833 2871 905 2918 esse
939 2850 1083 2918 roboris.

148 2943 254 3032 lg'itur
279 2946 444 3033 sponsalia
466 2945 780 3026 filiorumsamilies,
816 2944 895 3011 durn
928 2956 1083 3032 parentes

149 3039 393 3107 rationabiliter
410 3039 503 3107 inviti
522 3051 610 3118 sunt,
631 3039 723 3106 irrita
754 3051 788 3105 et
817 3038 907 3104 nulla
932 3037 1084 3105 habenda

149 3144 258 3214 erunt,
279 3133 359 3222 quia
387 3132 634 3203 matrimonium
668 3132 755 3220 quod
777 3131 977 3216 spondetur,
1012 3131 1084 3197 sine

148 3239 283 3313 peccato
311 3227 462 3294 contrahi
482 3247 547 3294 non
569 3237 689 3314 potest.
718 3223 763 3290 Ex
781 3244 845 3310 qua
865 3221 1029 3290 sententia
1050 3223 1087 3290 il·

149 3320 204 3386 lud
224 3321 454 3409 consequitur,
475 3320 562 3409 quod
583 3316 748 3407 sponsalia
780 3315 894 3382 illicita
926 3315 1084 3384 continuo

149 3411 288 3483 invalida
302 3414 478 3503 suntquis
492 3415 571 3482 dum
586 3410 819 3501 prohibentur,
830 3429 871 3477 ne
884 3408 1082 3488 stantetiam

148 3508 228 3578 lacta
252 3509 368 3581 vitiosa
398 3520 486 3591 sunt,
510 3519 542 3575 et
562 3506 683 3575 robore
700 3515 830 3586 narent;
849 3514 962 3570 contra
982 3523 1083 3590 quam

250 3627 286 3678 Dc
304 3624 471 3678 lintrimont'o
1000 3619 1016 3663 ²⁸
