2642 4175
517 390 678 436 eremum
695 392 718 436 1.
970 380 1038 438 teo

145 485 305 556 trimonio
327 486 562 567 ecclesiastiea,
589 488 791 578 perfecerit?
817 488 857 559 Ut
878 489 957 558 huie
983 513 1089 581 quae-

143 580 246 650 atiani
277 581 375 670 piene
411 583 679 671 respondeatur,
701 583 879 652 videndum
915 584 1086 674 inprimis

143 687 207 756 est,
228 694 270 744 nu
292 674 567 764 impedimentum
588 676 824 765 temporariam
859 689 1011 763 tantum,
1036 682 1087 750 uel

144 768 257 857 potine
288 779 483 857 perpetuam
517 769 706 840 umilitatem
744 789 858 839 seeum
890 771 1013 840 nabet.
1048 773 1085 842 ln

148 862 255 950 priori
273 882 364 944 nasu,
384 863 567 931 rorandum
599 875 662 948 est,
686 863 720 932 in
753 863 838 933 thesi
860 865 1030 952 ganeae,
1051 879 1088 935 ut

145 955 308 1037 anilitas,
332 969 495 1044 quantum
515 955 589 1025 fieri
611 968 731 1046 potest,
765 969 952 1046 purgetur,
976 970 1008 1026 et
1028 959 1086 1028 ubi

144 1048 267 1116 ooniiei
287 1048 415 1137 liquido
447 1050 545 1118 liceat
575 1048 606 1118 id
633 1050 723 1119 breui
757 1050 882 1140 absque
915 1044 1086 1121 obatennlo

144 1142 257 1209 locum
275 1161 346 1210 esse
368 1142 576 1226 babitmnm,
597 1143 746 1232 permitti
765 1142 900 1233 poterit,
917 1157 955 1212 nt
969 1145 1085 1214 matri·

147 1235 316 1317 monium,
339 1237 431 1305 nulia
452 1237 650 1326 interponite
666 1255 779 1320 mora,
801 1252 916 1306 eoram
937 1235 1082 1307 lienteaia

144 1329 378 1398 eontrabntnr.
399 1328 431 1399 Si
453 1350 531 1399 raro
552 1331 795 1420 praevideatur,
815 1336 873 1398 aut
893 1331 1010 1400 saitem
1029 1351 1084 1400 eu-

143 1422 249 1510 spicio
269 1422 400 1491 oriatur
417 1440 498 1507 eos,
540 1424 601 1513 qui
633 1421 794 1493 interesse
814 1422 951 1508 babent,
973 1425 1085 1493 statim

147 1528 293 1596 acturos,
314 1528 351 1584 ut
369 1516 620 1586 matrimonium
641 1517 840 1607 abrogetur,
862 1530 1085 1609 opportunum
1208 1594 1212 1603 ,

147 1608 214 1678 erit
235 1630 251 1677 a
271 1610 476 1679 matrimonii
495 1610 719 1680 celebratione
734 1612 964 1702 supersedere,
981 1632 1087 1703 usque

149 1702 234 1770 dum
255 1702 415 1772 indioium
442 1705 607 1794 pmlatnm
638 1705 694 1775 sit.
727 1704 862 1774 iuterim
889 1706 1086 1812 poenitent,

150 1798 200 1863 uel
221 1795 445 1884 parochianus
466 1799 508 1866 de
526 1798 680 1867 nullitate
711 1798 915 1867 matrimonii
944 1799 1089 1869 nonnitus

151 1890 244 1957 reddi
260 1890 371 1960 debet.
387 1891 422 1959 in
441 1891 588 1959 meando
603 1911 696 1974 caen,
711 1891 955 1980 inspiciendum
969 1904 1030 1974 est,
1045 1912 1088 1960 an
1111 1978 1113 1983 .

72 2004 80 2017 ·
148 1981 246 2065 adait,
269 2003 332 2051 nae
353 2003 406 2068 ne,
429 1984 533 2053 solida
554 1983 921 2073 respondendam
948 1984 1088 2054 buineoe

151 2077 355 2147 matrimonii
372 2078 535 2162 validitas,
559 2077 601 2147 ob
623 2077 782 2147 exsistens
800 2075 1089 2167 impedimentum,

146 2171 330 2260 aliquando
364 2173 559 2262 impetatur.
594 2170 626 2238 Si
648 2172 742 2241 adeat
773 2166 943 2260 suspirio,
976 2172 1089 2240 nuilus

56 2347 58 2356 y
147 2264 345 2334 dubitationi
366 2266 458 2334 loona
479 2265 707 2354 relinquitur,
735 2264 818 2354 quin
849 2262 1015 2352 parochus
1045 2266 1085 2333 ud

144 2358 404 2427 celebrationem
428 2358 643 2438 matrimonii,
665 2358 779 2427 fideles
798 2376 865 2425 nou
887 2368 954 2425 tem
975 2355 1084 2439 ibeile,

145 2472 186 2520 aa
205 2451 395 2541 pmmiecua
415 2452 590 2536 admittat;
612 2452 780 2543 quinimo
799 2451 987 2520 eonanltnm
1009 2460 1085 2532 est,

149 2556 186 2614 nt
203 2565 240 2615 se
259 2545 435 2630 abstineat,
457 2565 533 2614 enm
555 2563 623 2616 non
643 2546 806 2636 expediat,
824 2544 858 2614 in
878 2543 964 2614 tbesi
985 2561 1087 2633 gene·

148 2639 223 2722 reli,
243 2639 455 2708 matrimonio
475 2640 689 2724 hanadtoara,
713 2640 802 2730 qnod
823 2637 976 2708 nullitate
997 2637 1085 2706 civili
1151 2658 1156 2666 ·

146 2733 288 2815 laborat,
311 2734 468 2823 quodque
487 2734 626 2803 tortosae
642 2732 895 2822 impugnabunt
914 2752 953 2801 ao
971 2731 1087 2800 dbaol

148 2837 255 2895 retur.
276 2824 310 2895 st
329 2839 443 2897 eontra
474 2826 565 2895 nulla
587 2836 645 2895 ant
671 2826 753 2895 leuia
781 2837 910 2894 tuntum
938 2824 1086 2912 anapieio

147 2920 324 3002 babeatur,
345 2919 511 3010 parotbns
530 2918 734 2989 connubium
757 2917 930 2986 celebrare
950 2916 1085 3005 poterit,

148 3014 346 3103 praesertim
366 3013 394 3083 si
415 3013 477 3083 bac
495 3013 625 3083 rationu
651 3010 889 3081 eoneubinatei
916 3007 1001 3110 tinia
1025 3010 1089 3077 im·

149 3118 319 3196 ponatur,
356 3118 390 3176 et
419 3106 530 3197 gratie
562 3103 772 3176 incommoda
809 3114 1085 3194 praecaveantur.

145 3199 405 3281 Quaestionibue
424 3199 602 3291 propositis
622 3200 702 3268 dnm
721 3219 777 3269 aas
790 3197 865 3267 dedi
886 3195 1085 3280 solutiones,

147 3313 235 3384 quae
254 3294 371 3364 rattdta
390 3294 500 3363 tuleiri
519 3292 727 3383 argumentis
757 3290 840 3360 mibi
873 3289 961 3361 vina
979 3301 1084 3371 aunt,

147 3407 214 3456 uon
233 3405 272 3456 en
289 3405 383 3458 meus
402 3387 486 3457 mibi
506 3388 594 3471 init,
623 3398 661 3456 ut
685 3387 721 3455 in
741 3401 851 3455 meam
886 3382 1086 3454 sententiam

146 3481 309 3551 lectorem
329 3481 468 3551 invitum
484 3480 746 3571 pertraherem,
776 3479 833 3548 aed
854 3476 927 3549 eiua
947 3476 1088 3547 arbitrio

146 3575 270 3645 metina
289 3576 433 3664 eligendi
454 3571 623 3667 optionem
645 3573 886 3663 relinquerem.
