2642 4175
315 364 358 423 34
665 374 766 419 curun
783 374 806 417 t.

271 499 285 542 r
312 475 401 542 Licet
415 471 581 561 sponsalia
602 470 729 559 possint
749 468 900 538 contrahi
920 468 983 537 snb
1012 468 1202 539 conditione

267 567 451 657 promissae
479 564 663 653 pecuniae,
683 583 750 631 non
778 573 889 631 tamen
923 572 1030 650 potest
1060 565 1201 651 pecnnia

187 696 191 704 ·
266 660 375 729 amitti
395 679 455 748 per
476 658 610 726 modum
630 677 770 747 poenae,
790 667 823 725 et
842 656 869 723 si
891 655 1054 745 promissa
1087 656 1198 739 luerit,

265 773 333 822 non
353 764 444 821 tenet
467 751 663 840 promissio,
681 769 743 818 nec
759 750 826 838 peti
847 761 967 838 potest.
988 772 1002 814 a
1025 748 1201 818 Nibilcmi·

266 866 330 915 nus
354 846 544 914 canonistas
561 843 763 912 recentiores
783 842 956 911 hincinde
976 856 1136 931 pugnant,
1159 865 1201 912 on

267 938 355 1009 idem
375 939 427 1008 ins
445 937 604 1020 obtineat,
624 937 651 1005 si
666 957 772 1025 poena
790 936 907 1006 saltem
926 935 1055 1005 modica
1069 936 1114 1004 ita
1128 937 1202 1006 lue·

266 1032 312 1101 rit
338 1031 548 1121 sponsalibus
571 1030 720 1112 adiecto,
742 1040 780 1097 nt
802 1029 882 1098 solvi
915 1029 955 1097 ab
985 1049 1024 1098 eo
1055 1029 1199 1114 debeat,

267 1125 324 1215 qui
345 1124 469 1194 iniuste
492 1135 525 1192 et
545 1123 671 1212 perfide
687 1123 836 1191 recessit.
860 1121 971 1212 Aliqui
998 1122 1088 1191 enim
1122 1144 1203 1193 eon-

267 1219 419 1301 tendunt‚
449 1219 534 1285 bane
560 1236 696 1306 quoque
716 1215 959 1304 appositionem
979 1236 1107 1304 poenae
1125 1218 1203 1285 uul-

267 1311 333 1380 lam
357 1332 428 1381 esse
448 1321 548 1398 atque
567 1309 711 1391 irritam,
731 1321 800 1376 tum
822 1310 900 1398 quin
919 1329 979 1397 per
1007 1309 1123 1379 citatas
1153 1310 1203 1380 le·

268 1414 326 1493 ges·
344 1402 518 1472 canonicas
538 1413 572 1472 et
602 1401 714 1470 civiles
737 1403 846 1471 omnis
863 1422 970 1490 poena
987 1402 1021 1471 in
1040 1404 1204 1491 sponsali·

266 1495 329 1566 bus
347 1496 530 1585 generatim
562 1507 596 1564 et
620 1494 838 1564 indistinctim
865 1496 1087 1585 reprobatur,
1109 1497 1203 1566 nullo

266 1590 351 1659 lacto
370 1588 574 1672 discrimine,
596 1608 638 1657 on
656 1609 762 1678 poena
782 1589 910 1657 modice
928 1590 983 1672 sit,
1004 1609 1046 1658 nn
1066 1610 1200 1677 magua,

264 1695 336 1752 tum
358 1682 437 1772 qnia
458 1703 562 1771 poena
578 1682 788 1772 sponsalibus
808 1682 935 1751 adiecta
955 1702 1087 1772 sempor
1100 1683 1205 1753 officit

265 1776 412 1845 libertati
427 1775 644 1858 matrimonii;
660 1775 803 1864 proclive
817 1775 905 1843 enirn
917 1776 1204 1860 est‚utmatrimo·

264 1870 359 1937 nium
379 1890 447 1938 non
465 1889 579 1938 amore
604 1868 726 1959 potius,
747 1869 805 1937 sed
827 1879 917 1937 metu
933 1889 1060 1959 poenae
1086 1890 1203 1940 conva-

265 1962 379 2044 lescat,
402 1975 436 2032 at
452 1962 494 2031 ob
514 1983 586 2030 eam
606 1981 739 2030 causam
771 1961 937 2030 infelicem
970 1963 1094 2032 exitum
1127 1984 1202 2033 sor-

266 2056 382 2126 tiatur.
405 2055 470 2124 Alii
490 2066 604 2126 contre
626 2055 776 2125 sentiunt
795 2054 957 2124 adiectam
977 2055 1012 2124 in
1028 2075 1105 2125 enm
1124 2079 1202 2148 poe·

263 2169 354 2236 nom,
373 2150 430 2239 qni
452 2148 656 2239 sponsalium
679 2148 778 2217 fidem
799 2148 921 2217 iniuste
936 2162 969 2218 et
984 2149 1111 2238 perfide
1131 2151 1202 2221 vio·

263 2243 392 2328 laverit,
414 2244 506 2311 nullo
521 2243 594 2311 iure
611 2240 809 2331 improbari,
833 2241 1030 2331 irritamque
1048 2244 1197 2328 decerni,

263 2357 331 2405 non
351 2337 425 2404 iure
445 2334 544 2418 civili,
565 2335 654 2422 qnod
672 2335 834 2404 adductae
853 2335 943 2424 leges
960 2356 1020 2424 per
1035 2338 1198 2406 novellam

264 2427 542 2511 constitutionem
565 2424 609 2495 18
629 2427 748 2496 Leonis
767 2428 983 2517 imperatoris
1001 2429 1198 2500 emendatae

264 2530 342 2589 sunt
360 2521 411 2589 val
436 2519 647 2609 antiquatoe;
673 2541 739 2590 non
753 2521 827 2591 iure
847 2521 1023 2605 canonico,
1044 2524 1132 2611 quod
1151 2524 1199 2592 ei·

263 2625 369 2682 tatum
390 2634 462 2701 cap.
482 2611 601 2681 dsunt
618 2613 718 2703 plane
737 2615 895 2703 loquatur
914 2615 1194 2705 desponsalibus,

264 2726 349 2796 quae
368 2705 410 2774 ob
422 2706 585 2776 delectum
601 2705 719 2775 aetatis
733 2727 751 2775 a
765 2709 874 2796 puella
887 2708 1060 2798 septennio
1075 2709 1197 2778 minori

265 2808 431 2867 contracta
446 2800 638 2868 nullomodo
652 2799 816 2883 valebant,
837 2803 888 2870 vel
906 2802 1021 2870 saltem
1035 2802 1137 2870 huius
1150 2803 1199 2871 in·

265 2891 348 2960 dolis
361 2904 457 2961 erant
470 2914 508 2962 oo
523 2904 675 2976 naturae,
685 2895 840 2981 utpuella
855 2895 1063 2983 pubertatem
1078 2896 1196 2985 adepto

263 2985 350 3054 iuste
366 2986 511 3075 potuerit
530 2985 571 3054 ab
591 2985 709 3054 iisdem
730 2987 880 3069 resilire,
909 2989 998 3058 unde
1027 2988 1195 3058 immerito

265 3099 370 3167 poena
387 3078 513 3149 adiecta
532 3080 655 3162 inerat;
672 3099 739 3148 non
760 3079 967 3165 iuredivino,
990 3082 1068 3172 quia
1085 3082 1118 3151 iu
1136 3080 1193 3151 SS.

264 3172 323 3239 tt.
346 3193 513 3263 nusquam
533 3185 681 3250 cavetur,
699 3193 741 3242 ne
760 3194 865 3262 poeno
894 3175 1078 3245 contractui
1097 3196 1196 3266 spop-

263 3263 372 3334 salitio
405 3264 593 3335 roborando
614 3265 809 3335 adiicietur:
843 3288 910 3336 non
944 3269 1090 3358 donique
1123 3270 1194 3337 inre

263 3359 421 3442 naturali,
438 3371 603 3448 quatenus
619 3358 813 3430 huiusmodi
828 3381 934 3449 poeno
954 3363 1118 3430 adactum
1137 3380 1196 3451 per

263 3469 299 3518 se
313 3448 488 3520 honestum
510 3452 671 3541 impellit,
694 3453 820 3524 seilicet
838 3455 879 3522 ad
912 3455 1010 3525 fidem
1030 3466 1195 3543 praestan·

265 3543 352 3628 dam,
374 3564 436 3615 nec
452 3545 520 3615 ullo
546 3557 640 3636 pacto
673 3546 942 3617 contrabentium
972 3548 1109 3618 libertas
1128 3549 1195 3616 lae·
