2642 4175
287 327 354 387 tot
622 343 784 391 esrurrv.

241 437 336 520 adsit,
355 457 398 507 ne
416 439 500 510 lacta
529 440 822 532 interpellatione,
849 440 1038 532 persecutio
1058 453 1166 512 eontra

241 528 438 601 christianos
457 533 613 616 oriatur,
635 535 739 605 aliave
758 554 857 604 eausa
878 554 1003 624 urgens
1031 535 1166 615 existat,
1286 572 1288 631 1,

241 644 305 714 qua
326 624 548 715 interpellatio
567 627 711 697 difficilis
729 628 858 698 evadat.
887 627 926 697 ln
948 627 1040 698 bisce
1059 649 1167 699 rerum

242 717 416 802 adiunctis,
438 718 478 811 fit
496 740 652 792 recursus
671 722 711 791 ad
731 719 848 791 Sedem
864 721 1097 812 Apostolicam,
1113 742 1170 791 uec

242 808 342 881 Sedes
375 813 557 905 Apostolica
596 814 763 885 difficilem
795 834 830 897 se
862 814 999 904 praebet
1025 815 1068 884 ad
1099 836 1168 886 eam

242 904 430 994 petentibus
460 908 765 999 dispensationem,
787 927 887 999 quam
919 927 1044 996 urgens
1077 929 1168 977 causa

240 998 368 1082 suadet,
386 1002 654 1086 concedendam,
677 1001 827 1093 adeoque
843 1000 885 1070 ab
905 1001 1168 1090 interpellatione

242 1090 389 1161 facienda
422 1095 566 1165 eximere
598 1094 767 1165 infidelem
787 1095 827 1163 ad
848 1093 947 1163 tidem
978 1113 1170 1164 conversum

242 1187 438 1269 consuescit,
460 1189 559 1279 eique
573 1187 747 1278 permittit,
763 1187 831 1256 sive
846 1198 883 1256 ut
901 1186 1022 1257 liberas
1042 1187 1173 1277 nuptias
1289 1195 1290 1202 ’

242 1298 317 1349 cum
333 1279 395 1349 alia
413 1278 515 1364 fideli,
527 1282 625 1352 etiam
641 1279 760 1350 diversi
772 1282 855 1350 ritus
863 1280 1049 1363 contrabat,
1065 1281 1174 1350 siveut

243 1372 464 1461 expluribus,
487 1395 569 1465 quas
589 1375 770 1458 habuerat,
789 1372 1008 1457 mulieribus,
1029 1394 1106 1443 earn
1127 1395 1172 1442 re·
1195 1434 1198 1439 ,

242 1462 357 1548 lineat,
381 1488 466 1556 quae
485 1469 583 1538 fidem
604 1468 847 1557 amplectetur,
869 1478 1025 1537 renovato
1054 1479 1175 1547 tamen,

243 1558 353 1627 debita
372 1560 477 1630 forme
496 1581 672 1644 consensu,
694 1582 734 1631 eo
754 1561 832 1652 quia
853 1559 946 1650 prior
958 1560 1020 1630 ille
1040 1572 1174 1630 mutuus

244 1667 435 1736 cousensus,
453 1653 491 1727 in
511 1654 705 1724 infidelitate
725 1653 922 1745 praestitus,
943 1653 1058 1723 nullus
1079 1666 1113 1724 et
1132 1652 1174 1722 ir·

244 1743 327 1814 ritus
347 1744 409 1814 fuit
422 1746 469 1816 ub
489 1746 633 1837 nuptias,
655 1747 721 1817 iarn
738 1758 925 1818 constantes
945 1767 1020 1816 eum
1041 1767 1081 1816 eu
1104 1768 1174 1815 mu·

243 1836 350 1922 liere,
388 1861 486 1930 quam
521 1840 584 1911 sibi
620 1840 767 1932 primurn
800 1841 1068 1929 desponsaverat.
1099 1840 1174 1908 lide

243 1929 355 2000 Goust.
376 1931 424 2003 Pii
447 1934 470 2002 V
489 1934 619 2005 Rouaru
644 1932 832 2004 Ponrrvtcrs
852 1931 874 2001 b
898 1954 975 2019 aug.
1004 1930 1123 2014 1571,
1144 1944 1188 2000 ρι’

243 2021 393 2115 Gregorii
409 2028 480 2099 xttl
494 2027 635 2099 Porums
654 2046 697 2098 rr
716 2044 913 2098 uarvonraus
928 2025 973 2096 te
988 2025 1057 2096 ian.
1072 2023 1173 2096 1585.

243 2118 401 2193 Noveriut
418 2122 632 2206 missionarii,
653 2122 775 2212 quibus
794 2142 947 2191 concessa
967 2131 1018 2190 est
1041 2120 1177 2190 facultas

243 2213 454 2307 dispensandi
475 2217 516 2287 ab
537 2215 827 2305 interpellatione,
854 2236 891 2285 ea
925 2234 993 2283 nou
1017 2214 1092 2298 uti,
1114 2213 1175 2282 nisi

242 2306 401 2394 legitimis
414 2311 522 2380 citatis
535 2308 654 2393 causis,
673 2309 759 2380 etad
774 2328 925 2378 normam
942 2306 1032 2377 citat.
1048 2305 1175 2377 Consti·

243 2397 422 2487 tutiouum3
433 2404 604 2474 advertant
616 2402 741 2493 pariter
752 2422 820 2471 non
835 2400 998 2483 sufficere,
1006 2410 1045 2468 ut
1061 2400 1105 2471 de
1117 2398 1177 2468 dil·

243 2492 389 2565 licultnte
407 2496 599 2568 monitionis
615 2495 766 2585 persuasi
786 2515 921 2586 prorsus
940 2494 1018 2577 siut,
1038 2493 1097 2563 sed
1118 2512 1175 2561 ne·

244 2589 423 2657 cessarium
444 2609 528 2673 esse,
548 2601 585 2659 ut
605 2589 727 2661 iaciant
745 2607 935 2680 processum
954 2585 1174 2657 summarium

245 2688 279 2747 et
298 2680 592 2765 extraiudicialem,
615 2703 683 2772 quo
703 2703 763 2774 pro
783 2682 873 2752 omui
892 2682 1004 2750 futuro
1025 2690 1175 2770 tempore

244 2786 412 2863 appareat,
433 2774 735 2866 interpellationem
756 2772 1006 2866 impossibilem,
1024 2772 1076 2843 vel
1094 2770 1177 2842 diffi-

244 2866 354 2953 cilem,
375 2869 426 2939 vel
446 2869 598 2940 inutilem
618 2867 734 2939 luisse.
771 2868 808 2936 ln
834 2877 900 2959 quo
920 2878 1032 2936 tamen
1050 2862 1176 2935 Summi

244 2958 419 3034 Pontifices
437 2963 605 3034 vinculum
625 2961 831 3034 matrimonii
844 2962 879 3031 iu
890 2957 1090 3053 infidelitate
1102 2977 1178 3028 cou-

246 3055 341 3124 traoti
379 3057 557 3127 dissolvere
590 3058 625 3127 in
656 3056 768 3125 animo
806 3074 874 3125 uon
905 3052 1053 3136 babent,
1093 3051 1178 3121 siout

244 3149 379 3239 egregie
406 3150 637 3221 animadvertit
665 3146 802 3219 Pontius
828 3148 869 3218 de
902 3145 1047 3216 llatrirn.
1065 3144 1125 3213 lib.
1145 3142 1176 3225 7,

245 3260 317 3334 cap.
335 3240 393 3326 tt,
415 3264 449 3314 n.
471 3243 517 3313 ll
540 3269 554 3311 c
577 3242 782 3333 Dispensavit
800 3252 890 3311 certe
907 3238 964 3330 (S.
980 3238 1060 3309 Pius
1079 3237 1126 3327 V)
1145 3256 1179 3306 ac

244 3335 408 3426 supplevit
424 3337 639 3408 monitionem
659 3336 702 3406 de
721 3335 795 3405 iure
813 3333 1065 3425 praescriptam,
1087 3330 1178 3401 simi·

245 3427 311 3496 lem
348 3430 447 3502 etiam
485 3428 765 3521 dispensationem
802 3426 965 3497 concessit
999 3423 1177 3514 Gregorius

245 3518 329 3589 Xlll.
357 3546 371 3587 v
399 3522 604 3613 Dispensavit
623 3522 748 3611 pariter
774 3520 896 3590 Beued.
922 3516 1178 3588 tillemontii
1276 3602 1279 3610 1
