2642 4175
572 537 728 625 ouant
768 538 842 624 111.

384 735 441 797 un
460 730 748 797 maronianus
770 730 1013 796 utramonn

654 1032 671 1121 ἓ
686 1030 745 1102 ab.

418 1191 464 1249 Ite
485 1189 710 1260 impendentis
729 1184 979 1261 impedientibus.

278 1366 349 1435 buo
365 1378 442 1437 sunt
461 1365 664 1435 matrimonii
692 1364 1008 1454 impedimentorum
1027 1383 1164 1454 genera,

231 1458 295 1527 alia
309 1480 395 1549 qnae
417 1458 667 1529 matrimonium
686 1457 950 1527 contrabendum
966 1457 1164 1547 impediunt,

232 1562 265 1620 et
282 1552 478 1642 simpliciter
493 1552 717 1642 prohibentia,
733 1572 793 1620 seu
809 1551 1023 1640 impedientia
1043 1551 1165 1620 dicun·

231 1657 297 1723 tur,
317 1645 380 1714 alia
400 1663 501 1728 vero,
535 1666 621 1735 (puae
646 1646 810 1713 dirimunt
846 1643 1108 1727 matrimonium,
1133 1657 1168 1714 et

231 1737 419 1808 dirimentia
440 1752 610 1807 tonantur.
633 1737 737 1807 Primi
764 1737 897 1826 generis
929 1738 1166 1827 impedimenta

231 1830 382 1899 illinitum
403 1833 590 1912 dumtaxat,
607 1832 745 1900 secundi
767 1844 877 1900 autem
898 1831 1031 1920 generis
1052 1842 1084 1900 et
1099 1830 1168 1898 ilii·

231 1922 332 1992 oitum
354 1936 387 1994 et
413 1927 541 1994 nullum
577 1924 725 1994 efficiunt
752 1923 1014 1994 matrimonium.
1045 1924 1167 2014 Appel-

230 2017 342 2086 lantur
361 2018 550 2089 dirimentia
586 2017 669 2087 baeo
697 2017 834 2087 secundi
869 2017 1001 2107 generis
1029 2017 1166 2107 impedi·

230 2123 353 2195 menta,
375 2133 441 2181 non
462 2112 550 2203 quod
578 2112 830 2181 matrimonium
860 2111 925 2180 iam
958 2122 1165 2181 contractum

230 2204 403 2289 dirimant,
419 2207 475 2275 sed
496 2206 574 2296 quia
603 2206 767 2274 dirimunt
787 2204 1036 2274 matrimonium
1057 2215 1166 2273 atten-

230 2310 347 2381 tatum,
368 2318 427 2367 seu
447 2299 604 2378 efficiunt,
622 2320 664 2368 ne
686 2297 935 2367 matrimonium
956 2298 1062 2366 valide
1081 2316 1162 2365 oon·

230 2391 396 2460 trahatur.
428 2390 513 2459 Satis
542 2391 650 2480 ampla
685 2403 735 2460 est
754 2391 837 2459 haee
864 2390 1039 2472 tractatio,
1062 2400 1095 2458 et
1115 2411 1170 2458 co·

230 2483 327 2569 gnitu
346 2482 439 2551 valde
457 2484 654 2553 necessaria.
682 2483 831 2556 Primum
865 2495 976 2552 autern
998 2484 1038 2552 de
1063 2483 1167 2571 impe·

230 2574 387 2643 adimentis
407 2575 688 2665 impedientibus,
711 2578 832 2648 deinde
850 2575 891 2644 de
917 2575 1168 2666 impedimentis

231 2667 465 2737 dirimentibus
486 2670 602 2739 fusiori
622 2673 749 2740 calamo
768 2690 917 2759 agemus.

278 2760 346 2829 lam
358 2782 435 2830 vero
452 2762 688 2852 impedimenta
703 2762 917 2852 impedientia
932 2761 1010 2830 oiim
1026 2759 1166 2850 quidem

231 2853 328 2942 plura
352 2855 499 2939 inerunt,
522 2877 611 2926 nune
635 2869 746 2927 autern
773 2867 919 2946 quatuor
939 2866 1068 2924 tantum
1089 2853 1171 2921 stri-

232 2946 328 3015 ctiori
348 2968 448 3018 sensu
467 2962 612 3039 accepta,
630 2972 668 3019 aa
681 2949 857 3039 separatim
875 2948 1067 3037 exponenda
1079 2946 1169 3015 obti-

232 3052 314 3111 nent
333 3041 384 3112 his
404 3042 575 3113 versiculis
598 3044 862 3133 comprehense,
895 3041 1070 3111 videlieet:

367 3185 502 3239 &oratum
519 3195 632 3255 tempus,
646 3188 766 3250 vetitum,
783 3185 924 3255 sponsalia,
941 3193 1032 3237 notum

369 3263 519 3332 impediunt
536 3265 611 3328 deni,
629 3266 785 3333 permittunt
803 3264 869 3315 iacta
886 3263 979 3315 teneri.
