2642 4175
294 285 360 341 242
625 292 727 338 curun
744 292 791 336 111.

244 395 345 465 iidem
361 390 498 463 minime
515 390 582 481 apti
595 391 635 459 ad
650 389 899 459 matrimonium
913 389 1175 461 contrabendum
1289 469 1290 474 ,

244 487 497 578 reperiuntur.»
513 484 724 574 Regulariter
738 494 847 553 autem
869 482 901 551 in
916 483 1039 551 eisdem
1056 484 1176 555 litteris
1289 497 1290 504 ’

244 582 286 650 de
301 581 537 649 Eunurborum
554 576 775 645 matrimoniis
791 576 839 644 sic
852 576 963 645 edixit:
986 578 1177 648 «Fraterni

246 673 305 744 tati
319 685 395 742 tuae
408 693 469 762 per
481 682 672 762 praesentes
684 669 963 740 committimuset
972 671 1175 754 mandamus,

246 779 284 838 ut
300 764 453 855 coniugia
475 786 535 854 per
551 764 655 833 dictos
672 773 705 832 et
723 763 806 833 alios
825 784 1053 853 quoscumque
1071 785 1176 833 eunu-

246 859 326 930 chos
347 871 380 929 et
399 859 561 948 spadones
583 868 725 947 utroque
739 867 822 927 teste
844 867 994 925 carentes
1013 878 1086 925 cum
1103 859 1177 948 qui·

247 953 357 1023 busvis
375 952 571 1021 mulieribus
590 951 754 1019 defectum
776 950 981 1039 praedictum
1002 950 1069 1019 sive
1084 950 1177 1041 igno·

247 1046 410 1128 rantibus,
426 1045 492 1116 sive
507 1045 606 1114 etiam
624 1043 804 1113 scientibus
822 1042 973 1112 contrahi
987 1042 1175 1133 prohibeas,

246 1160 370 1229 eosque
389 1140 430 1207 ad
456 1136 667 1207 matrimonia
699 1137 1011 1226 quomodocumque
1047 1149 1177 1207 contra-

247 1234 356 1303 henda
370 1231 534 1301 inhabiles
547 1229 744 1300 auctoritate
761 1240 873 1322 nostra
888 1230 1047 1313 declares,
1064 1242 1173 1300 ettam

248 1326 397 1395 locorum
418 1323 626 1407 Ordinariis‚
654 1343 696 1392 ne
720 1321 910 1391 huiusmodi
928 1322 1177 1394 coniunctiones

247 1419 437 1487 decaetero
456 1416 528 1485 beri
548 1438 683 1507 quoquo
703 1415 897 1505 permittant
920 1416 1020 1484 modo
1043 1415 1179 1486 interdi-

247 1530 314 1593 ees,
333 1530 431 1600 quam
447 1530 503 1580 eos
522 1511 622 1579 etiam
640 1508 698 1599 qui
719 1507 766 1577 sic
778 1508 819 1577 de
834 1508 918 1578 lacto
931 1509 1178 1579 matrimonium

248 1602 484 1687 contraxerint,
504 1603 652 1692 separari
676 1622 790 1686 cures,
813 1613 846 1670 et
872 1601 1083 1671 matrimonia
1113 1604 1178 1694 ipsa

249 1696 297 1766 sic
311 1697 352 1765 de
368 1696 453 1766 lacto
471 1708 650 1780 contracta,
666 1696 770 1779 nulla,
790 1693 883 1764 irrita
902 1708 936 1765 et
951 1695 1092 1764 invalida
1112 1699 1179 1766 esse

141 1790 146 1798 ’
249 1790 444 1859 decernas.»

297 1882 367 1950 lam
385 1902 463 1952 vero
483 1881 509 1950 si
530 1881 736 1951 evidentibus
755 1879 900 1971 physicis
919 1879 1038 1969 signis,
1060 1893 1120 1950 aut
1137 1882 1181 1949 le·
1293 1907 1294 1968 3

251 1974 377 2064 gitimis
404 1975 612 2044 documentis
642 1984 716 2063 post
735 1974 883 2062 corporis
913 1994 1071 2056 examen,
1096 1987 1180 2044 certo
1293 1975 1294 2010 ³

250 2080 390 2153 constet,
405 2067 633 2159 impotentiam
649 2068 775 2150 adesse,
792 2086 933 2158 eamque
945 2078 978 2137 et
991 2079 1181 2157 perpetuam

250 2183 333 2247 esse,
346 2173 379 2232 et
388 2163 637 2232 matrimonium
651 2160 882 2251 praecessisse,
892 2161 1001 2230 statim
1010 2160 1059 2228 vir
1071 2173 1107 2230 et
1118 2183 1182 2229 mu·

250 2255 313 2325 lier
327 2255 502 2345 separandi
519 2267 606 2336 sunt,
623 2268 656 2324 et
670 2253 919 2324 matrimonium
939 2254 1101 2323 declarari
1117 2253 1183 2322 nul·

249 2349 352 2417 loma
370 2348 478 2417 iudice
492 2359 612 2438 potest.
631 2346 664 2416 Si
680 2369 757 2417 vero
774 2346 867 2437 signa
889 2345 1105 2437 impotentiae
1121 2347 1183 2415 siut
1294 2406 1295 2429 ,

250 2451 379 2510 tantum
397 2440 569 2509 moraliter
586 2453 689 2524 certa,
711 2441 934 2510 iuramentum
954 2441 995 2510 ab
1015 2439 1096 2529 ipsis
1114 2460 1182 2508 con·
1294 2462 1295 2491 r

253 2533 398 2621 iugibus,
409 2546 442 2602 et
456 2534 592 2622 insuper
606 2554 622 2602 a
637 2545 762 2623 septem
778 2554 838 2623 pro
851 2546 993 2623 utraque
1007 2545 1100 2622 parte
1114 2553 1182 2601 oon·
1294 2606 1295 2611 ,

250 2625 441 2713 sanguineis
459 2628 508 2695 vel
528 2626 644 2695 vicinis
677 2627 895 2696 emittendum
916 2639 978 2696 est·
1000 2625 1040 2695 Hi
1059 2637 1178 2715 septem

217 2722 226 2741 ’
253 2719 774 2807 consanguinei,acvicinivocari
787 2721 894 2790 solent
905 2721 1042 2811 septimo
1053 2739 1178 2788 monus.

252 2811 553 2899 Coniugesdebent
572 2812 696 2897 iurare,
718 2835 753 2883 se
774 2812 1021 2882 matrimonium
1042 2833 1108 2881 non
1128 2831 1181 2901 po·

253 2905 356 2974 tuisse
375 2926 616 2988 consummare,
633 2906 689 2974 alii
708 2926 783 2975 vero
797 2907 945 2989 eredere,
966 2906 1123 2994 coniuges
1136 2903 1181 2972 di·

251 2997 336 3067 xisse
351 3019 477 3068 verum,
493 3000 533 3067 Hi
549 3019 628 3087 ergo
639 3010 804 3069 testantur
816 3000 857 3068 de
871 3000 1077 3082 credulitate,
1087 2997 1180 3066 illido

251 3090 403 3162 veritate.
424 3092 494 3174 Quo
515 3093 626 3175 facto,
648 3091 676 3160 si
698 3092 795 3181 periti
816 3093 964 3162 iudicant
982 3093 1095 3161 adesse
1124 3090 1181 3157 im-

252 3186 445 3274 potentiam,
467 3185 602 3254 uullitas
622 3186 748 3275 absque
766 3185 908 3274 longiori
932 3207 1022 3256 mora
1044 3203 1182 3275 pronun·

253 3277 329 3346 tiari
360 3288 480 3367 potest.
507 3277 538 3347 Si
567 3297 644 3348 vero
673 3280 806 3369 aliquod
836 3279 974 3349 dubium
1007 3278 1178 3357 exoriatur,

252 3381 371 3439 natura
404 3383 437 3440 et
456 3372 598 3461 qualitas
629 3372 845 3443 dubitationis
878 3373 1089 3463 expendenda
1122 3379 1178 3439 est.

252 3461 334 3530 Nam
355 3465 382 3531 si
403 3465 590 3549 dubitetur,
613 3477 725 3535 utrum
745 3466 830 3535 dicta
853 3465 1046 3558 impotentia
1069 3460 1178 3532 matri·
