2642 4175
278 347 343 402 120
617 359 719 405 carun
737 358 771 403 11.

223 456 311 535 forte
331 456 448 527 modus
480 455 542 525 sub
562 455 692 526 ratione
711 454 912 526 conditionis
941 455 1069 545 positus
1087 456 1130 525 sit
1150 481 1157 522 ε

225 548 409 635 generatim
428 548 515 619 enim
536 549 563 620 si
583 551 712 633 modus,
735 558 793 619 aut
810 569 921 633 causa,
942 561 1000 619 ant
1016 549 1157 619 demort-

225 641 342 711 stratio
361 655 559 732 apponatur,
582 655 749 733 tamquam
771 642 1023 724 conditionem,
1048 658 1157 732 aqna

226 754 406 805 consensus
420 737 573 825 pendeat,
591 738 707 806 eadem
722 735 795 805 iura
808 736 919 807 valere
932 736 1160 825 debcstquce

225 827 388 898 hactenns
423 830 464 898 de
495 829 741 900 conditionibus
773 829 998 919 exposuimus.
1019 828 1159 910 Quando

225 940 303 988 vero
324 922 441 992 modus
461 923 658 1012 exprimitur
677 935 846 1012 tamquam
866 921 1023 1005 conditio,
1044 921 1107 991 nisi
1122 921 1158 991 id

225 1023 340 1176 qpeqte
360 1025 498 1102 constet,
515 1016 666 1106 quaestio
687 1028 736 1087 est
756 1037 774 1086 a
794 1015 1051 1086 circumstantiis
1067 1015 1160 1084 deci·

249 1126 290 1176 en
315 1128 371 1179 av

651 1329 740 1421 sss.

393 1487 438 1545 Ite
457 1487 652 1545 matrimonio
671 1487 711 1544 ad
729 1485 988 1557 mensuatim.

274 1663 365 1733 Inter
389 1664 629 1748 matrimonia,
652 1684 739 1754 quae
760 1664 822 1733 suh
846 1662 944 1732 mode
974 1661 1159 1744 ineuntur,

228 1757 294 1825 duo
313 1757 496 1827 celebriora
522 1769 556 1827 et
575 1756 803 1848 frequentiora
824 1768 924 1839 sunt,
947 1755 1073 1825 scilieet
1091 1775 1165 1824 nna-

228 1848 422 1919 trimcnium
458 1852 498 1921 ad
534 1850 818 1941 morganaticnm,
840 1860 874 1919 et
909 1847 1162 1918 matrimonium

230 1943 463 2025 conscientiae,
481 1945 522 2013 de
536 1944 659 2034 quibus
673 1945 849 2013 dicendum
870 1953 932 2013 est.
953 1940 1162 2011 Matrimonia

230 2036 271 2106 ad
303 2037 564 2129 morganaticam
583 2037 627 2108 ita
646 2036 805 2108 describit
822 2034 1020 2107 Benedictus
1038 2034 1104 2103 xtv
1120 2035 1164 2103 de

230 2130 310 2222 Syn.
333 2132 444 2202 Dicec.
467 2133 527 2203 tib.
548 2129 609 2216 ts,
633 2154 707 2222 cap.
728 2128 786 2200 28:
811 2154 827 2198 r
850 2131 894 2199 Ea
914 2140 1017 2211 sunt,
1039 2127 1163 2218 quibus

227 2226 278 2293 vir
298 2224 419 2295 nobilis
440 2239 514 2315 post
534 2238 704 2316 susceptos
735 2224 900 2314 exprime
922 2243 1023 2292 uxore
1044 2222 1158 2292 itidem

227 2317 333 2387 nobili
352 2317 488 2401 liberos,
505 2339 542 2387 ee
558 2319 725 2402 defuncta,
744 2338 819 2388 cum
833 2315 1055 2387 continentiae
1069 2317 1161 2403 leges

227 2410 300 2479 siue
321 2431 424 2481 uxore
443 2411 618 2481 observare
637 2433 705 2481 non
731 2411 858 2502 possit,
880 2429 993 2479 coram
1011 2407 1161 2478 Perocho

229 2514 263 2571 et
282 2502 432 2587 testibus,
454 2502 589 2573 obtenta
610 2504 704 2592 prins
729 2527 746 2574 a
767 2501 1083 2596 proclamationibus
1101 2521 1161 2592 cp·

229 2605 372 2683 portuna
394 2596 666 2686 dispensatione,
689 2598 826 2668 alteram
857 2616 896 2666 ex
913 2595 1087 2665 humiliori
1106 2616 1161 2663 or·

230 2686 309 2756 dine
324 2689 426 2773 ducit,
442 2690 551 2760 addita
566 2692 768 2774 conditione,
784 2702 901 2761 uttam
917 2688 1049 2772 mulier,
1060 2709 1159 2778 quarn

230 2779 293 2849 ulii
310 2800 349 2849 ex
361 2803 401 2852 eo
421 2785 632 2855 matrimonio
652 2784 824 2868 nascituri,
843 2782 929 2852 nihil
945 2781 1007 2852 sibi
1026 2781 1108 2851 iuris
1122 2801 1160 2850 ex

171 2951 176 2960 x
232 2892 272 2942 eo
293 2876 468 2965 acquirere
487 2877 613 2966 possint
632 2891 865 2968 praeterquam
886 2876 925 2946 ad
941 2896 992 2960 ea,
1013 2895 1100 2965 qnae
1120 2875 1159 2943 od

229 2966 352 3036 victum
385 2983 462 3040 suut
489 2971 689 3041 necessaria.
712 2972 819 3040 Huius
838 2968 1038 3040 conditionis
1070 2967 1100 3035 vi
1129 2977 1162 3036 et

230 3061 353 3131 mulier
371 3084 388 3132 n
404 3063 629 3154 participanda
652 3065 763 3134 mariti
784 3063 944 3153 dignitate
961 3060 1161 3143 excinditur,
1222 3067 1225 3072 '

231 3165 265 3223 et
283 3154 343 3224 iiiii
360 3156 402 3226 ab
415 3156 572 3228 omuibus
586 3158 703 3242 titulis,
727 3158 936 3238 muneribus,
958 3166 992 3226 et
1011 3165 1162 3245 paterne·

230 3268 306 3316 rum
339 3249 570 3340 avitarumque
601 3252 766 3320 honorum
787 3248 996 3321 successione
1015 3245 1161 3317 extranei

230 3356 422 3411 censentur.
449 3366 464 3409 a
487 3344 685 3413 Huiusmodi
703 3344 862 3428 conditio,
881 3342 949 3413 sire
968 3349 1102 3432 pactum
1121 3338 1162 3409 ad

231 3435 515 3522 morganaticam‚
537 3450 703 3528 quatenus
736 3457 873 3508 uxorem
902 3445 1052 3526 spectat,
1074 3432 1162 3522 apud

230 3524 397 3599 Romanos
416 3532 658 3620 propemodum
677 3531 712 3601 in
725 3551 788 3601 usu
806 3530 881 3615 fuit;
896 3528 984 3620 apud
998 3547 1057 3597 eos
1072 3524 1162 3595 enim
