2642 4175
275 339 342 398 368
610 351 712 398 emur
729 352 775 396 111.

230 474 420 535 consensus,
436 463 474 521 nt
490 451 571 519 illud
592 449 804 532 revalidetnr,
826 449 1007 520 intercedat
1024 469 1174 521 necesse

228 559 288 618 est.
310 547 358 616 lta
384 545 604 614 communiter
623 542 804 629 Theologi‚
836 563 874 610 ac
892 542 1098 627 Canonistae‚
1123 566 1173 613 uc

227 640 345 709 merito
360 640 507 728 quidem.
524 636 620 705 Prior
632 636 756 725 qnippe
771 636 1044 717 consensuslicet
1057 647 1169 705 natu·
1242 704 1245 710 ,

227 734 306 801 ralis
321 753 380 821 per
392 754 439 814 se,
459 731 521 798 luit
539 728 675 798 omnino
689 749 727 796 ex
740 742 833 817 parte
849 728 1027 819 utriusque
1045 730 1171 798 inuali-

227 828 310 907 dus,
341 845 417 893 cum
450 843 551 910 super
582 821 788 910 illegitimam
821 834 854 891 et
888 821 1031 910 ineptam
1052 833 1169 891 mate-

227 918 309 987 riam
341 916 442 986 luerit
461 928 625 998 versatus,
659 925 761 1002 atque
788 914 911 983 idcirco
932 936 1051 1002 operae
1079 935 1168 1004 pre-

228 1011 310 1080 tium
331 1024 404 1094 est,
427 1021 486 1088 ut,
510 1008 639 1076 sublato
672 1007 931 1095 impedimento,
965 1020 1164 1076 renovetur.

224 1104 365 1172 Aliunde
381 1123 458 1172 nero
471 1101 628 1172 affirmari
646 1100 836 1168 nullatenus
857 1112 974 1188 potest,
996 1102 1083 1189 qnod
1097 1101 1167 1169 ille

225 1197 318 1284 prior
335 1216 514 1265 consensus
545 1192 716 1263 moraliter
741 1205 941 1279 perseveret.
961 1193 1042 1263 Cum
1065 1192 1166 1261 enim

225 1308 403 1358 consensus
415 1287 657 1377 perseverantia
672 1284 761 1353 illius
778 1286 1064 1374 praeexistentiam
1076 1307 1168 1374 sup-

224 1392 348 1470 ponet;
368 1381 434 1449 iam
469 1401 528 1470 per
556 1400 592 1448 sc
621 1391 734 1469 patet,
754 1379 841 1467 quod
869 1399 1072 1461 consensus,
1094 1379 1164 1466 qui

223 1495 395 1563 nunqnam
414 1472 557 1554 exstitit,
580 1491 791 1560 perseuerare
810 1471 903 1541 nnllc
922 1473 1018 1541 modo
1038 1473 1164 1560 possit.

270 1567 363 1646 Quod
381 1565 512 1634 tertiam
533 1565 761 1654 quaestionem
782 1565 928 1653 respicit,
952 1586 1018 1654 quc
1037 1585 1167 1653 nempe

226 1659 325 1727 modo
345 1657 531 1744 praestari,
551 1678 610 1725 seu
630 1657 783 1726 renovari
815 1678 994 1726 consensus
1013 1657 1134 1725 debeat
1151 1710 1162 1741 ,

224 1771 265 1819 on
287 1749 498 1818 difficultates
513 1762 546 1819 et
566 1749 722 1839 ambages
742 1750 891 1838 quotidie
909 1763 1020 1832 ,tamen
1041 1770 1164 1818 occur-

225 1854 351 1911 rentes.
373 1842 458 1911 Sane
475 1842 723 1911 Matrimonium
741 1853 836 1911 antea
857 1844 987 1911 nullum
1007 1843 1164 1936 conuale-

224 1955 317 2004 scere
336 1955 403 2004 non
423 1946 553 2025 potest,
574 1934 639 2003 nisi
659 1956 758 2023 pars,
780 1956 866 2024 qnae
884 1934 1163 2025 impedimentum

224 2028 411 2117 ignoravit,
433 2027 554 2098 certior
573 2029 755 2111 reddatur,
784 2028 931 2118 priorem
943 2039 1161 2102 contractum

155 2144 157 2147 ·
223 2122 326 2191 luisse
344 2121 522 2190 invalidum
542 2173 551 2204 ,
574 2120 675 2210 idque
701 2120 824 2210 duplici
845 2121 974 2190 ratione
994 2120 1163 2190 convinci·
1239 2131 1242 2137 “

224 2228 291 2282 tur:
313 2214 349 2281 l.
370 2214 448 2303 quia
473 2215 571 2283 debet
600 2235 639 2283 eo
667 2214 700 2282 ln
724 2225 811 2282 statu
831 2214 1010 2295 constitui,
1031 2213 1064 2282 in
1090 2234 1162 2302 qun

224 2306 331 2376 libere
350 2307 557 2376 consentiat:
577 2304 611 2375 ἃ.
633 2307 712 2395 qula
733 2306 919 2388 radicatio,
941 2327 1027 2396 quae
1047 2327 1085 2375 ex
1104 2326 1163 2373 cr-

224 2419 301 2467 rore
321 2399 560 2486 proficiscatur,
583 2400 711 2468 nullum
733 2399 819 2487 parit
838 2397 1002 2481 ellectum,
1024 2417 1162 2466 novam-

226 2511 291 2579 que
311 2490 469 2561 inducere
500 2491 738 2578 obligationem
770 2512 837 2561 non
858 2502 989 2579 potest,
1005 2492 1093 2559 unde
1114 2510 1160 2558 ex

225 2583 263 2649 L.
277 2581 334 2663 15,
355 2583 389 2649 n.
410 2585 450 2651 de
467 2584 696 2653 iurisdictione
716 2596 781 2652 etc.
796 2586 944 2667 mentis
957 2592 987 2652 et
1006 2585 1162 2672 ipnoron·

226 2675 269 2741 tia
286 2674 399 2742 nullus
427 2685 474 2744 est
488 2697 674 2744 consensus.
696 2675 856 2765 ldipsnm,
878 2678 1050 2764 desumpta
1070 2678 1162 2763 pari·

226 2776 292 2836 tate
325 2788 343 2835 a
372 2779 456 2847 voto,
475 2768 660 2837 illustratur
690 2769 835 2858 egregie.
854 2768 916 2853 Qui
936 2769 1025 2837 enim
1045 2780 1159 2837 votum

194 2900 197 2905 -
226 2858 406 2928 invalidum
423 2860 575 2946 ratificat,
593 2861 642 2929 nil
660 2859 771 2942 efficit,
783 2864 888 2930 donec
901 2861 1067 2951 praeviam
1086 2860 1161 2929 eins

226 2952 438 3022 invaliditatis
461 2956 614 3024 notitiam
630 2953 881 3042 comparaverit.
904 2954 971 3022 lam
989 2974 1081 3036 vero,
1100 2954 1162 3041 qui

226 3044 456 3133 impedimenti
473 3046 660 3116 dirimentis
673 3046 803 3114 nescius
818 3045 1065 3114 Matrimonium
1080 3045 1163 3114 rati·

227 3137 304 3208 ficat
318 3139 400 3207 illud
415 3161 453 3209 ex
466 3159 580 3208 errore
592 3138 745 3223 ratificat,
756 3139 898 3227 ideoque
911 3159 970 3226 per
983 3137 1070 3206 hanc
1084 3137 1163 3206 ruti-

227 3230 426 3316 ficationem‚
449 3244 635 3300 contractus
648 3244 743 3300 antea
758 3231 919 3299 invalidus
931 3230 1161 3299 convalescere

227 3344 293 3392 non
308 3336 426 3412 potest.
443 3326 487 3391 En
501 3326 590 3413 praxi
606 3335 716 3393 autem
732 3324 764 3393 S.
778 3323 1161 3411 Poenitentiariae,qnae

227 3415 1162 3506 cumdispensatadpcrmanendnminllatrimoniosemel

228 3518 396 3578 contracto
411 3510 497 3578 hanc
512 3530 678 3601 apponere
692 3510 775 3601 solet
790 3508 971 3578 clausulam
988 3531 1002 3574 a
1021 3507 1162 3576 lluliere
