2642 4175
264 371 330 429 402
594 379 701 425 carna
723 380 770 424 ιν.

212 478 402 552 interiectis
421 476 647 567 prosequitur:
666 500 681 543 ‹
703 476 829 566 Moyses
843 478 883 546 ad
897 476 1057 548 duritiam
1077 499 1154 547 cor·

219 575 269 645 dis
287 572 386 643 nestri
406 569 559 661 permisit
575 569 667 638 vohis
686 569 854 641 dimittere
874 591 994 641 uxores
1012 584 1154 654 vestram
1275 631 1284 635 -

219 667 261 736 ah
281 664 376 736 initio
396 675 507 734 autern
537 682 603 732 non
622 662 687 732 luit
704 663 763 732 sic.
786 685 801 728 n
823 663 923 734 Cone.
946 665 1039 734 Trid.
1069 685 1153 735 sess.

218 757 313 829 xxiv
341 758 411 829 nit:
451 755 687 825 «Matrimonii
717 768 915 846 perpetuum
941 756 1158 828 indissolubi-

219 854 354 942 lamque
391 870 510 920 nexum
550 849 678 939 primns
713 848 850 918 hnmani
884 851 999 938 generi
1030 850 1158 921 Parcus

220 943 475 1040 divinispiritns
495 941 665 1025 instinctu,
688 943 924 1030 pronuntiavit,
947 965 1022 1013 corn
1044 943 1154 1014 dixit:

219 1038 284 1108 hoc
302 1057 392 1107 nunc
419 1056 455 1105 os
483 1057 521 1105 ex
552 1034 683 1105 ossibus
703 1036 809 1119 meis,
832 1048 865 1106 et
885 1057 961 1107 caro
981 1039 1023 1107 de
1057 1058 1158 1107 carne

221 1153 319 1215 mea;
353 1130 570 1221 quamohrem
594 1127 763 1217 relinquet
781 1129 881 1197 homo
906 1142 1034 1219 patrem
1058 1151 1158 1200 suum

221 1238 256 1296 et
274 1235 438 1307 matrem,
470 1235 505 1291 et
532 1221 726 1292 adhaerebit
762 1222 856 1291 uxori
884 1243 981 1306 suae,
1004 1235 1039 1292 et
1058 1236 1160 1293 erunt
1238 1276 1243 1280 .

220 1320 286 1388 dno
306 1318 458 1387 incarne
478 1335 559 1385 ona.
588 1314 658 1383 lloo
678 1327 789 1384 antem
812 1314 943 1384 vinculo
969 1316 1054 1386 dnos
1084 1329 1160 1385 tan-

221 1411 393 1481 tummodo
413 1408 587 1499 copulari,
609 1419 644 1478 et
662 1407 818 1496 coniungi
835 1461 851 1494 ,
867 1408 1019 1478 Christos
1046 1409 1161 1478 Domi·

217 1526 284 1573 nus
312 1502 459 1593 apertius
482 1500 618 1584 docuit,
646 1521 723 1569 cum
745 1512 910 1590 postrema
944 1502 1000 1571 illa
1031 1503 1157 1585 rerha,

220 1609 388 1686 tamquam
403 1617 421 1663 a
434 1594 500 1663 lleo
521 1594 647 1682 prolata
662 1594 823 1677 reserens,
840 1594 933 1664 dixit:
952 1595 1069 1685 ltaque
1088 1596 1156 1664 iam

219 1710 286 1759 non
305 1699 383 1757 sunt
398 1687 477 1769 duo,
499 1686 556 1756 sed
578 1706 643 1755 una
665 1700 768 1770 cnro;
801 1687 981 1777 statimque
1002 1688 1154 1757 eiusdem

219 1802 322 1852 nexus
343 1779 561 1864 firmitatem,
584 1779 625 1848 ah
646 1780 771 1848 ddamo
797 1790 985 1850 tantoante
1006 1802 1159 1870 pronon-

220 1874 352 1959 ciatom,
375 1872 427 1941 his
446 1872 554 1942 verhis
575 1872 807 1942 confirmarit:
838 1873 932 1954 Quod
966 1894 1048 1962 ergo
1068 1873 1157 1943 Deus

221 1967 403 2050 coniunxit,
425 1965 525 2036 homo
545 1986 612 2035 non
632 1977 778 2055 separet.
799 1991 814 2032 a

267 2060 313 2130 lix
332 2061 407 2131 iure
419 2058 545 2151 pariter
563 2056 703 2150 positivo
723 2058 797 2129 nori
817 2058 1021 2145 testamenti,
1042 2079 1101 2130 seu
1118 2078 1160 2129 ex

220 2156 295 2244 lege
313 2153 434 2250 Christi
455 2151 585 2223 Domini
602 2173 697 2223 suam
730 2153 933 2243 peculiarem
962 2153 1160 2223 firmitatem

220 2270 281 2319 sen
296 2246 625 2320 indissolubilitatem
646 2246 769 2335 repetit
789 2246 1054 2330 matrimonium,
1070 2247 1162 2335 quod

222 2362 303 2411 sane
323 2341 533 2411 manifestum
553 2350 603 2409 est
620 2339 742 2408 nedum
764 2359 803 2409 ex
822 2340 926 2429 ipsius
944 2339 1068 2409 Christi
1087 2359 1163 2407 ver·

222 2436 275 2504 his
292 2434 408 2504 hlotth.
421 2432 502 2517 xlx,
521 2452 635 2502 varum
657 2432 756 2502 etiam
778 2453 816 2502 ex
835 2432 995 2515 harcoll,
1011 2430 1104 2514 tlt,
1121 2452 1163 2500 ex

223 2528 308 2597 Luca
321 2526 400 2609 xvt,
416 2522 473 2607 18,
490 2536 525 2594 et
538 2545 577 2594 ex
588 2524 692 2593 Paulo
705 2536 776 2594 tum
790 2525 830 2594 ad
845 2525 940 2596 Rom.
957 2525 1025 2608 Vll,
1035 2523 1069 2608 2,
1087 2538 1164 2596 tum

223 2620 264 2689 ad
284 2620 432 2689 Corinth.
451 2617 517 2701 Vll,
537 2615 582 2687 tt
596 2617 652 2686 uhi
668 2617 800 2708 inquit:
821 2618 969 2708 alisqui
990 2619 1164 2687 matrimo-

222 2712 279 2782 nio
298 2711 402 2782 iuncti
424 2721 514 2794 sont,
537 2711 706 2802 praecipio
725 2731 792 2780 non
813 2731 898 2800 ego,
921 2712 977 2781 sed
998 2710 1162 2780 Dominus

225 2826 359 2875 uxorem
380 2804 484 2875 aviro
502 2823 570 2874 non
589 2804 780 2887 discedere;
802 2805 890 2894 qood
921 2804 949 2874 si
971 2803 1165 2873 discesserit
1268 2879 1275 2887 ¹

224 2919 360 2969 manere
389 2898 586 2988 innuptam,
617 2908 676 2966 aot
703 2896 773 2965 viro
800 2918 874 2967 suo·
892 2896 1117 2967 reconciliari.
1142 2920 1158 2961 a

226 2992 318 3062 Hanc
330 2991 452 3062 Christi
472 2989 603 3059 Domini
621 2991 730 3078 legem
751 2989 899 3079 agnoscit
913 2991 986 3060 loco
1002 2988 1163 3080 superius

225 3085 324 3155 citato
343 3083 446 3155 Cone.
465 3083 572 3167 l'rid.,
591 3082 672 3152 dum
692 3082 774 3151 dixit
802 3083 875 3153 eius
893 3104 996 3153 nexus
1017 3082 1163 3152 firmita-

225 3193 292 3249 tem
313 3190 404 3249 tanto
422 3189 499 3247 ante
511 3176 687 3247 ahhdamo
705 3176 970 3265 pronunciatam,
990 3175 1163 3245 Christum

227 3272 297 3342 istis
316 3272 424 3342 verhis
441 3269 675 3353 confirmasse,
694 3269 784 3359 qood
805 3290 885 3359 ergo
906 3268 992 3339 Dens
1019 3270 1164 3338 conion-

226 3366 285 3447 xit,
307 3366 407 3434 homo
425 3384 492 3434 non
511 3375 654 3453 separet.
676 3362 768 3433 hlitto
791 3362 855 3432 alio
876 3360 933 3432 SS.
955 3362 1163 3432 testimonia.
1278 3383 1281 3390 ‘

274 3456 307 3526 Si
327 3457 431 3546 igitur
449 3456 674 3546 ex'primaeva
688 3495 691 3501 -
706 3477 765 3525 sua
787 3454 994 3526 institutione
1027 3454 1164 3524 firmum

226 3561 288 3635 est,
311 3562 411 3641 atque
430 3550 658 3620 indissolubile
679 3549 943 3634 matrimonium
959 3549 987 3618 si
999 3546 1167 3641 Christus,
