2642 4175
292 364 359 422 iso
611 370 772 421 mmm
788 375 811 421 1.
883 336 891 347 “

208 488 212 505 ’
245 474 280 545 la
301 475 494 557 ccmcicnce,
515 478 630 563 ὀροωε
646 475 737 544 mma
753 475 787 541 lo
805 476 996 559 mamistam,
1019 485 1050 544 ct
1067 497 1182 549 coacu-

244 568 319 637 lu'ne
336 569 426 638 selon
446 568 480 636 ln
496 567 554 637 lei.
573 591 588 634 n

289 660 379 741 Quae
398 682 474 731 cum
494 661 539 730 ita
558 661 636 745 sint,
657 659 755 730 officii
775 660 878 731 nostri
896 662 982 732 ratio
1002 663 1101 731 modo
1122 684 1182 751 po·

243 755 358 838 stulat,
380 768 418 826 ut
435 755 630 845 praecipuos
648 774 754 838 casus,
777 756 835 845 qui
856 755 989 845 aliquod
1013 757 1180 825 facessere

243 848 412 938 nogotium
432 858 592 938 meunt,
619 847 655 917 in
678 847 739 916 hac
755 849 897 917 secunda
915 859 1009 939 parte
1029 869 1179 939 expona-

244 960 329 1026 mus,
345 942 471 1032 etquid
490 942 524 1010 in
545 942 633 1031 praxi
652 942 828 1030 agendum,
848 943 1105 1032 faciendumque
1118 943 1176 1027 sit,

152 1044 155 1049 ’
243 1034 388 1106 breviter
407 1035 602 1106 indicemus.
623 1034 677 1104 Sic
692 1035 779 1105 enim
795 1036 882 1105 haud
895 1036 1031 1105 difficile
1042 1036 1111 1105 erit
1123 1037 1180 1105 de·

139 1170 143 1179 ·
241 1148 400 1215 cernere,
422 1130 632 1220 quandonam
664 1141 699 1199 ct
729 1129 896 1218 quomodo
924 1129 1177 1199 matrimonium

242 1221 335 1293 civile
354 1235 387 1293 et
416 1222 698 1306 ecclesiasticum,
733 1223 866 1294 attentis
892 1222 1137 1313 impedimentis
1159 1246 1178 1291 a

242 1313 315 1385 iure
333 1316 492 1387 canonico
512 1326 546 1385 ct
564 1315 650 1384 civili
673 1317 900 1407 praescriptis,
915 1337 1032 1386 secure
1051 1330 1086 1388 et
1101 1317 1178 1386 sine

241 1409 331 1498 gravi
349 1408 557 1479 incommodo
578 1409 728 1478 contrahi
748 1410 862 1500 possit.

286 1501 464 1583 Quaeritur
480 1503 592 1592 itaque
611 1502 648 1569 l⁰
668 1505 834 1592 quomodo
849 1504 1015 1592 agendum
1035 1502 1080 1573 sit
1099 1523 1179 1571 cum

241 1596 444 1684 poenitente,
474 1597 523 1665 vel
544 1596 757 1685 parochiano.
791 1597 847 1686 qui
869 1596 1119 1667 matrimonium
1140 1595 1180 1664 in

238 1688 355 1759 facicm
376 1702 502 1760 tantum
524 1688 702 1774 Ecclesiae,
724 1689 918 1779 posthabitis
938 1690 1089 1758 civilibus
1108 1690 1181 1758 ior·
1256 1743 1260 1746 .

242 1782 315 1863 mis,
334 1782 476 1853 intendit
494 1781 602 1852 inire‘l
627 1782 781 1864 Quamvis
799 1805 915 1854 rerum
934 1783 1083 1871 fidelium
1106 1803 1180 1850 ma·

240 1875 434 1947 trimcnium
455 1877 490 1947 in
518 1876 600 1945 locis
628 1876 686 1947 ubi
716 1877 805 1966 viget
829 1877 1062 1948 Tridentiuum
1081 1877 1174 1944 decr.

239 1989 311 2059 cap,
332 1969 366 2054 l,
384 1990 465 2043 sess.
488 1988 576 2053 xxm,
597 1982 670 2041 tum
690 1971 797 2041 solum
819 1971 1047 2054 contrahatur,
1070 1990 1173 2059 quum

238 2062 288 2131 vir
308 2075 341 2134 et
359 2064 491 2149 mulier,
510 2063 824 2152 impedimentorum
841 2076 1003 2156 expertes,
1020 2074 1176 2133 mutuum
1215 2066 1219 2069 ’

241 2177 436 2228 consensum
456 2158 659 2249 patefaciunt
678 2179 787 2228 corant
806 2157 954 2227 Parocho
972 2171 1006 2228 et
1023 2157 1175 2239 testibus,

241 2253 421 2322 secundum
436 2252 699 2343 praescriptama
712 2251 905 2322 Tridentino
913 2251 1066 2334 formam,
1079 2261 1179 2340 atque

243 2344 286 2414 ita
298 2357 501 2416 contractum
518 2345 767 2416 matrimonium
781 2366 913 2416 omnem
927 2346 1177 2415 suumvalorem

242 2437 399 2523 obtineat,
420 2460 481 2509 nac
498 2460 580 2529 opus
599 2439 653 2521 sit,
677 2450 713 2507 ut
733 2461 750 2507 a
770 2438 855 2510 civili
875 2450 1037 2529 potestate
1067 2448 1176 2507 ratum

243 2531 404 2600 habeatur
423 2546 481 2603 aut
499 2533 734 2614 confirmatum
756 2542 900 2601 attamen
919 2534 1011 2601 valde
1032 2532 1176 2621 expedit,

244 2634 282 2692 ut
301 2625 463 2713 parochus
484 2626 524 2696 ad
554 2624 756 2698 connubium
777 2626 1011 2694 celebrandum
1036 2645 1177 2715 sponsos

244 2736 310 2786 non
331 2718 492 2800 admittat,
511 2717 575 2788 uisi
592 2719 680 2789 serio
698 2718 731 2787 in
751 2730 971 2801 antecessum,
993 2740 1108 2787 coram
1130 2730 1176 2788 tc-

245 2809 350 2880 stibus
364 2811 475 2896 etiam,
494 2811 520 2881 si
536 2823 697 2902 oporteat,
713 2812 937 2902 promiserint,
954 2813 1045 2900 leges
1062 2833 1178 2881 omncs

247 2905 415 2976 deformis
432 2906 580 2975 civilibus
597 2905 751 2994 religiose
770 2925 805 2974 se
822 2927 893 2976 esse
910 2916 1121 2988 servaturos;
1140 2926 1177 2973 ea

247 3010 356 3068 tamen
377 2999 570 3082 intentione,
588 3012 624 3068 ut
639 2999 785 3069 sistendo
802 3019 837 3068 se
854 2998 1011 3068 Gubernii
1029 2999 1175 3081 officiali,

201 3161 217 3182 N
247 3091 294 3160 nil
315 3092 404 3161 aliud
436 3093 578 3177 iaciant,
609 3114 708 3183 quam
731 3104 767 3163 ut
784 3092 912 3161 ciuilem
932 3092 1176 3161 caeremoniam
1247 3116 1257 3130 ·

248 3196 480 3276 exsequantur,
502 3196 539 3255 ut
554 3188 649 3255 docet
668 3184 864 3254 Benedictus
883 3184 948 3253 Xlll
962 3184 1069 3268 Brevi,
1091 3186 1177 3254 Ran-

248 3299 346 3349 nrriu
366 3298 451 3349 suun
469 3278 709 3369 uonrsllsapt.
721 3276 826 3347 1746.
847 3278 1010 3359 Quantum
1027 3277 1176 3347 utilitatis

250 3394 287 3442 ex
303 3373 365 3442 hac
383 3373 558 3464 sponsione
578 3374 654 3443 inde
674 3372 861 3456 derivetur,
886 3366 985 3463 a'tque
1018 3372 1172 3452 accedat,

249 3486 347 3535 nemo
367 3488 446 3538 sane
465 3480 525 3551 est,
547 3466 605 3557 qui
625 3487 692 3537 non
710 3466 830 3536 rideat.
852 3465 981 3535 Etenim
1006 3464 1043 3532 l⁰
1063 3466 1173 3535 sinon
1283 3461 1287 3468 '

250 3559 356 3627 omnis
375 3560 503 3649 sponsis
521 3561 736 3654 praepeditur
746 3560 809 3645 via,
831 3560 945 3630 saltem
964 3559 998 3628 in
1015 3571 1111 3649 parte
1125 3577 1174 3626 oc·
