<?xml version="1.0" encoding="UTF-8"?>
<!DOCTYPE html PUBLIC "-//W3C//DTD XHTML 1.0 Transitional//EN"
    "http://www.w3.org/TR/xhtml1/DTD/xhtml1-transitional.dtd">
<html xmlns="http://www.w3.org/1999/xhtml" xml:lang="en" lang="en">
 <head>
  <title>
</title>
<meta http-equiv="Content-Type" content="text/html;charset=utf-8" />
  <meta name='ocr-system' content='tesseract 3.04.00' />
  <meta name='ocr-capabilities' content='ocr_page ocr_carea ocr_par ocr_line ocrx_word'/>
</head>
<body>
  <div class='ocr_page' id='page_1' title='image "./septimiimariaev00veccgoog_0167.png"; bbox 0 0 2642 4175; ppageno 0'>
   <div class='ocr_carea' id='block_1_1' title="bbox 350 375 1049 434">
    <p class='ocr_par' dir='ltr' id='par_1_1' title="bbox 350 375 1049 434">
     <span class='ocr_line' id='line_1_1' title="bbox 350 375 1049 434; baseline 0 -2"><span class='ocrx_word' id='word_1_1' title='bbox 350 388 395 432; x_wconf 83' lang='lat' dir='ltr'>nn</span> <span class='ocrx_word' id='word_1_2' title='bbox 413 387 648 433; x_wconf 70' lang='lat' dir='ltr'>macomariam</span> <span class='ocrx_word' id='word_1_3' title='bbox 667 389 865 434; x_wconf 78' lang='lat' dir='ltr'>narumonn</span> <span class='ocrx_word' id='word_1_4' title='bbox 985 375 1049 432; x_wconf 78' lang='lat'>155</span> 
     </span>
    </p>
   </div>
   <div class='ocr_carea' id='block_1_2' title="bbox 96 485 1101 1139">
    <p class='ocr_par' dir='ltr' id='par_1_2' title="bbox 96 485 1101 1139">
     <span class='ocr_line' id='line_1_2' title="bbox 96 485 1097 576; baseline 0.001 -21"><span class='ocrx_word' id='word_1_5' title='bbox 96 490 100 498; x_wconf 90' lang='lat'>&#39;</span> <span class='ocrx_word' id='word_1_6' title='bbox 157 506 198 555; x_wconf 88' lang='lat' dir='ltr'>se</span> <span class='ocrx_word' id='word_1_7' title='bbox 216 486 466 574; x_wconf 89' lang='lat' dir='ltr'>coniunguntur</span> <span class='ocrx_word' id='word_1_8' title='bbox 484 507 525 556; x_wconf 92' lang='lat' dir='ltr'>eo</span> <span class='ocrx_word' id='word_1_9' title='bbox 544 487 633 576; x_wconf 92' lang='lat' dir='ltr'>quod</span> <span class='ocrx_word' id='word_1_10' title='bbox 654 487 695 556; x_wconf 93' lang='lat' dir='ltr'>ab</span> <span class='ocrx_word' id='word_1_11' title='bbox 727 507 811 569; x_wconf 90' lang='lat' dir='ltr'>uuo,</span> <span class='ocrx_word' id='word_1_12' title='bbox 839 495 897 556; x_wconf 87' lang='lat' dir='ltr'>aut</span> <span class='ocrx_word' id='word_1_13' title='bbox 921 485 1097 576; x_wconf 76' lang='lat' dir='ltr'>multiplici</span> 
     </span>
     <span class='ocr_line' id='line_1_3' title="bbox 157 578 1050 670; baseline -0.002 -21"><span class='ocrx_word' id='word_1_14' title='bbox 157 579 275 668; x_wconf 80' lang='lat' dir='ltr'>stipite</span> <span class='ocrx_word' id='word_1_15' title='bbox 294 579 525 670; x_wconf 87' lang='lat' dir='ltr'>multipliciter</span> <span class='ocrx_word' id='word_1_16' title='bbox 540 600 579 649; x_wconf 89' lang='lat' dir='ltr'>ac</span> <span class='ocrx_word' id='word_1_17' title='bbox 594 580 731 650; x_wconf 87' lang='lat' dir='ltr'>diversis</span> <span class='ocrx_word' id='word_1_18' title='bbox 746 580 817 661; x_wconf 88' lang='lat' dir='ltr'>viis,</span> <span class='ocrx_word' id='word_1_19' title='bbox 832 578 1050 651; x_wconf 89' lang='lat' dir='ltr'>descendunt.</span> 
     </span>
     <span class='ocr_line' id='line_1_4' title="bbox 212 673 1101 764; baseline 0.001 -23"><span class='ocrx_word' id='word_1_20' title='bbox 212 673 418 742; x_wconf 77' lang='lat' dir='ltr'>Matrimonia</span> <span class='ocrx_word' id='word_1_21' title='bbox 450 673 538 744; x_wconf 91' lang='lat' dir='ltr'>inter</span> <span class='ocrx_word' id='word_1_22' title='bbox 562 674 826 764; x_wconf 88' lang='lat' dir='ltr'>consanguineos</span> <span class='ocrx_word' id='word_1_23' title='bbox 844 675 942 745; x_wconf 85' lang='lat' dir='ltr'>vetita</span> <span class='ocrx_word' id='word_1_24' title='bbox 963 684 1042 742; x_wconf 88' lang='lat' dir='ltr'>sunt</span> <span class='ocrx_word' id='word_1_25' title='bbox 1057 674 1101 743; x_wconf 94' lang='lat' dir='ltr'>ob</span> 
     </span>
     <span class='ocr_line' id='line_1_5' title="bbox 161 766 1096 856; baseline 0.002 -22"><span class='ocrx_word' id='word_1_26' title='bbox 161 766 330 856; x_wconf 83' lang='lat' dir='ltr'>triplicem</span> <span class='ocrx_word' id='word_1_27' title='bbox 351 767 561 856; x_wconf 87' lang='lat' dir='ltr'>potissimum</span> <span class='ocrx_word' id='word_1_28' title='bbox 579 790 711 838; x_wconf 88' lang='lat' dir='ltr'>causam</span> <span class='ocrx_word' id='word_1_29' title='bbox 730 791 737 836; x_wconf 75' lang='grc' dir='ltr'>ε</span> <span class='ocrx_word' id='word_1_30' title='bbox 758 766 1096 852; x_wconf 67' lang='lat' dir='ltr'>turrecremata,</span> 
     </span>
     <span class='ocr_line' id='line_1_6' title="bbox 161 861 1101 951; baseline 0.003 -23"><span class='ocrx_word' id='word_1_31' title='bbox 161 880 265 949; x_wconf 90' lang='lat' dir='ltr'>quam</span> <span class='ocrx_word' id='word_1_32' title='bbox 286 861 525 951; x_wconf 77' lang='lat' dir='ltr'>consanguinei</span> <span class='ocrx_word' id='word_1_33' title='bbox 545 861 607 931; x_wconf 90' lang='lat' dir='ltr'>sibi</span> <span class='ocrx_word' id='word_1_34' title='bbox 628 875 745 934; x_wconf 90' lang='lat' dir='ltr'>mutuo</span> <span class='ocrx_word' id='word_1_35' title='bbox 772 863 895 932; x_wconf 87' lang='lat' dir='ltr'>debent</span> <span class='ocrx_word' id='word_1_36' title='bbox 913 883 952 931; x_wconf 86' lang='lat' dir='ltr'>ex</span> <span class='ocrx_word' id='word_1_37' title='bbox 970 861 1101 950; x_wconf 80' lang='lat' dir='ltr'>origine</span> 
     </span>
     <span class='ocr_line' id='line_1_7' title="bbox 161 953 1101 1045; baseline 0.003 -22"><span class='ocrx_word' id='word_1_38' title='bbox 161 954 209 1023; x_wconf 91' lang='lat' dir='ltr'>ab</span> <span class='ocrx_word' id='word_1_39' title='bbox 227 953 341 1024; x_wconf 92' lang='lat' dir='ltr'>eodem</span> <span class='ocrx_word' id='word_1_40' title='bbox 362 955 475 1044; x_wconf 85' lang='lat' dir='ltr'>stipite</span> <span class='ocrx_word' id='word_1_41' title='bbox 492 967 526 1025; x_wconf 90' lang='lat' dir='ltr'>et</span> <span class='ocrx_word' id='word_1_42' title='bbox 544 957 717 1045; x_wconf 87' lang='lat' dir='ltr'>sanguinis</span> <span class='ocrx_word' id='word_1_43' title='bbox 733 956 978 1025; x_wconf 87' lang='lat' dir='ltr'>communione.</span> <span class='ocrx_word' id='word_1_44' title='bbox 996 954 1038 1022; x_wconf 79' lang='lat' dir='ltr'>ll.</span> <span class='ocrx_word' id='word_1_45' title='bbox 1052 955 1101 1025; x_wconf 85' lang='lat' dir='ltr'>Ob</span> 
     </span>
     <span class='ocr_line' id='line_1_8' title="bbox 162 1046 1101 1139; baseline 0.001 -23"><span class='ocrx_word' id='word_1_46' title='bbox 162 1046 362 1132; x_wconf 88' lang='lat' dir='ltr'>caritatem,</span> <span class='ocrx_word' id='word_1_47' title='bbox 387 1069 474 1138; x_wconf 87' lang='lat' dir='ltr'>quae</span> <span class='ocrx_word' id='word_1_48' title='bbox 503 1051 795 1121; x_wconf 80' lang='lat' dir='ltr'>matrimoniorum</span> <span class='ocrx_word' id='word_1_49' title='bbox 826 1048 1101 1139; x_wconf 86' lang='lat' dir='ltr'>multiplicatione</span> 
     </span>
    </p>
   </div>
   <div class='ocr_carea' id='block_1_3' title="bbox 31 1142 1099 1214">
    <p class='ocr_par' dir='ltr' id='par_1_3' title="bbox 31 1142 1099 1214">
     <span class='ocr_line' id='line_1_9' title="bbox 31 1142 1099 1214; baseline 0.001 -5"><span class='ocrx_word' id='word_1_50' title='bbox 31 1184 37 1197; x_wconf 89' lang='lat'><strong>·</strong></span> <span class='ocrx_word' id='word_1_51' title='bbox 159 1161 243 1209; x_wconf 90' lang='lat' dir='ltr'>cnm</span> <span class='ocrx_word' id='word_1_52' title='bbox 264 1142 429 1211; x_wconf 81' lang='lat' dir='ltr'>extraneis</span> <span class='ocrx_word' id='word_1_53' title='bbox 455 1143 553 1212; x_wconf 86' lang='lat' dir='ltr'>latius</span> <span class='ocrx_word' id='word_1_54' title='bbox 583 1143 781 1214; x_wconf 85' lang='lat' dir='ltr'>dillunditur</span> <span class='ocrx_word' id='word_1_55' title='bbox 800 1155 833 1213; x_wconf 91' lang='lat' dir='ltr'>et</span> <span class='ocrx_word' id='word_1_56' title='bbox 851 1143 1099 1212; x_wconf 87' lang='lat' dir='ltr'>corroboratur.</span> 
     </span>
    </p>
   </div>
   <div class='ocr_carea' id='block_1_4' title="bbox 159 1233 1105 2077">
    <p class='ocr_par' dir='ltr' id='par_1_4' title="bbox 159 1233 1105 2077">
     <span class='ocr_line' id='line_1_10' title="bbox 159 1233 1103 1329; baseline 0.005 -27"><span class='ocrx_word' id='word_1_57' title='bbox 159 1233 225 1302; x_wconf 92' lang='lat' dir='ltr'>lll.</span> <span class='ocrx_word' id='word_1_58' title='bbox 242 1234 289 1304; x_wconf 86' lang='lat' dir='ltr'>Ob</span> <span class='ocrx_word' id='word_1_59' title='bbox 314 1236 600 1325; x_wconf 88' lang='lat' dir='ltr'>concupiscentiae</span> <span class='ocrx_word' id='word_1_60' title='bbox 619 1237 919 1329; x_wconf 86' lang='lat' dir='ltr'>compressionem,</span> <span class='ocrx_word' id='word_1_61' title='bbox 942 1238 995 1305; x_wconf 90' lang='lat' dir='ltr'>cui</span> <span class='ocrx_word' id='word_1_62' title='bbox 1016 1235 1103 1306; x_wconf 83' lang='lat' dir='ltr'>frae-</span> 
     </span>
     <span class='ocr_line' id='line_1_11' title="bbox 161 1330 1103 1416; baseline 0.001 -19"><span class='ocrx_word' id='word_1_63' title='bbox 161 1349 247 1398; x_wconf 89' lang='lat' dir='ltr'>num</span> <span class='ocrx_word' id='word_1_64' title='bbox 281 1330 384 1398; x_wconf 82' lang='lat' dir='ltr'>larari</span> <span class='ocrx_word' id='word_1_65' title='bbox 415 1330 569 1416; x_wconf 85' lang='lat' dir='ltr'>videtur,</span> <span class='ocrx_word' id='word_1_66' title='bbox 592 1332 618 1400; x_wconf 90' lang='lat' dir='ltr'>si</span> <span class='ocrx_word' id='word_1_67' title='bbox 641 1332 892 1401; x_wconf 88' lang='lat' dir='ltr'>matrimonium</span> <span class='ocrx_word' id='word_1_68' title='bbox 928 1331 1015 1400; x_wconf 89' lang='lat' dir='ltr'>inter</span> <span class='ocrx_word' id='word_1_69' title='bbox 1048 1350 1103 1400; x_wconf 86' lang='lat' dir='ltr'>eas</span> 
     </span>
     <span class='ocr_line' id='line_1_12' title="bbox 162 1424 1105 1517; baseline 0.002 -26"><span class='ocrx_word' id='word_1_70' title='bbox 162 1443 327 1512; x_wconf 86' lang='lat' dir='ltr'>personas</span> <span class='ocrx_word' id='word_1_71' title='bbox 352 1425 513 1494; x_wconf 85' lang='lat' dir='ltr'>contrahi</span> <span class='ocrx_word' id='word_1_72' title='bbox 545 1437 679 1515; x_wconf 87' lang='lat' dir='ltr'>posset,</span> <span class='ocrx_word' id='word_1_73' title='bbox 702 1447 788 1517; x_wconf 88' lang='lat' dir='ltr'>quae</span> <span class='ocrx_word' id='word_1_74' title='bbox 814 1438 872 1495; x_wconf 89' lang='lat' dir='ltr'>aut</span> <span class='ocrx_word' id='word_1_75' title='bbox 899 1424 1020 1515; x_wconf 90' lang='lat' dir='ltr'>passim</span> <span class='ocrx_word' id='word_1_76' title='bbox 1041 1424 1105 1494; x_wconf 90' lang='lat' dir='ltr'>sub</span> 
     </span>
     <span class='ocr_line' id='line_1_13' title="bbox 161 1516 1105 1602; baseline 0.001 -15"><span class='ocrx_word' id='word_1_77' title='bbox 161 1516 292 1587; x_wconf 86' lang='lat' dir='ltr'>eisdem</span> <span class='ocrx_word' id='word_1_78' title='bbox 331 1517 426 1586; x_wconf 91' lang='lat' dir='ltr'>tectis</span> <span class='ocrx_word' id='word_1_79' title='bbox 456 1531 729 1602; x_wconf 90' lang='lat' dir='ltr'>commorantur,</span> <span class='ocrx_word' id='word_1_80' title='bbox 759 1530 817 1588; x_wconf 91' lang='lat' dir='ltr'>aot</span> <span class='ocrx_word' id='word_1_81' title='bbox 836 1521 952 1589; x_wconf 88' lang='lat' dir='ltr'>saltem</span> <span class='ocrx_word' id='word_1_82' title='bbox 981 1519 1105 1588; x_wconf 90' lang='lat' dir='ltr'>babent</span> 
     </span>
     <span class='ocr_line' id='line_1_14' title="bbox 162 1610 1105 1683; baseline 0.001 -4"><span class='ocrx_word' id='word_1_83' title='bbox 162 1610 328 1680; x_wconf 88' lang='lat' dir='ltr'>maiorem</span> <span class='ocrx_word' id='word_1_84' title='bbox 364 1611 551 1682; x_wconf 88' lang='lat' dir='ltr'>libertatem</span> <span class='ocrx_word' id='word_1_85' title='bbox 579 1635 616 1682; x_wconf 85' lang='lat' dir='ltr'>ae</span> <span class='ocrx_word' id='word_1_86' title='bbox 644 1613 812 1683; x_wconf 86' lang='lat' dir='ltr'>licentiam</span> <span class='ocrx_word' id='word_1_87' title='bbox 846 1611 1105 1682; x_wconf 83' lang='lat' dir='ltr'>familiarissime</span> 
     </span>
     <span class='ocr_line' id='line_1_15' title="bbox 161 1703 1104 1795; baseline 0 -21"><span class='ocrx_word' id='word_1_88' title='bbox 161 1703 295 1774; x_wconf 89' lang='lat' dir='ltr'>utendi.</span> <span class='ocrx_word' id='word_1_89' title='bbox 315 1704 592 1795; x_wconf 85' lang='lat' dir='ltr'>Consanguinitas</span> <span class='ocrx_word' id='word_1_90' title='bbox 617 1719 728 1778; x_wconf 89' lang='lat' dir='ltr'>antem</span> <span class='ocrx_word' id='word_1_91' title='bbox 752 1707 1003 1777; x_wconf 88' lang='lat' dir='ltr'>matrimonium</span> <span class='ocrx_word' id='word_1_92' title='bbox 1023 1705 1104 1774; x_wconf 91' lang='lat' dir='ltr'>diri-</span> 
     </span>
     <span class='ocr_line' id='line_1_16' title="bbox 162 1798 1102 1891; baseline 0.003 -24"><span class='ocrx_word' id='word_1_93' title='bbox 162 1798 230 1867; x_wconf 89' lang='lat' dir='ltr'>mit</span> <span class='ocrx_word' id='word_1_94' title='bbox 249 1798 336 1869; x_wconf 91' lang='lat' dir='ltr'>inter</span> <span class='ocrx_word' id='word_1_95' title='bbox 365 1801 526 1889; x_wconf 89' lang='lat' dir='ltr'>quosdam</span> <span class='ocrx_word' id='word_1_96' title='bbox 551 1802 675 1888; x_wconf 90' lang='lat' dir='ltr'>gradus</span> <span class='ocrx_word' id='word_1_97' title='bbox 705 1801 825 1891; x_wconf 91' lang='lat' dir='ltr'>partim</span> <span class='ocrx_word' id='word_1_98' title='bbox 847 1802 921 1890; x_wconf 86' lang='lat' dir='ltr'>lege</span> <span class='ocrx_word' id='word_1_99' title='bbox 949 1813 1102 1885; x_wconf 88' lang='lat' dir='ltr'>naturae,</span> 
     </span>
     <span class='ocr_line' id='line_1_17' title="bbox 162 1891 1105 1985; baseline 0.002 -24"><span class='ocrx_word' id='word_1_100' title='bbox 162 1891 287 1983; x_wconf 90' lang='lat' dir='ltr'>partim</span> <span class='ocrx_word' id='word_1_101' title='bbox 317 1893 392 1981; x_wconf 83' lang='lat' dir='ltr'>lege</span> <span class='ocrx_word' id='word_1_102' title='bbox 422 1893 572 1983; x_wconf 87' lang='lat' dir='ltr'>positiva.</span> <span class='ocrx_word' id='word_1_103' title='bbox 608 1895 684 1964; x_wconf 90' lang='lat' dir='ltr'>lure</span> <span class='ocrx_word' id='word_1_104' title='bbox 714 1895 852 1985; x_wconf 88' lang='lat' dir='ltr'>positivo</span> <span class='ocrx_word' id='word_1_105' title='bbox 883 1894 1105 1963; x_wconf 88' lang='lat' dir='ltr'>ecclesiastico</span> 
     </span>
     <span class='ocr_line' id='line_1_18' title="bbox 163 1986 1105 2077; baseline 0.001 -23"><span class='ocrx_word' id='word_1_106' title='bbox 163 1986 437 2075; x_wconf 77' lang='lat' dir='ltr'>consanguinitas</span> <span class='ocrx_word' id='word_1_107' title='bbox 455 1987 489 2056; x_wconf 91' lang='lat' dir='ltr'>in</span> <span class='ocrx_word' id='word_1_108' title='bbox 510 1988 661 2077; x_wconf 87' lang='lat' dir='ltr'>quolibet</span> <span class='ocrx_word' id='word_1_109' title='bbox 682 1988 787 2077; x_wconf 87' lang='lat' dir='ltr'>gradu</span> <span class='ocrx_word' id='word_1_110' title='bbox 810 1988 920 2058; x_wconf 90' lang='lat' dir='ltr'>lineae</span> <span class='ocrx_word' id='word_1_111' title='bbox 940 1999 1050 2057; x_wconf 91' lang='lat' dir='ltr'>rectae</span> <span class='ocrx_word' id='word_1_112' title='bbox 1070 2007 1105 2055; x_wconf 90' lang='lat' dir='ltr'>a·</span> 
     </span>
    </p>
   </div>
   <div class='ocr_carea' id='block_1_5' title="bbox 163 2079 1229 2169">
    <p class='ocr_par' dir='ltr' id='par_1_5' title="bbox 163 2079 1229 2169">
     <span class='ocr_line' id='line_1_19' title="bbox 163 2079 1229 2169; baseline -0.002 -19"><span class='ocrx_word' id='word_1_113' title='bbox 163 2079 423 2168; x_wconf 88' lang='lat' dir='ltr'>scendentium,</span> <span class='ocrx_word' id='word_1_114' title='bbox 446 2082 495 2152; x_wconf 91' lang='lat' dir='ltr'>vel</span> <span class='ocrx_word' id='word_1_115' title='bbox 516 2081 788 2152; x_wconf 87' lang='lat' dir='ltr'>descendentium</span> <span class='ocrx_word' id='word_1_116' title='bbox 821 2081 955 2169; x_wconf 89' lang='lat' dir='ltr'>nuptias</span> <span class='ocrx_word' id='word_1_117' title='bbox 980 2079 1108 2149; x_wconf 88' lang='lat' dir='ltr'>dirimit</span> <span class='ocrx_word' id='word_1_118' title='bbox 1226 2134 1229 2140; x_wconf 92' lang='lat'><em>.</em></span> 
     </span>
    </p>
   </div>
   <div class='ocr_carea' id='block_1_6' title="bbox 165 2173 1107 2550">
    <p class='ocr_par' dir='ltr' id='par_1_6' title="bbox 165 2173 1107 2550">
     <span class='ocr_line' id='line_1_20' title="bbox 165 2173 1106 2262; baseline -0.002 -18"><span class='ocrx_word' id='word_1_119' title='bbox 165 2176 201 2244; x_wconf 90' lang='lat' dir='ltr'>in</span> <span class='ocrx_word' id='word_1_120' title='bbox 218 2173 401 2245; x_wconf 88' lang='lat' dir='ltr'>inlinitum.</span> <span class='ocrx_word' id='word_1_121' title='bbox 421 2177 465 2244; x_wconf 88' lang='lat' dir='ltr'>lta</span> <span class='ocrx_word' id='word_1_122' title='bbox 485 2177 641 2246; x_wconf 89' lang='lat' dir='ltr'>Nicolans</span> <span class='ocrx_word' id='word_1_123' title='bbox 660 2175 674 2242; x_wconf 98' lang='lat' dir='ltr'>l</span> <span class='ocrx_word' id='word_1_124' title='bbox 695 2176 735 2244; x_wconf 91' lang='lat' dir='ltr'>ad</span> <span class='ocrx_word' id='word_1_125' title='bbox 760 2175 916 2244; x_wconf 88' lang='lat' dir='ltr'>Consulta</span> <span class='ocrx_word' id='word_1_126' title='bbox 945 2173 1106 2262; x_wconf 81' lang='lat' dir='ltr'>bulgaro·</span> 
     </span>
     <span class='ocr_line' id='line_1_21' title="bbox 166 2265 1107 2359; baseline -0.002 -23"><span class='ocrx_word' id='word_1_127' title='bbox 166 2289 242 2338; x_wconf 90' lang='lat' dir='ltr'>rum</span> <span class='ocrx_word' id='word_1_128' title='bbox 261 2290 333 2359; x_wconf 87' lang='lat' dir='ltr'>cap.</span> <span class='ocrx_word' id='word_1_129' title='bbox 351 2265 397 2337; x_wconf 80' lang='lat'>39</span> <span class='ocrx_word' id='word_1_130' title='bbox 420 2293 434 2335; x_wconf 81' lang='lat' dir='ltr'>r</span> <span class='ocrx_word' id='word_1_131' title='bbox 457 2269 544 2338; x_wconf 88' lang='lat' dir='ltr'>inter</span> <span class='ocrx_word' id='word_1_132' title='bbox 564 2290 749 2359; x_wconf 85' lang='lat' dir='ltr'>personas,</span> <span class='ocrx_word' id='word_1_133' title='bbox 773 2267 906 2358; x_wconf 92' lang='lat' dir='ltr'>inquit,</span> <span class='ocrx_word' id='word_1_134' title='bbox 932 2286 1019 2358; x_wconf 91' lang='lat' dir='ltr'>quae</span> <span class='ocrx_word' id='word_1_135' title='bbox 1050 2287 1107 2357; x_wconf 90' lang='lat' dir='ltr'>pa·</span> 
     </span>
     <span class='ocr_line' id='line_1_22' title="bbox 166 2361 1107 2444; baseline -0.002 -14"><span class='ocrx_word' id='word_1_136' title='bbox 166 2372 301 2432; x_wconf 91' lang='lat' dir='ltr'>rentum</span> <span class='ocrx_word' id='word_1_137' title='bbox 323 2362 547 2432; x_wconf 85' lang='lat' dir='ltr'>liberorumve</span> <span class='ocrx_word' id='word_1_138' title='bbox 572 2365 681 2432; x_wconf 91' lang='lat' dir='ltr'>locum</span> <span class='ocrx_word' id='word_1_139' title='bbox 703 2365 790 2431; x_wconf 84' lang='lat' dir='ltr'>inter</span> <span class='ocrx_word' id='word_1_140' title='bbox 806 2384 841 2432; x_wconf 90' lang='lat' dir='ltr'>se</span> <span class='ocrx_word' id='word_1_141' title='bbox 861 2361 1024 2444; x_wconf 88' lang='lat' dir='ltr'>obtinent,</span> <span class='ocrx_word' id='word_1_142' title='bbox 1043 2380 1107 2429; x_wconf 89' lang='lat' dir='ltr'>nu·</span> 
     </span>
     <span class='ocr_line' id='line_1_23' title="bbox 167 2454 1107 2550; baseline -0.004 -24"><span class='ocrx_word' id='word_1_143' title='bbox 167 2454 257 2545; x_wconf 88' lang='lat' dir='ltr'>ptiae</span> <span class='ocrx_word' id='word_1_144' title='bbox 277 2456 428 2525; x_wconf 86' lang='lat' dir='ltr'>contrabi</span> <span class='ocrx_word' id='word_1_145' title='bbox 448 2477 515 2526; x_wconf 91' lang='lat' dir='ltr'>non</span> <span class='ocrx_word' id='word_1_146' title='bbox 534 2469 684 2550; x_wconf 87' lang='lat' dir='ltr'>possunt,</span> <span class='ocrx_word' id='word_1_147' title='bbox 702 2456 802 2527; x_wconf 88' lang='lat' dir='ltr'>veluti</span> <span class='ocrx_word' id='word_1_148' title='bbox 823 2457 910 2525; x_wconf 89' lang='lat' dir='ltr'>inter</span> <span class='ocrx_word' id='word_1_149' title='bbox 928 2467 1056 2546; x_wconf 91' lang='lat' dir='ltr'>patrem</span> <span class='ocrx_word' id='word_1_150' title='bbox 1074 2465 1107 2523; x_wconf 88' lang='lat' dir='ltr'>et</span> 
     </span>
    </p>
   </div>
   <div class='ocr_carea' id='block_1_7' title="bbox 26 2548 1104 2654">
    <p class='ocr_par' dir='ltr' id='par_1_7' title="bbox 26 2548 1104 2654">
     <span class='ocr_line' id='line_1_24' title="bbox 26 2548 1104 2654; baseline -0.006 -34"><span class='ocrx_word' id='word_1_151' title='bbox 26 2577 27 2654; x_wconf 70' lang='lat'><em>}</em></span> <span class='ocrx_word' id='word_1_152' title='bbox 119 2636 123 2642; x_wconf 88' lang='lat'>.</span> <span class='ocrx_word' id='word_1_153' title='bbox 168 2548 286 2619; x_wconf 86' lang='lat' dir='ltr'>filiam:</span> <span class='ocrx_word' id='word_1_154' title='bbox 302 2551 354 2619; x_wconf 76' lang='lat' dir='ltr'>tel</span> <span class='ocrx_word' id='word_1_155' title='bbox 368 2571 464 2619; x_wconf 88' lang='lat' dir='ltr'>avum</span> <span class='ocrx_word' id='word_1_156' title='bbox 477 2560 511 2620; x_wconf 88' lang='lat' dir='ltr'>et</span> <span class='ocrx_word' id='word_1_157' title='bbox 524 2564 672 2641; x_wconf 89' lang='lat' dir='ltr'>neptem,</span> <span class='ocrx_word' id='word_1_158' title='bbox 683 2563 716 2622; x_wconf 88' lang='lat' dir='ltr'>et</span> <span class='ocrx_word' id='word_1_159' title='bbox 726 2571 833 2640; x_wconf 88' lang='lat' dir='ltr'>usque</span> <span class='ocrx_word' id='word_1_160' title='bbox 846 2550 879 2619; x_wconf 91' lang='lat' dir='ltr'>in</span> <span class='ocrx_word' id='word_1_161' title='bbox 894 2548 1104 2619; x_wconf 81' lang='lat' dir='ltr'>inlinitum.»</span> 
     </span>
    </p>
   </div>
   <div class='ocr_carea' id='block_1_8' title="bbox 168 2643 1106 2827">
    <p class='ocr_par' dir='ltr' id='par_1_8' title="bbox 168 2643 1106 2827">
     <span class='ocr_line' id='line_1_25' title="bbox 168 2643 1106 2734; baseline 0.002 -24"><span class='ocrx_word' id='word_1_162' title='bbox 168 2643 209 2711; x_wconf 75' lang='lat' dir='ltr'>At</span> <span class='ocrx_word' id='word_1_163' title='bbox 223 2643 258 2710; x_wconf 92' lang='lat' dir='ltr'>in</span> <span class='ocrx_word' id='word_1_164' title='bbox 276 2643 363 2711; x_wconf 89' lang='lat' dir='ltr'>linea</span> <span class='ocrx_word' id='word_1_165' title='bbox 381 2645 563 2715; x_wconf 87' lang='lat' dir='ltr'>collaterali</span> <span class='ocrx_word' id='word_1_166' title='bbox 581 2645 695 2714; x_wconf 86' lang='lat' dir='ltr'>irritae</span> <span class='ocrx_word' id='word_1_167' title='bbox 710 2649 846 2734; x_wconf 88' lang='lat' dir='ltr'>nuptiae</span> <span class='ocrx_word' id='word_1_168' title='bbox 862 2644 992 2713; x_wconf 86' lang='lat' dir='ltr'>suntad</span> <span class='ocrx_word' id='word_1_169' title='bbox 1006 2649 1106 2732; x_wconf 53' lang='lat' dir='ltr'>quar*</span> 
     </span>
     <span class='ocr_line' id='line_1_26' title="bbox 169 2737 1105 2827; baseline 0.003 -25"><span class='ocrx_word' id='word_1_170' title='bbox 169 2747 240 2803; x_wconf 90' lang='lat' dir='ltr'>tum</span> <span class='ocrx_word' id='word_1_171' title='bbox 261 2757 367 2827; x_wconf 87' lang='lat' dir='ltr'>usqne</span> <span class='ocrx_word' id='word_1_172' title='bbox 387 2737 528 2826; x_wconf 90' lang='lat' dir='ltr'>gradum</span> <span class='ocrx_word' id='word_1_173' title='bbox 550 2737 722 2808; x_wconf 87' lang='lat' dir='ltr'>inclusive.</span> <span class='ocrx_word' id='word_1_174' title='bbox 745 2739 791 2807; x_wconf 92' lang='lat' dir='ltr'>lta</span> <span class='ocrx_word' id='word_1_175' title='bbox 809 2738 992 2808; x_wconf 87' lang='lat' dir='ltr'>Concilium</span> <span class='ocrx_word' id='word_1_176' title='bbox 1011 2737 1105 2806; x_wconf 86' lang='lat' dir='ltr'>bate·</span> 
     </span>
    </p>
   </div>
   <div class='ocr_carea' id='block_1_9' title="bbox 25 2813 1106 2920">
    <p class='ocr_par' dir='ltr' id='par_1_9' title="bbox 25 2813 1106 2920">
     <span class='ocr_line' id='line_1_27' title="bbox 25 2813 1106 2920; baseline 0.001 -24"><span class='ocrx_word' id='word_1_177' title='bbox 25 2813 28 2844; x_wconf 78' lang='lat'>&#39;</span> <span class='ocrx_word' id='word_1_178' title='bbox 118 2873 130 2893; x_wconf 66' lang='lat'><em>0</em></span> <span class='ocrx_word' id='word_1_179' title='bbox 170 2849 312 2899; x_wconf 89' lang='lat' dir='ltr'>ranense</span> <span class='ocrx_word' id='word_1_180' title='bbox 346 2830 380 2898; x_wconf 92' lang='lat' dir='ltr'>in</span> <span class='ocrx_word' id='word_1_181' title='bbox 412 2829 529 2920; x_wconf 88' lang='lat' dir='ltr'>cap.8</span> <span class='ocrx_word' id='word_1_182' title='bbox 561 2832 601 2901; x_wconf 93' lang='lat' dir='ltr'>de</span> <span class='ocrx_word' id='word_1_183' title='bbox 629 2832 796 2920; x_wconf 72' lang='lat' dir='ltr'>consang.</span> <span class='ocrx_word' id='word_1_184' title='bbox 825 2844 859 2901; x_wconf 89' lang='lat' dir='ltr'>et</span> <span class='ocrx_word' id='word_1_185' title='bbox 888 2832 1028 2915; x_wconf 74' lang='lat' dir='ltr'>affinia,</span> <span class='ocrx_word' id='word_1_186' title='bbox 1048 2829 1106 2898; x_wconf 93' lang='lat' dir='ltr'>ubi</span> 
     </span>
    </p>
   </div>
   <div class='ocr_carea' id='block_1_10' title="bbox 169 2921 1107 3016">
    <p class='ocr_par' dir='ltr' id='par_1_10' title="bbox 169 2921 1107 3016">
     <span class='ocr_line' id='line_1_28' title="bbox 169 2921 1107 3016; baseline 0.001 -25"><span class='ocrx_word' id='word_1_187' title='bbox 169 2921 316 3013; x_wconf 86' lang='lat' dir='ltr'>antiquis</span> <span class='ocrx_word' id='word_1_188' title='bbox 334 2923 523 2995; x_wconf 90' lang='lat' dir='ltr'>Canonibus</span> <span class='ocrx_word' id='word_1_189' title='bbox 543 2926 739 3015; x_wconf 89' lang='lat' dir='ltr'>derogatum</span> <span class='ocrx_word' id='word_1_190' title='bbox 759 2937 820 3008; x_wconf 89' lang='lat' dir='ltr'>est,</span> <span class='ocrx_word' id='word_1_191' title='bbox 843 2946 882 2994; x_wconf 86' lang='lat' dir='ltr'>ex</span> <span class='ocrx_word' id='word_1_192' title='bbox 900 2925 1023 3016; x_wconf 87' lang='lat' dir='ltr'>quibus</span> <span class='ocrx_word' id='word_1_193' title='bbox 1040 2943 1107 2992; x_wconf 90' lang='lat' dir='ltr'>ma·</span> 
     </span>
    </p>
   </div>
   <div class='ocr_carea' id='block_1_11' title="bbox 168 3015 1108 3672">
    <p class='ocr_par' dir='ltr' id='par_1_11' title="bbox 168 3015 1108 3672">
     <span class='ocr_line' id='line_1_29' title="bbox 171 3015 1107 3110; baseline 0 -25"><span class='ocrx_word' id='word_1_194' title='bbox 171 3015 327 3086; x_wconf 91' lang='lat' dir='ltr'>trimonia</span> <span class='ocrx_word' id='word_1_195' title='bbox 348 3019 514 3107; x_wconf 89' lang='lat' dir='ltr'>usquead</span> <span class='ocrx_word' id='word_1_196' title='bbox 544 3019 722 3110; x_wconf 88' lang='lat' dir='ltr'>septimum</span> <span class='ocrx_word' id='word_1_197' title='bbox 743 3020 884 3108; x_wconf 83' lang='lat' dir='ltr'>gradum</span> <span class='ocrx_word' id='word_1_198' title='bbox 904 3018 1107 3087; x_wconf 84' lang='lat' dir='ltr'>dirimeban-</span> 
     </span>
     <span class='ocr_line' id='line_1_30' title="bbox 170 3111 1108 3183; baseline 0 -4"><span class='ocrx_word' id='word_1_199' title='bbox 170 3121 238 3179; x_wconf 90' lang='lat' dir='ltr'>tur.</span> <span class='ocrx_word' id='word_1_200' title='bbox 252 3111 330 3182; x_wconf 91' lang='lat' dir='ltr'>lure</span> <span class='ocrx_word' id='word_1_201' title='bbox 346 3124 459 3181; x_wconf 91' lang='lat' dir='ltr'>autem</span> <span class='ocrx_word' id='word_1_202' title='bbox 476 3125 617 3183; x_wconf 90' lang='lat' dir='ltr'>naturae</span> <span class='ocrx_word' id='word_1_203' title='bbox 634 3113 887 3183; x_wconf 88' lang='lat' dir='ltr'>matrimonium</span> <span class='ocrx_word' id='word_1_204' title='bbox 902 3113 1040 3181; x_wconf 88' lang='lat' dir='ltr'>vetitum</span> <span class='ocrx_word' id='word_1_205' title='bbox 1057 3123 1108 3179; x_wconf 83' lang='lat' dir='ltr'>est</span> 
     </span>
     <span class='ocr_line' id='line_1_31' title="bbox 168 3202 1104 3296; baseline -0.003 -24"><span class='ocrx_word' id='word_1_206' title='bbox 168 3203 277 3273; x_wconf 87' lang='lat' dir='ltr'>filium</span> <span class='ocrx_word' id='word_1_207' title='bbox 295 3204 384 3275; x_wconf 90' lang='lat' dir='ltr'>inter</span> <span class='ocrx_word' id='word_1_208' title='bbox 402 3216 436 3276; x_wconf 88' lang='lat' dir='ltr'>et</span> <span class='ocrx_word' id='word_1_209' title='bbox 456 3218 621 3290; x_wconf 89' lang='lat' dir='ltr'>matrem,</span> <span class='ocrx_word' id='word_1_210' title='bbox 643 3219 772 3296; x_wconf 88' lang='lat' dir='ltr'>patrem</span> <span class='ocrx_word' id='word_1_211' title='bbox 806 3207 893 3275; x_wconf 91' lang='lat' dir='ltr'>inter</span> <span class='ocrx_word' id='word_1_212' title='bbox 925 3215 957 3273; x_wconf 91' lang='lat' dir='ltr'>et</span> <span class='ocrx_word' id='word_1_213' title='bbox 987 3202 1104 3271; x_wconf 92' lang='lat' dir='ltr'>filiam.</span> 
     </span>
     <span class='ocr_line' id='line_1_32' title="bbox 169 3295 1107 3389; baseline -0.001 -21"><span class='ocrx_word' id='word_1_214' title='bbox 169 3296 284 3368; x_wconf 90' lang='lat' dir='ltr'>Solum</span> <span class='ocrx_word' id='word_1_215' title='bbox 308 3299 344 3368; x_wconf 92' lang='lat' dir='ltr'>in</span> <span class='ocrx_word' id='word_1_216' title='bbox 364 3299 621 3389; x_wconf 86' lang='lat' dir='ltr'>disputationem</span> <span class='ocrx_word' id='word_1_217' title='bbox 651 3300 850 3384; x_wconf 88' lang='lat' dir='ltr'>adducitur,</span> <span class='ocrx_word' id='word_1_218' title='bbox 871 3319 914 3368; x_wconf 89' lang='lat' dir='ltr'>an</span> <span class='ocrx_word' id='word_1_219' title='bbox 935 3295 1107 3367; x_wconf 89' lang='lat' dir='ltr'>matrimo-</span> 
     </span>
     <span class='ocr_line' id='line_1_33' title="bbox 168 3390 1105 3485; baseline -0.002 -24"><span class='ocrx_word' id='word_1_220' title='bbox 168 3392 263 3461; x_wconf 90' lang='lat' dir='ltr'>nium</span> <span class='ocrx_word' id='word_1_221' title='bbox 287 3392 375 3463; x_wconf 86' lang='lat' dir='ltr'>intor</span> <span class='ocrx_word' id='word_1_222' title='bbox 394 3393 492 3464; x_wconf 86' lang='lat' dir='ltr'>hasce</span> <span class='ocrx_word' id='word_1_223' title='bbox 511 3414 671 3485; x_wconf 87' lang='lat' dir='ltr'>personas</span> <span class='ocrx_word' id='word_1_224' title='bbox 690 3415 730 3465; x_wconf 91' lang='lat' dir='ltr'>eo</span> <span class='ocrx_word' id='word_1_225' title='bbox 751 3394 850 3464; x_wconf 90' lang='lat' dir='ltr'>etiam</span> <span class='ocrx_word' id='word_1_226' title='bbox 870 3412 948 3462; x_wconf 86' lang='lat' dir='ltr'>casu</span> <span class='ocrx_word' id='word_1_227' title='bbox 968 3390 1105 3462; x_wconf 80' lang='lat' dir='ltr'>vetitum</span> 
     </span>
     <span class='ocr_line' id='line_1_34' title="bbox 168 3486 1108 3576; baseline -0.004 -20"><span class='ocrx_word' id='word_1_228' title='bbox 168 3486 224 3569; x_wconf 84' lang='lat' dir='ltr'>sit,</span> <span class='ocrx_word' id='word_1_229' title='bbox 239 3487 557 3576; x_wconf 84' lang='lat' dir='ltr'>quo,deficientibus</span> <span class='ocrx_word' id='word_1_230' title='bbox 570 3488 724 3559; x_wconf 83' lang='lat' dir='ltr'>omnibus</span> <span class='ocrx_word' id='word_1_231' title='bbox 744 3488 827 3557; x_wconf 81' lang='lat' dir='ltr'>aliis</span> <span class='ocrx_word' id='word_1_232' title='bbox 834 3486 1038 3565; x_wconf 85' lang='lat' dir='ltr'>hominibus,</span> <span class='ocrx_word' id='word_1_233' title='bbox 1053 3504 1108 3553; x_wconf 89' lang='lat' dir='ltr'>su·</span> 
     </span>
     <span class='ocr_line' id='line_1_35' title="bbox 169 3581 1104 3672; baseline -0.013 -19"><span class='ocrx_word' id='word_1_234' title='bbox 169 3592 320 3668; x_wconf 74' lang='lat' dir='ltr'>pecasset</span> <span class='ocrx_word' id='word_1_235' title='bbox 335 3582 425 3652; x_wconf 84' lang='lat' dir='ltr'>solus</span> <span class='ocrx_word' id='word_1_236' title='bbox 444 3593 539 3672; x_wconf 86' lang='lat' dir='ltr'>pater</span> <span class='ocrx_word' id='word_1_237' title='bbox 557 3603 633 3652; x_wconf 89' lang='lat' dir='ltr'>cum</span> <span class='ocrx_word' id='word_1_238' title='bbox 652 3583 734 3663; x_wconf 89' lang='lat' dir='ltr'>lilia,</span> <span class='ocrx_word' id='word_1_239' title='bbox 747 3593 805 3653; x_wconf 89' lang='lat' dir='ltr'>aut</span> <span class='ocrx_word' id='word_1_240' title='bbox 817 3581 887 3652; x_wconf 90' lang='lat' dir='ltr'>sola</span> <span class='ocrx_word' id='word_1_241' title='bbox 906 3592 1104 3650; x_wconf 76' lang='lat' dir='ltr'>matercula</span> 
     </span>
    </p>
   </div>
   <div class='ocr_carea' id='block_1_12' title="bbox 0 0 1341 4175">
    <p class='ocr_par' dir='ltr' id='par_1_12' title="bbox 0 0 1341 4175">
     <span class='ocr_line' id='line_1_36' title="bbox 0 0 1341 4175; baseline 0 0"><span class='ocrx_word' id='word_1_242' title='bbox 0 0 1341 4175; x_wconf 95' lang='lat' dir='ltr'> </span> 
     </span>
    </p>
   </div>
  </div>
 </body>
</html>
