2642 4175
511 368 673 416 nrrnnorx
689 369 736 413 ιιι.
978 358 1043 416 627

155 482 230 562 post
246 468 446 558 baptismum
468 482 642 537 remanent
661 489 763 551 mors,
782 468 1003 553 infirmitates,
1017 492 1093 540 con·

156 563 358 653 cupisceutia
377 561 508 652 aliaque
526 561 626 630 huius
644 563 730 631 vitae
747 563 859 645 mola,
882 583 968 652 quae
989 564 1092 653 origi·

99 658 114 676 ‘
157 660 233 727 nole
261 669 432 747 peccatum
467 656 501 724 in
529 653 713 724 humanum
744 675 848 743 genus
880 656 1031 726 effudit«
1057 670 1094 727 ut

157 751 284 821 seilicet
317 749 568 837 intelligamus,
604 749 650 819 ait
681 749 886 836 Augustinus
909 750 1092 820 Euchiridii

159 867 232 934 cap.
257 840 313 929 66,
336 856 469 925 totum,
497 843 585 932 quod
614 842 816 912 salutaribus
844 841 955 931 agitur
978 844 1093 914 Sacra·

160 937 294 1022 mentis,
302 937 461 1025 magisad
472 937 571 1005 fidem
579 948 795 1005 venturorum
809 937 984 1021 bonorum,
993 959 1093 1026 quarn

161 1033 201 1102 ad
222 1029 442 1111 retentionem
457 1030 506 1100 vel
521 1030 731 1120 adeptionem
751 1030 975 1119 praesentium
996 1031 1095 1121 perti·

160 1145 255 1195 nere.
281 1123 455 1193 »Praeter
477 1123 707 1193 remissionem
728 1135 963 1211 peccatorum,
985 1123 1093 1194 divina

160 1219 260 1288 etiam
281 1216 385 1286 virtus
404 1229 438 1287 et
457 1217 563 1307 gratia
586 1215 621 1284 in
640 1217 785 1285 animam
804 1216 959 1306 baptizati
978 1218 1096 1286 dillun·

162 1312 264 1395 ditur,
282 1332 348 1407 qua
368 1311 475 1380 iustus
494 1321 526 1378 et
545 1310 634 1378 lilius
650 1309 708 1379 Dei
725 1309 867 1378 ellioitur
882 1322 915 1379 et
930 1312 969 1379 ad
984 1311 1096 1380 omnia

161 1400 364 1474 christianae
377 1403 509 1493 pietatis
522 1404 627 1474 officia
643 1402 763 1472 babilis
775 1403 925 1472 redditur
928 1405 1098 1494 ,utpossit

161 1499 400 1569 haereditatem
412 1518 530 1588 capere
538 1498 664 1580 salutis
670 1497 709 1566 ad
720 1517 820 1586 quam
830 1497 1096 1588 perbaptismum

160 1604 295 1662 vocatus
314 1605 374 1661 est.
397 1590 562 1661 Peculium
584 1611 719 1682 quoque
750 1603 826 1660 uota
848 1612 907 1661 seu
926 1591 1098 1661 indelebili

161 1685 352 1754 charactere
370 1685 478 1754 anima
499 1686 655 1775 baptizati
674 1685 881 1774 obsignatur,
904 1707 1002 1776 quem
1021 1686 1099 1755 olto·

162 1788 318 1848 rocterem
337 1779 539 1846 dominicum
558 1790 591 1846 et
611 1779 835 1848 characterem
867 1779 998 1867 regium
1031 1780 1099 1848 tlu-

161 1872 315 1958 gustinus
335 1872 493 1960 appellat.
511 1870 613 1939 Porro
632 1871 803 1940 christiani
822 1893 881 1960 per
895 1871 1099 1961 Baptismum

162 1968 197 2034 in
215 1986 330 2034 novam
349 1965 449 2032 vitam
469 1964 657 2052 regenerati
679 1964 827 2034 membra
843 1964 1009 2034 Ecclesiae
1022 1978 1101 2034 sunt

165 2060 307 2150 eiusque
323 2059 414 2147 leges
433 2078 564 2127 servare
585 2068 753 2128 tenentur:
773 2069 873 2147 atque
894 2056 972 2129 hinc
990 2057 1102 2128 inobe-

165 2155 293 2222 dientes
318 2166 352 2223 et
373 2152 423 2221 rei
440 2150 620 2221 criminum
651 2172 712 2241 pro
735 2152 903 2259 qualitate
932 2152 1048 2241 eulpae
1069 2161 1103 2221 et

167 2246 413 2316 inobedientiae
447 2244 614 2315 canonicis
644 2244 761 2335 poeuis
786 2244 862 2314 ab
853 2266 923 2335 rpsn
955 2246 1101 2314 Ecclesia

164 2362 294 2408 summo
315 2340 388 2408 iure
407 2344 614 2408 coercentur

211 2433 345 2502 Materia
367 2432 521 2521 baptismi
543 2445 592 2502 est
612 2454 724 2522 aqua3
758 2378 909 2501 Christus
933 2431 1022 2522 enim
1041 2452 1102 2520 per

167 2548 286 2615 nquam
305 2546 420 2595 omnes
441 2526 629 2615 baptizari
622 2526 728 2609 tussit,
749 2539 782 2595 et
801 2525 940 2615 apostoli
961 2526 995 2593 in
1016 2545 1101 2615 aqua

167 2620 388 2709 baptizarunt.
410 2620 524 2710 Aquae
542 2641 619 2689 vero
639 2620 774 2688 nomine
800 2620 962 2689 naturalis
982 2631 1015 2688 et
1034 2620 1102 2689 ele·

170 2712 329 2782 menteris
346 2733 431 2802 aqua
452 2713 663 2802 intelligitur3
679 2712 792 2781 illicite
808 2726 917 2782 tamen
934 2725 1023 2783 extra
1043 2733 1103 2782 ne·

170 2806 332 2876 cessitatis
354 2826 465 2874 casum
488 2806 522 2873 in
541 2807 682 2875 solemni
703 2805 859 2894 Baptismi
892 2805 1103 2875 administra·

168 2900 261 2970 tione
282 2898 344 2968 alia
369 2897 583 2968 adhiberetur
602 2921 713 2989 aque,
733 2920 832 2989 quam
852 2920 937 2989 quae
962 2898 1102 2967 solemni

170 2993 251 3077 ritu,
275 3004 333 3062 aut
352 2991 488 3061 sabbato
508 3004 621 3062 saneto
638 3005 698 3061 aut
712 2991 745 3061 in
761 2992 932 3081 pervigilio
948 2990 1105 3061 Penteco-

169 3096 236 3156 stes
256 3085 427 3156 benedicta
448 3085 510 3154 luit
530 3097 563 3155 et
583 3085 616 3153 iu
638 3085 825 3175 baptismali
846 3087 935 3156 lente
957 3105 1104 3155 asserva·

172 3191 240 3249 tur.
256 3178 317 3248 Ubi
329 3180 405 3248 lons
420 3178 636 3268 baptismalis,
647 3179 781 3249 attentis
795 3180 969 3262 adiunctis,
986 3178 1103 3248 haberi

171 3272 302 3362 nequit,
319 3293 381 3341 nec
396 3293 481 3361 aqua
498 3272 672 3342 benedicta
693 3273 852 3343 asservari
872 3274 996 3362 absque
1013 3271 1105 3361 gravi

171 3366 380 3435 incommodo
404 3378 529 3454 potest,
552 3366 585 3435 in
607 3366 802 3453 regionibus
821 3367 1005 3436 infidelium
1026 3365 1104 3435 mis·

171 3459 335 3528 sinnarios
355 3457 405 3527 uti
425 3458 574 3566 legitime
594 3481 689 3549 posse
709 3481 795 3549 aqua
815 3460 983 3544 naturali,
1009 3456 1042 3527 S
1065 3458 1101 3526 C

99 3621 103 3624 .
172 3551 402 3643 inquisitionis
417 3551 587 3643 rescripsit
601 3550 621 3622 6
636 3555 714 3643 Apr.
726 3551 830 3639 1745,
842 3565 873 3623 et
886 3552 983 3623 Febr
998 3548 1106 3622 1866.
