2642 4175
282 363 360 420 stu·
597 368 761 416 mmm
779 370 802 415 r.

236 494 330 545 maru
355 471 485 542 iaoiiius
510 469 678 539 resistitur
699 479 833 558 apertae
862 468 1063 550 violentiae,
1086 484 1174 558 qnae

235 566 386 637 animam
406 565 548 643 alienat,
568 563 691 631 nedum
713 561 892 644 oonoiiiat,
914 582 1013 651 quam
1034 562 1176 629 fraudu-

238 657 337 729 imtia
355 657 578 740 sumiauibus,
598 654 754 743 captiosis
772 654 964 738 illecebris,
993 675 1032 724 ao
1051 653 1176 722 sotiiei·

236 751 419 822 tutioribus
436 750 578 832 dolosis,
602 748 725 838 quibus
754 747 924 836 inexperta
954 766 992 816 aa
1010 746 1180 816 versatilis

238 845 349 934 puelia
369 843 637 924 eireumroaitur,
660 841 742 911 saite
761 841 899 923 inditur,
921 841 1014 911 etad
1034 858 1178 909 eonsen-

236 958 311 1006 snm
343 936 576 1026 praestandum
604 934 804 1015 adducitur,
836 934 894 1022 qui
914 933 1089 1020 proiecto,
1112 932 1176 1000 uisi

239 1030 431 1100 huiusmodi
450 1041 521 1098 aeta
541 1026 766 1108 exstitissent,
795 1046 978 1115 numquam
995 1025 1177 1115 praestitus

238 1123 443 1193 essentium
463 1131 574 1192 autem
596 1121 618 1188 ii
639 1131 793 1189 auctores
809 1120 842 1187 id
860 1119 1038 1202 affirmant,
1050 1119 1179 1187 iudices

240 1215 384 1285 monitos
400 1235 472 1284 ease
491 1215 606 1282 volunt
623 1233 664 1281 aa
682 1212 808 1300 vigiles,
828 1224 867 1280 nt
885 1223 1004 1294 naute,
1028 1213 1181 1300 pruden·
1299 1292 1300 1295 Ἴ

241 1321 358 1399 terque
373 1309 407 1376 in
428 1308 491 1375 hoe
510 1306 645 1396 negotio
661 1306 855 1394 procedant.
876 1305 961 1373 Hine
981 1305 1135 1373 Mondou
1153 1314 1178 1373 t.

241 1400 275 1484 1,
296 1423 330 1490 p.
351 1398 416 1469 ddi
440 1401 522 1468 haee
542 1399 665 1469 habet:
688 1397 735 1466 ro
755 1418 794 1465 oe
812 1399 1087 1488 montjomois
1104 1419 1182 1485 pan·

240 1515 360 1563 amaea
373 1494 408 1561 lo
420 1492 540 1561 nuilite
556 1493 733 1581 pn’mttont
749 1491 833 1580 pn'il
851 1511 925 1559 sero
944 1493 1019 1559 dien
1036 1494 1185 1558 cantati

238 1606 303 1675 par
322 1587 367 1654 tea
384 1587 619 1653 eiroonotonees
642 1585 672 1651 l.
695 1605 758 1673 pne
776 1584 811 1652 lo
835 1584 947 1652 liberti
964 1585 1020 1651 des
1035 1589 1143 1672 epona
1162 1606 1185 1651 α

238 1683 289 1746 eti
306 1679 469 1746 animent
487 1678 636 1758 detrude,
655 1686 686 1745 et
709 1677 743 1743 2.
764 1677 881 1765 pa’eile
908 1677 954 1743 i'o
978 1681 1026 1743 ete'
1040 1697 1109 1765 par
1128 1677 1184 1744 dee

241 1772 418 1857 insinuasse
437 1771 625 1838 immorata-s
643 1771 731 1839 etde
744 1779 863 1838 nostae
875 1772 898 1838 ὰ
908 1790 950 1837 ne
959 1770 1102 1858 ponnoir
1117 1772 1184 1837 dire

239 1864 464 1932 amoenans
480 1885 546 1953 par
559 1864 594 1930 ln
607 1864 664 1931 lai.
683 1862 804 1932 Verum
823 1864 905 1931 haec
923 1882 990 1930 non
1007 1862 1091 1930 adeo
1111 1882 1185 1930 mo·

243 1969 393 2027 mentesa
412 1969 502 2039 sunt,
524 1969 562 2025 ut
578 1955 614 2024 ia
633 1976 708 2025 eam
726 1955 925 2024 seutentiam
958 1955 1178 2023 adducamur.

244 2050 307 2120 Lex
323 2049 425 2134 euim,
443 2048 552 2119 missis
570 2048 712 2119 caeteris
729 2048 946 2137 argumentis,
961 2068 1049 2138 quoe
1062 2046 1184 2116 adduci

140 2195 144 2202 .
244 2155 389 2233 possent,
413 2143 617 2213 matrimonii
637 2143 825 2212 libertatem
854 2141 1000 2230 respicit,
1021 2159 1111 2231 qnae
1131 2141 1183 2209 ia·

243 2238 385 2306 columis
404 2248 439 2306 et
455 2237 543 2305 saiva
563 2248 687 2317 manet,
704 2255 778 2303 aum
796 2244 890 2323 rapta
908 2233 1063 2318 voluerit,
1081 2235 1184 2303 serio·

243 2350 312 2418 qne
331 2329 559 2411 oonsenserit,
583 2329 734 2417 apprime
762 2328 956 2409 advertens,
976 2348 1013 2395 se
1032 2326 1182 2418 coniugii

245 2422 384 2494 ineundi
404 2442 515 2505 eausa,
535 2422 648 2510 sugam
669 2421 830 2508 arripere,
847 2433 880 2490 et
898 2439 1009 2489 eoram
1027 2420 1184 2490 ministro

244 2534 320 2584 sese
338 2513 495 2583 exhibere
516 2514 582 2603 (1).

293 2606 376 2675 Cum
403 2606 587 2675 Concilium
612 2605 843 2675 'tridentinum
865 2615 899 2674 et
916 2604 1006 2673 Saeri
1031 2604 1184 2674 Curiones

245 2698 367 2787 passim
380 2699 433 2766 ita
453 2699 634 2789 loquantur
652 2699 694 2767 de
714 2697 920 2787 raptoribus,
944 2709 981 2766 ut
1000 2698 1184 2787 demptri·

246 2792 345 2861 aibas
363 2811 502 2881 prorsus
521 2803 653 2861 servent
673 2791 863 2872 silentium,
887 2789 1077 2879 quaesitum
1107 2791 1184 2860 inde

248 2884 335 2970 fuit,
359 2906 401 2955 au
428 2885 702 2976 impedimentum
725 2894 839 2972 raptus
858 2884 966 2951 locum
987 2884 1135 2968 habeat,
1157 2883 1183 2953 si

283 3093 323 3162 (t)
340 3096 433 3148 Sermo
449 3096 491 3147 hie
508 3103 548 3147 est
564 3095 597 3147 de
614 3113 734 3165 persona,
752 3115 820 3167 quae
836 3100 884 3150 sub
902 3106 1024 3166 potestate
1035 3102 1185 3164 parentum,

248 3173 291 3224 vel
304 3173 408 3237 tutoris,
417 3182 464 3225 aut
472 3174 601 3225 curatoris
609 3175 720 3243 amplius
733 3192 785 3226 nnn
796 3184 844 3227 est.
852 3174 968 3242 Namque
978 3174 1000 3224 si
1011 3172 1044 3224 ab
1055 3173 1089 3224 iis
1100 3172 1188 3224 annue

250 3248 305 3317 ipsa
323 3248 478 3319 dependeat,
495 3258 519 3301 et
537 3250 627 3304 volent
644 3260 791 3320 raptorem,
806 3250 905 3304 eisdem
923 3249 1030 3312 inritis,
1046 3258 1188 3317 aqum,

249 3323 390 3376 haberetur
402 3334 491 3393 raptus
508 3325 534 3376 iu
553 3335 685 3393 parentes,
703 3327 745 3379 vel
763 3336 870 3390 tutores,
890 3326 917 3377 in
933 3341 990 3398 'quo
1005 3324 1190 3393 deprehende·

251 3412 325 3455 retur
349 3406 443 3456 iniuria
461 3405 513 3456 illia
530 3401 623 3470 illata,
641 3409 697 3459 aine
715 3424 827 3476 quorum
849 3423 977 3460 consensu
994 3406 1192 3460 matrimonium

249 3478 370 3530 contrahi
388 3481 478 3547 nequit
489 3518 498 3544 ,
517 3480 587 3532 unde
605 3485 806 3536 constitueretur
829 3481 1044 3552 impedimentum
1068 3482 1192 3535 dirimens
1299 3545 1300 3548 Ἴ

250 3554 330 3607 eiriie
347 3572 378 3610 ex
394 3556 500 3610 defectu
517 3574 657 3613 eonsensus
675 3570 823 3631 parentum,
842 3570 887 3613 aut
905 3560 1007 3611 tutoris.
