2642 4175
530 398 692 443 manuum
709 398 757 443 111.
998 387 1063 445 539

176 515 317 578 cessum,
340 504 375 564 ut
397 494 617 563 familiaribus
641 495 711 563 suis
731 496 940 580 domesticis,
956 509 1016 585 aut
1030 519 1111 586 pau·
1234 520 1239 540 ¹

178 582 356 679 peribusin
372 590 589 677 hospitalibus
600 587 670 658 suis
690 589 887 676 degentibus
898 589 1111 661 Sacramenta
1199 616 1202 620 “

179 682 304 770 possint
321 681 539 752 ecclesiastica
570 683 772 765 ministrare,
803 684 933 752 nullum
952 706 990 753 ex
1019 706 1135 773 prae·¹

179 776 287 855 missis
307 779 458 846 volumus
487 778 595 866 quoad
620 775 683 844 boc
708 776 949 864 praeiudicium
970 794 1111 865 genera·

179 870 244 936 ri.»
266 871 503 960 progredimur
523 871 563 938 ad
576 869 829 939 Sacramentum
850 870 1091 941 Poenitentiae.

134 1000 137 1005 >
225 962 375 1036 Christus
395 965 566 1033 abundans
588 965 619 1032 in
644 963 895 1047 misericordia,
918 964 1112 1034 Sacramen-

179 1069 248 1124 tum
270 1057 507 1139 l'oonitentiae
530 1059 617 1147 quod
640 1069 726 1126 esset
747 1059 849 1126 altera
872 1071 946 1147 post
977 1059 1112 1127 uaulra·

179 1151 269 1237 giam
285 1153 408 1242 tabula,
432 1152 592 1233 instituit,
615 1151 648 1217 in
670 1173 736 1240 quo
753 1152 879 1220 scilicet
896 1153 1013 1220 fideles
1034 1173 1112 1221 con·

181 1245 261 1326 triti,
280 1246 474 1314 confitentes
492 1257 525 1314 et
543 1245 732 1313 satisfacere
759 1246 904 1314 volentes
924 1267 941 1313 a
968 1245 1113 1334 peccatis

179 1350 251 1424 post
270 1338 473 1427 Baptismum
491 1339 676 1409 commissis
693 1338 1114 1409 ministeriosmerooeuo

180 1431 440 1501 absolverentur.
464 1431 548 1500 Sane
568 1443 763 1520 potestatem
780 1433 966 1500 dimittendi
982 1445 1114 1521 peccata

178 1525 499 1614 Christusdpostolis
515 1525 585 1594 auis
598 1523 1114 1607 tectttttisvcrbistalama-to:

182 1642 196 1682 a
216 1618 369 1717 decipite
380 1619 538 1708 Spiritum
561 1619 731 1702 Sanctum,
751 1641 892 1709 quorum
920 1619 1118 1690 remiseritis

181 1725 336 1798 peccata,
363 1714 579 1783 remittuntur
598 1713 656 1797 eis,
680 1724 712 1783 et
733 1735 875 1803 quorum
897 1714 1113 1797 retinueritis
1179 1781 1182 1787 .

171 1817 308 1874 retenta
334 1818 422 1875 suut.
446 1829 461 1871 ›
484 1807 529 1873 Ea
548 1806 670 1895 quibua
694 1808 802 1876 verbis
822 1809 884 1876 tria
909 1807 1116 1894 potissimum

109 1974 115 1985 κ
179 1910 444 1988 consequuntur:
465 1899 499 1964 1ο
518 1899 666 1982 scilicet,
686 1901 815 1967 nullum
837 1921 909 1969 esse
929 1912 1113 1987 peccatum,

179 1993 274 2061 caius
304 1991 490 2061 dimittendi
523 2003 685 2081 potestate
716 1993 860 2061 Ecclesia
894 1992 1013 2062 donata
1050 2013 1116 2061 nou

179 2089 234 2168 sit;
257 2108 329 2156 cam
350 2086 472 2157 etenim
495 2098 690 2175 potestatem
717 2087 789 2156 sine
822 2089 890 2156 ulla
925 2086 1119 2176 exceptione

179 2180 330 2254 Christus
343 2181 565 2250 demandavit.
586 2178 622 2247 2⁰
639 2178 846 2263 Sacerdotes,
867 2182 944 2248 dum
964 2202 1002 2248 ea
1017 2195 1113 2250 utun·

180 2288 234 2341 tur
255 2286 426 2364 potestate,
449 2295 515 2343 non
532 2274 659 2342 undum
679 2294 833 2343 exercere
865 2273 1113 2356 ministerium,

181 2387 247 2455 qno
267 2391 283 2436 a
301 2367 368 2437 Deo
390 2364 528 2436 remissa
562 2388 634 2437 esse
665 2380 796 2455 peecata
832 2368 1026 2450 declarent,
1059 2369 1115 2436 sed

180 2475 294 2530 verum
314 2482 468 2530 exercere
494 2471 603 2530 actum
636 2460 851 2544 iudicialem,
872 2483 938 2551 quo
960 2462 1112 2530 mandata

180 2553 242 2622 sibi
268 2566 429 2643 potestate
449 2577 466 2623 a
487 2553 629 2644 peccatis
650 2555 835 2637 absolvunt;
852 2576 929 2623 vera
956 2554 1118 2643 enim-pp

181 2659 280 2717 testas
310 2648 499 2718 remittendi
527 2660 658 2739 peccata
688 2649 756 2717 illis
776 2649 884 2718 uerbis
912 2633 1113 2718 coniinetur.

180 2737 218 2808 3⁰
233 2740 318 2810 Solis
344 2742 507 2831 apostolia
529 2763 713 2835 eorumque
728 2743 762 2810 in
782 2742 973 2811 Sacerdotio
987 2762 1117 2810 succes,

180 2832 312 2903 sonibus
345 2836 494 2932 eamdem
538 2848 734 2924 potestatem
773 2847 988 2923 competere,
1023 2834 1114 2922 ipsos

102 2925 107 2940 ’
184 2927 309 3018 quippe
329 2929 416 2997 solos
429 2928 579 2998 Christus
600 2930 764 2999 allocutus
776 2930 926 3009 est‚dum
954 2926 1115 3017 Spiritum

182 3017 338 3092 Sanctum
357 3032 601 3111 etpotestatem
636 3023 826 3093 remittendi
860 3035 993 3112 peccata
1025 3041 1116 3090 com·
1219 3075 1221 3080 ,

182 3115 373 3184 munieavit.

228 3207 434 3299 Quamquam
454 3230 532 3280 vero
557 3221 701 3299 potestas
725 3210 850 3299 ligandi
877 3220 910 3278 et
929 3207 1075 3279 solvendi
1096 3229 1113 3277 a

180 3303 323 3391 peccetis
337 3304 522 3373 sacerdotio
539 3305 729 3387 adhaereat,
750 3324 822 3373 eam
835 3316 948 3373 tameo
969 3312 1113 3391 potesta·

181 3406 247 3464 tem
282 3398 389 3466 valide
412 3389 480 3465 n'ou
513 3409 668 3467 exerceat
690 3396 901 3479 Sacerdotes,
930 3396 992 3464 nisi
1014 3394 1114 3463 etiarn

180 3500 342 3577 potestate
372 3489 611 3562 iurisdictionis
641 3491 728 3559 aucti
747 3490 826 3559 sint.
852 3491 889 3559 la
910 3510 1002 3558 sacro
1023 3487 1112 3557 enim

179 3581 342 3652 tribunali
363 3581 481 3653 iudicis
513 3584 620 3653 officio
646 3585 831 3673 funguntur
860 3595 893 3652 et
916 3581 1113 3652 sententiam
