2642 4175
323 371 367 415 nn
387 367 666 415 rnoauurrrrrans
685 368 883 414 uurmuouu
957 359 1022 417 401

135 466 410 574 arbitrabatur.»
432 468 472 535 alt
489 477 579 552 tanta
600 467 809 556 postmodum
827 468 890 538 luit
908 473 996 561 apud
1014 493 1069 542 ro

46 565 49 568 ’
136 580 251 630 manos
269 558 359 650 ipsos
378 580 509 629 morum
526 545 735 650 depravatio,
758 572 795 630 nt
813 581 855 631 ue
875 563 954 633 dum
975 565 1071 635 loris·

135 653 226 723 simis
245 675 284 724 ex
305 652 436 738 crusis,
456 654 512 722 sed
535 673 572 723 en
591 664 776 743 spontaneo
797 654 972 762 utriusque
991 678 1070 729 cou-

23 788 25 827 ,
136 746 232 855 iugis
239 766 415 831 consensu,
439 767 497 816 seu
517 747 603 816 bone
622 747 741 835 gratia,
759 760 795 818 ut
820 748 882 839 ipsi
902 751 1068 836 dicebant,

136 839 347 909 matrimonia
367 840 618 922 dirimerentur,
640 841 728 911 unde
748 840 974 913 Tertullianus
992 845 1017 912 l
1039 867 1069 917 e.

135 933 182 1002 sio
201 934 324 1025 pergit:
342 934 469 1004 «Nune
488 954 565 1003 vero
582 933 774 1022 repudium,
790 945 823 1003 et
842 949 953 1005 rutum
970 948 1020 1008 est
1039 951 1072 1009 et

137 1027 230 1116 quusi
245 1026 451 1097 matrimonii
470 1027 610 1097 fruetus.
617 1050 632 1093 r
656 1026 735 1097 llide
754 1028 795 1097 de
825 1025 1018 1133 Roskovdny
1031 1031 1071 1100 de

23 1132 25 1201 j
135 1118 310 1191 Matrim.
302 1141 336 1189 rn
368 1121 455 1190 llool.
477 1119 669 1203 catholica,
704 1122 789 1209 Aug.
810 1119 938 1191 Vindel.
965 1121 1069 1207 1840,

24 1222 25 1273 ἰ
137 1214 222 1302 apud
237 1234 338 1304 quem
356 1226 590 1304 pertractatum
607 1213 756 1302 reperies
772 1215 1013 1303 quaestionem,
1029 1237 1070 1286 aa

136 1307 272 1376 laoultas
292 1307 366 1376 data
388 1308 534 1398 allopse
554 1306 743 1377 dimittendi
777 1328 912 1378 uxorem
941 1329 1002 1398 per
1030 1310 1070 1381 li·
1150 1392 1157 1397 ι

23 1442 25 1497 t
136 1400 260 1469 bellum
281 1400 425 1490 repudii,
446 1421 484 1470 ex
504 1421 595 1471 mera
617 1399 817 1485 tolerantia,
840 1421 881 1470 au
902 1401 1012 1493 potius
1032 1423 1071 1473 ex

23 1498 25 1577 ξ
136 1493 272 1582 positiva
292 1494 511 1582 permissione
537 1493 716 1584 repetenda
737 1505 799 1565 eat.
818 1496 942 1567 luctor
962 1494 1016 1565 bio
1035 1498 1069 1567 in
1186 1502 1189 1507 ’

23 1586 24 1635 ἱ
136 1606 235 1676 opere
256 1587 297 1655 de
319 1586 416 1656 indis.
439 1587 582 1659 llatrim.
607 1607 679 1657 eam
713 1599 824 1659 tuetur
856 1590 1067 1675 senteutiam,

136 1699 221 1769 quae
240 1679 357 1750 statuit
380 1680 706 1752 indissolubilitatem
726 1682 930 1755 matrimonii
954 1705 972 1753 a
993 1685 1070 1755 stri·

135 1783 185 1843 cto
202 1784 343 1844 naturae
363 1772 438 1845 iure
457 1793 524 1855 nou
542 1775 721 1865 prolluere.

84 1936 96 1967 ,
180 1863 282 1937 Suam
299 1866 398 1936 etiarn
417 1868 608 1940 firmitatem
627 1880 660 1938 et
677 1866 999 1938 indissolubilitatem
1021 1892 1070 1942 re·

23 2002 25 2043 2
134 1960 218 2048 petit
239 1960 489 2033 matrimonium
523 1983 561 2031 ex
590 1960 755 2051 primaeva
788 1959 1009 2046 institutione,
1028 1964 1069 2034 de

23 2052 24 2057 ’
134 2074 197 2144 qua
239 2051 319 2124 Gen
351 2053 394 2124 ll.
421 2055 551 2127 Etenim
583 2053 750 2143 legimus,
767 2054 855 2143 quod
878 2053 994 2139 Adam,
1015 2076 1069 2126 ex·

132 2148 344 2255 pergelaetus
362 2169 380 2217 a
400 2170 520 2240 sopore
541 2148 639 2232 illo,
630 2169 664 2217 m
685 2167 751 2236 qno
771 2148 857 2216 Deus
878 2147 1029 2218 eductam
1051 2171 1069 2219 e

133 2241 240 2309 latere
261 2240 334 2311 eius
353 2255 489 2327 eostam,
513 2239 771 2313 aedificaverat
762 2261 795 2309 in
819 2237 1068 2322 mulieremex·

133 2333 289 2404 clamavit
308 2334 359 2404 bis
379 2335 487 2407 verbis
508 2357 537 2404 r.
557 2332 614 2404 25:
640 2359 653 2401 o
678 2332 748 2403 llou
766 2352 856 2404 nuno
874 2353 911 2402 os
929 2353 967 2402 ex
987 2335 1068 2405 ossi·

134 2426 198 2497 bus
229 2426 312 2495 meis
342 2439 375 2497 et
406 2451 483 2499 curo
516 2430 557 2499 de
587 2447 686 2497 earne
714 2448 811 2511 mea,
851 2427 1067 2518 quamobrem

134 2516 411 2609 relinquetbomo
423 2533 551 2613 patrem
565 2542 663 2591 suum
682 2530 714 2590 et
734 2531 887 2604 matrem,
904 2532 937 2591 et
950 2521 1069 2593 adbee-

23 2681 24 2686 ,
135 2612 225 2684 rebit
245 2613 339 2684 uxori
359 2635 452 2699 suae,
469 2629 502 2685 et
520 2627 618 2686 erunt
638 2612 734 2683 duo
725 2635 759 2683 ru
778 2635 959 2684 carneuna
979 2638 1068 2687 »seu

23 2711 24 2714 ’
134 2707 173 2777 ut
194 2707 347 2778 observat
362 2708 615 2801 chrysostomus
635 2709 726 2777 hom.
744 2703 835 2777 outa
855 2707 968 2778 blatlb.
980 2710 1066 2779 iuxta

136 2798 201 2870 vim
223 2800 313 2869 verbi
333 2803 444 2890 graeei
467 2802 732 2892 adelelinobilor
749 2801 841 2869 uxori
861 2822 959 2882 suae,
979 2804 1067 2892 quod

136 2904 227 2963 uerte
260 2895 397 2963 verbum
428 2895 584 2966 unionem
624 2893 887 2962 indissolubilem
916 2894 1070 3000 exprimit
1185 2904 1190 2909 ’

136 2987 293 3077 amplius;
315 3009 400 3077 quae
420 2988 508 3057 enim
529 2988 657 3077 glutine
677 2985 873 3064 cohaerent,
892 3006 931 3055 eu
960 2987 1069 3075 potius

136 3082 283 3170 frangas,
305 3102 404 3172 quam
426 3083 543 3151 solvas
563 3080 656 3149 liano
675 3078 774 3150 etiam
795 3059 996 3167 peculiarem
1017 3079 1071 3148 lir-

137 3174 300 3257 mitatem,
321 3196 381 3245 seu
401 3173 726 3259 indissolubilitotem
748 3170 960 3241 matrimonio
980 3193 1070 3241 oom-

136 3278 252 3355 petere
283 3289 320 3336 ex
356 3268 523 3358 primaeva
554 3267 627 3338 eius
659 3264 866 3335 institutione
894 3265 1071 3334 declaravit

136 3360 289 3430 Christus
307 3361 465 3431 Dominus
484 3361 570 3453 apud
592 3360 625 3430 S.
647 3358 760 3429 blattb.
777 3380 806 3429 o.
821 3358 901 3442 lllX,
922 3357 955 3427 d:
975 3358 1070 3429 ‹lta-

23 3515 24 3520 ,
137 3476 202 3544 que
223 3454 288 3523 inm
309 3476 375 3525 uon
392 3468 469 3525 suut
489 3457 567 3539 duo,
597 3455 652 3524 sed
674 3474 739 3522 una
758 3474 849 3522 caro.
875 3452 968 3535 Quod
990 3475 1069 3542 ergo

135 3547 223 3619 Deus
248 3548 444 3644 euniupgit,
475 3549 575 3620 bomo
602 3569 669 3619 uon
697 3557 874 3637 separet.»
896 3547 1071 3638 Etpauois

236 3679 275 3736 De
294 3679 458 3735 llolrlmouio
969 3680 1001 3728 id
