2642 4175
170 351 179 368 ⁸
265 370 331 430 316
603 385 707 431 cauum
719 385 765 430 m.

264 485 310 552 De
328 495 424 573 raptu
438 484 580 555 violento
601 485 664 554 tria
683 485 814 574 reliqua
834 494 924 568 sunt,
940 503 1027 574 quae
1042 481 1077 552 in
1090 502 1153 551 me·

218 578 312 647 dium
334 578 556 667 proferamus.
587 577 736 648 Primum
770 577 852 647 illud
886 589 953 662 est,
975 578 1064 667 quod
1082 577 1153 645 'l'ri-

217 672 354 741 dentina
375 669 527 763 Synodus
558 672 592 741 in
624 671 864 762 impedimento
891 681 1006 762 raptus
1033 670 1157 740 consti-⁸

220 764 355 850 tuendo,
378 785 453 833 cum
473 785 540 834 nou
557 765 710 835 mulieris
731 776 846 855 raptae
866 776 1007 835 aetatem
1028 775 1062 833 et
1077 785 1155 853 qua·

219 857 350 942 litates,
372 858 429 928 sed
460 858 664 929 matrimonii
684 860 853 929 dumtaxat
873 858 1060 928 libertatem
1081 878 1153 946 spe·

218 952 368 1035 ctarerit,
385 952 521 1041 planum
540 953 616 1022 inde
636 953 675 1022 iit
692 952 932 1041 impedimento
963 949 1153 1020 huiusmodi

220 1045 330 1113 locum
352 1065 436 1130 esse,
459 1046 526 1115 siva
547 1046 669 1116 mulier
696 1046 740 1115 sit
758 1046 874 1134 virgo,
897 1045 963 1114 sive
984 1054 1150 1134 corrupta,

218 1137 288 1206 sive
308 1137 426 1223 vidua,
461 1138 528 1209 sive
548 1139 648 1208 etiam
669 1139 851 1223 meretrix3
876 1139 1044 1227 generalia
1066 1137 1153 1207 euim

220 1231 319 1300 rerba
335 1231 431 1321 legis,
448 1233 506 1301 ubi
520 1233 635 1302 eadem
650 1232 847 1322 praesertim
861 1232 947 1301 ratio
961 1232 1093 1312 militat,
1106 1250 1157 1319 ge

220 1324 382 1395 nataliter
399 1324 612 1414 intelligenda
624 1339 715 1397 sunt.
727 1327 875 1395 Alterum
893 1338 954 1409 est,
973 1326 1037 1395 hoo
1052 1324 1155 1413 impe·

221 1418 418 1502 dimcutum,
437 1420 525 1488 iuxta
543 1421 657 1509 plures
671 1431 834 1505 auctores,
848 1439 915 1487 uon
931 1418 1024 1501 oriri,
1044 1418 1071 1487 si
1087 1438 1164 1485 mu·

220 1511 284 1579 lier
303 1510 410 1579 virum
433 1513 551 1602 rapiat,
571 1513 648 1603 quia
670 1514 840 1583 decretum
867 1512 1065 1593 Tridentini,
1081 1532 1169 1579 cum⁸
1293 1575 1294 1582 ,

220 1603 373 1672 odiosum
386 1615 423 1673 et
435 1606 573 1694 poenale
585 1607 639 1689 sit,
654 1607 767 1676 stricte
782 1605 1010 1694 accipiendum
1025 1616 1089 1674 est.
1100 1602 1157 1671 De

223 1709 352 1766 cretum
381 1709 491 1767 autem
510 1699 550 1768 de
570 1712 728 1788 raptore.
753 1720 820 1769 uon
840 1700 880 1769 de
898 1698 1042 1787 raptricc
1059 1697 1155 1765 verba

223 1789 313 1873 lacit;
336 1801 369 1859 et
382 1791 533 1879 quamvis
551 1805 696 1883 utroque
714 1793 788 1862 iure
802 1792 969 1883 expressio
984 1789 1156 1860 masculini

223 1902 321 1951 sexus
341 1884 539 1954 femininum
559 1887 658 1955 etiam
680 1887 844 1970 includat,
861 1887 978 1955 saltem
998 1885 1032 1952 in
1049 1904 1156 1953 corre·

223 1976 343 2059 latinis,
359 1977 416 2047 ubi
429 2000 487 2068 par
501 1979 585 2049 ratio
607 1979 765 2069 utrinque
781 1979 912 2064 militat,
929 1979 1098 2048 decretum
1115 1987 1157 2045 ta·

225 2091 389 2141 mennon
404 2074 445 2142 de
466 2075 655 2163 raptoribus
675 2073 710 2143 in
731 2095 867 2163 genere,
886 2074 942 2144 scd
963 2073 1004 2141 de
1021 2070 1158 2161 raptori·

227 2164 300 2248 bus,
325 2166 383 2255 qui
397 2167 538 2236 feminas
555 2169 735 2252 abducunt,
752 2168 875 2239 diserte
889 2167 1051 2258 loquitur.
1066 2164 1158 2234 Dein·

227 2258 268 2326 dc
282 2278 359 2327 vero
381 2259 477 2328 sicuti
496 2260 569 2329 iura
589 2262 630 2331 de
649 2261 728 2345 illis,
751 2281 837 2350 quae
854 2282 929 2330 raro
949 2260 1154 2348 contingunt,

224 2371 291 2418 non
310 2353 567 2434 constituuntur,
576 2355 620 2425 ita
638 2374 700 2423 uec
717 2356 758 2424 de
778 2354 977 2444 raptricibus
993 2352 1156 2431 virorum,

224 2464 311 2532 quae
332 2445 454 2533 oppido
474 2467 631 2536 perrarae
651 2459 746 2535 suut,
769 2449 953 2538 quidquam
975 2469 993 2515 a
1013 2444 1155 2515 Concilio

225 2535 442 2606 coustitutum
458 2539 561 2609 luisse
575 2541 759 2630 putandum
774 2553 835 2611 est.
851 2541 973 2611 Verum
988 2541 1073 2608 hacc
1085 2558 1157 2608 seu·

225 2628 328 2698 tentia
351 2631 465 2701 multis
484 2653 551 2701 non
572 2634 721 2718 arridet,
743 2636 831 2725 quod
865 2633 898 2704 S.
927 2633 1102 2725 synodus,
1123 2642 1158 2699 ut

226 2722 395 2812 inquiunt,
417 2723 693 2814 impedimentum
714 2740 829 2817 raptus
850 2750 887 2798 ea
909 2739 1021 2798 mente
1039 2725 1160 2795 consti·

225 2815 301 2899 tuit,
321 2827 358 2885 ut
375 2816 561 2889 libertatem
583 2821 788 2891 matrimonii
808 2833 972 2894 tueretur.
995 2821 1086 2889 llaec
1103 2826 1159 2888 au-

226 2921 293 2978 tem
315 2909 452 2980 libertas
469 2913 608 3001 perinde
623 2914 779 2996 laeditur,
799 2914 826 2984 si
846 2915 968 2985 femina
988 2913 1099 3002 rapiat
1115 2912 1161 2981 ri·

227 3022 315 3085 rum,
338 3004 422 3073 acsi
442 3006 491 3073 vir
510 3007 668 3076 seminam
689 3004 1116 3097 rapiat.·'0uemadmcdum
1135 3006 1161 3076 si

228 3096 350 3166 mulier
369 3097 439 3167 viro
460 3120 593 3187 gravem
612 3114 645 3171 et
665 3100 826 3171 iniustum
848 3114 973 3171 metum
994 3100 1160 3184 inliceret,

228 3189 307 3259 licet
326 3212 403 3261 raro
430 3193 607 3263 admodum
635 3195 830 3284 contingere
863 3195 988 3285 possit,
1020 3193 1163 3283 impedi·

227 3297 376 3353 mentum
396 3298 504 3356 metus
523 3287 682 3357 oriretur.
701 3287 822 3358 Confer
842 3288 973 3358 Piclrler
993 3287 1029 3355 iu
1047 3287 1108 3355 lib.
1126 3285 1160 3369 l,

176 3426 179 3427 ν
226 3374 356 3446 Decret.
379 3378 431 3448 tit.
447 3379 481 3462 l,
501 3400 537 3447 n.
553 3379 634 3464 luo,
654 3379 718 3449 ddi
731 3433 739 3450 .
753 3382 865 3452 'lertio
885 3381 1031 3471 denique
1049 3379 1085 3448 in
1103 3380 1159 3448 cit.

227 3466 413 3539 Tridentini
433 3473 566 3543 decreto
596 3475 753 3545 adversus
772 3489 940 3567 raptorem
964 3473 1163 3544 constitutae

227 3573 305 3629 sunt
323 3583 463 3651 poenae,
491 3587 578 3655 quac
597 3581 808 3658 sequuntur:
833 3593 848 3637 a
872 3569 964 3650 Quod
984 3567 1012 3636 si
1032 3577 1126 3656 rapta
1144 3587 1162 3634 a
