<?xml version="1.0" encoding="UTF-8"?>
<!DOCTYPE html PUBLIC "-//W3C//DTD XHTML 1.0 Transitional//EN"
    "http://www.w3.org/TR/xhtml1/DTD/xhtml1-transitional.dtd">
<html xmlns="http://www.w3.org/1999/xhtml" xml:lang="en" lang="en">
 <head>
  <title>
</title>
<meta http-equiv="Content-Type" content="text/html;charset=utf-8" />
  <meta name='ocr-system' content='tesseract 3.04.00' />
  <meta name='ocr-capabilities' content='ocr_page ocr_carea ocr_par ocr_line ocrx_word'/>
</head>
<body>
  <div class='ocr_page' id='page_1' title='image "./septimiimariaev00veccgoog_0050.png"; bbox 0 0 2642 4175; ppageno 0'>
   <div class='ocr_carea' id='block_1_1' title="bbox 289 362 781 420">
    <p class='ocr_par' dir='ltr' id='par_1_1' title="bbox 289 362 781 420">
     <span class='ocr_line' id='line_1_1' title="bbox 289 362 781 420; baseline -0.006 0"><span class='ocrx_word' id='word_1_1' title='bbox 289 362 333 420; x_wconf 82' lang='lat'>42</span> <span class='ocrx_word' id='word_1_2' title='bbox 636 372 740 419; x_wconf 72' lang='lat' dir='ltr'>curor</span> <span class='ocrx_word' id='word_1_3' title='bbox 757 373 781 417; x_wconf 92' lang='lat' dir='ltr'>r.</span> 
     </span>
    </p>
   </div>
   <div class='ocr_carea' id='block_1_2' title="bbox 174 469 1181 1029">
    <p class='ocr_par' dir='ltr' id='par_1_2' title="bbox 174 469 1181 1029">
     <span class='ocr_line' id='line_1_2' title="bbox 244 469 1181 562; baseline -0.001 -21"><span class='ocrx_word' id='word_1_4' title='bbox 244 485 395 562; x_wconf 90' lang='lat' dir='ltr'>tempore</span> <span class='ocrx_word' id='word_1_5' title='bbox 425 470 655 562; x_wconf 82' lang='lat' dir='ltr'><strong>impedimenti</strong></span> <span class='ocrx_word' id='word_1_6' title='bbox 682 490 751 539; x_wconf 89' lang='lat' dir='ltr'>non</span> <span class='ocrx_word' id='word_1_7' title='bbox 769 469 812 539; x_wconf 90' lang='lat' dir='ltr'>sit</span> <span class='ocrx_word' id='word_1_8' title='bbox 829 470 981 554; x_wconf 79' lang='lat' dir='ltr'>validus,</span> <span class='ocrx_word' id='word_1_9' title='bbox 1003 482 1112 557; x_wconf 88' lang='lat' dir='ltr'>potest</span> <span class='ocrx_word' id='word_1_10' title='bbox 1132 483 1181 540; x_wconf 86' lang='lat' dir='ltr'>ta·</span> 
     </span>
     <span class='ocr_line' id='line_1_3' title="bbox 242 563 1180 654; baseline -0.004 -20"><span class='ocrx_word' id='word_1_11' title='bbox 242 586 319 634; x_wconf 93' lang='lat' dir='ltr'>men</span> <span class='ocrx_word' id='word_1_12' title='bbox 340 586 412 636; x_wconf 88' lang='lat' dir='ltr'>esse</span> <span class='ocrx_word' id='word_1_13' title='bbox 444 567 572 636; x_wconf 82' lang='lat' dir='ltr'>ualidus</span> <span class='ocrx_word' id='word_1_14' title='bbox 588 575 743 654; x_wconf 87' lang='lat' dir='ltr'>respectu</span> <span class='ocrx_word' id='word_1_15' title='bbox 763 563 803 632; x_wconf 86' lang='lat' dir='ltr'>ad</span> <span class='ocrx_word' id='word_1_16' title='bbox 824 574 956 652; x_wconf 89' lang='lat' dir='ltr'>tempus</span> <span class='ocrx_word' id='word_1_17' title='bbox 987 584 1054 653; x_wconf 87' lang='lat' dir='ltr'>quo</span> <span class='ocrx_word' id='word_1_18' title='bbox 1073 563 1180 653; x_wconf 86' lang='lat' dir='ltr'>impe-</span> 
     </span>
     <span class='ocr_line' id='line_1_4' title="bbox 241 657 1179 746; baseline 0.001 -19"><span class='ocrx_word' id='word_1_19' title='bbox 241 658 428 729; x_wconf 88' lang='lat' dir='ltr'>dimentum</span> <span class='ocrx_word' id='word_1_20' title='bbox 457 660 633 729; x_wconf 75' lang='lat' dir='ltr'><strong>aufertur:</strong></span> <span class='ocrx_word' id='word_1_21' title='bbox 667 668 760 727; x_wconf 91' lang='lat' dir='ltr'>actus</span> <span class='ocrx_word' id='word_1_22' title='bbox 790 657 880 726; x_wconf 84' lang='lat' dir='ltr'>enim</span> <span class='ocrx_word' id='word_1_23' title='bbox 906 658 1011 728; x_wconf 90' lang='lat' dir='ltr'>lactus</span> <span class='ocrx_word' id='word_1_24' title='bbox 1029 667 1179 746; x_wconf 89' lang='lat' dir='ltr'>ternpore</span> 
     </span>
     <span class='ocr_line' id='line_1_5' title="bbox 241 748 1177 839; baseline 0.001 -19"><span class='ocrx_word' id='word_1_25' title='bbox 241 752 382 822; x_wconf 84' lang='lat' dir='ltr'>inhabili</span> <span class='ocrx_word' id='word_1_26' title='bbox 416 753 503 823; x_wconf 81' lang='lat' dir='ltr'>ualet</span> <span class='ocrx_word' id='word_1_27' title='bbox 531 752 620 820; x_wconf 85' lang='lat' dir='ltr'>iuxta</span> <span class='ocrx_word' id='word_1_28' title='bbox 640 748 923 839; x_wconf 88' lang='lat' dir='ltr'>iurisprudentiae</span> <span class='ocrx_word' id='word_1_29' title='bbox 956 749 1084 820; x_wconf 80' lang='lat' dir='ltr'>axioma</span> <span class='ocrx_word' id='word_1_30' title='bbox 1115 771 1177 839; x_wconf 91' lang='lat' dir='ltr'>pro</span> 
     </span>
     <span class='ocr_line' id='line_1_6' title="bbox 174 843 1176 935; baseline 0.002 -22"><span class='ocrx_word' id='word_1_31' title='bbox 174 892 178 899; x_wconf 88' lang='lat'>-</span> <span class='ocrx_word' id='word_1_32' title='bbox 240 858 390 935; x_wconf 88' lang='lat' dir='ltr'>tempore</span> <span class='ocrx_word' id='word_1_33' title='bbox 421 844 549 929; x_wconf 90' lang='lat' dir='ltr'>habili,</span> <span class='ocrx_word' id='word_1_34' title='bbox 572 846 612 914; x_wconf 89' lang='lat' dir='ltr'>ad</span> <span class='ocrx_word' id='word_1_35' title='bbox 645 845 734 934; x_wconf 90' lang='lat' dir='ltr'>quod</span> <span class='ocrx_word' id='word_1_36' title='bbox 759 843 917 913; x_wconf 89' lang='lat' dir='ltr'>relertur.</span> <span class='ocrx_word' id='word_1_37' title='bbox 936 866 951 910; x_wconf 85' lang='lat' dir='ltr'>t</span> <span class='ocrx_word' id='word_1_38' title='bbox 971 843 1016 913; x_wconf 87' lang='lat' dir='ltr'>De</span> <span class='ocrx_word' id='word_1_39' title='bbox 1035 843 1176 932; x_wconf 91' lang='lat' dir='ltr'>septimo</span> 
     </span>
     <span class='ocr_line' id='line_1_7' title="bbox 238 935 795 1029; baseline -0.002 -22"><span class='ocrx_word' id='word_1_40' title='bbox 238 959 350 1029; x_wconf 88' lang='lat' dir='ltr'>praec.</span> <span class='ocrx_word' id='word_1_41' title='bbox 372 940 446 1009; x_wconf 87' lang='lat' dir='ltr'>dec.</span> <span class='ocrx_word' id='word_1_42' title='bbox 467 940 508 1010; x_wconf 92' lang='lat' dir='ltr'>de</span> <span class='ocrx_word' id='word_1_43' title='bbox 527 938 634 1009; x_wconf 87' lang='lat' dir='ltr'>restit.</span> <span class='ocrx_word' id='word_1_44' title='bbox 655 959 691 1007; x_wconf 86' lang='lat' dir='ltr'>n.</span> <span class='ocrx_word' id='word_1_45' title='bbox 713 935 795 1007; x_wconf 80' lang='lat'>650.</span> 
     </span>
    </p>
   </div>
   <div class='ocr_carea' id='block_1_3' title="bbox 226 1029 1239 3643">
    <p class='ocr_par' dir='ltr' id='par_1_3' title="bbox 226 1029 1239 3643">
     <span class='ocr_line' id='line_1_8' title="bbox 285 1029 1175 1124; baseline 0.002 -24"><span class='ocrx_word' id='word_1_46' title='bbox 285 1031 361 1124; x_wconf 87' lang='lat' dir='ltr'>Dixi</span> <span class='ocrx_word' id='word_1_47' title='bbox 376 1033 528 1103; x_wconf 88' lang='lat' dir='ltr'>doctores</span> <span class='ocrx_word' id='word_1_48' title='bbox 548 1032 676 1122; x_wconf 83' lang='lat' dir='ltr'>primae</span> <span class='ocrx_word' id='word_1_49' title='bbox 696 1029 882 1101; x_wconf 86' lang='lat' dir='ltr'>sententiae</span> <span class='ocrx_word' id='word_1_50' title='bbox 911 1049 1012 1119; x_wconf 89' lang='lat' dir='ltr'>quom</span> <span class='ocrx_word' id='word_1_51' title='bbox 1032 1029 1175 1102; x_wconf 85' lang='lat' dir='ltr'>maxims</span> 
     </span>
     <span class='ocr_line' id='line_1_9' title="bbox 238 1123 1175 1211; baseline 0.003 -20"><span class='ocrx_word' id='word_1_52' title='bbox 238 1123 335 1196; x_wconf 90' lang='lat' dir='ltr'>inniti</span> <span class='ocrx_word' id='word_1_53' title='bbox 357 1124 607 1197; x_wconf 71' lang='lat' dir='ltr'>securitates.</span> <span class='ocrx_word' id='word_1_54' title='bbox 629 1124 668 1194; x_wconf 82' lang='lat' dir='ltr'>C.</span> <span class='ocrx_word' id='word_1_55' title='bbox 688 1123 727 1193; x_wconf 82' lang='lat' dir='ltr'>C.</span> <span class='ocrx_word' id='word_1_56' title='bbox 748 1123 874 1211; x_wconf 84' lang='lat' dir='ltr'>Reapse</span> <span class='ocrx_word' id='word_1_57' title='bbox 894 1123 932 1191; x_wconf 88' lang='lat' dir='ltr'>l⁰</span> <span class='ocrx_word' id='word_1_58' title='bbox 960 1123 1097 1192; x_wconf 82' lang='lat' dir='ltr'>affertur</span> <span class='ocrx_word' id='word_1_59' title='bbox 1116 1125 1175 1195; x_wconf 90' lang='lat' dir='ltr'>de·</span> 
     </span>
     <span class='ocr_line' id='line_1_10' title="bbox 237 1214 1174 1308; baseline 0.003 -23"><span class='ocrx_word' id='word_1_60' title='bbox 237 1217 317 1289; x_wconf 91' lang='lat' dir='ltr'>cisio</span> <span class='ocrx_word' id='word_1_61' title='bbox 337 1218 372 1287; x_wconf 91' lang='lat' dir='ltr'>iu</span> <span class='ocrx_word' id='word_1_62' title='bbox 392 1218 554 1308; x_wconf 88' lang='lat' dir='ltr'>Burgens.</span> <span class='ocrx_word' id='word_1_63' title='bbox 578 1217 789 1308; x_wconf 85' lang='lat' dir='ltr'>Sponsalium</span> <span class='ocrx_word' id='word_1_64' title='bbox 811 1215 856 1285; x_wconf 65' lang='lat'>96</span> <span class='ocrx_word' id='word_1_65' title='bbox 883 1217 952 1286; x_wconf 87' lang='lat' dir='ltr'>lan.</span> <span class='ocrx_word' id='word_1_66' title='bbox 973 1214 1092 1300; x_wconf 78' lang='lat'>1709,</span> <span class='ocrx_word' id='word_1_67' title='bbox 1115 1219 1174 1288; x_wconf 93' lang='lat' dir='ltr'>ubi</span> 
     </span>
     <span class='ocr_line' id='line_1_11' title="bbox 234 1309 1239 1399; baseline 0.005 -22"><span class='ocrx_word' id='word_1_68' title='bbox 234 1309 319 1380; x_wconf 89' lang='lat' dir='ltr'>haec</span> <span class='ocrx_word' id='word_1_69' title='bbox 336 1311 514 1382; x_wconf 87' lang='lat' dir='ltr'>habentur:</span> <span class='ocrx_word' id='word_1_70' title='bbox 539 1335 554 1379; x_wconf 79' lang='lat' dir='ltr'>c</span> <span class='ocrx_word' id='word_1_71' title='bbox 575 1310 638 1380; x_wconf 87' lang='lat' dir='ltr'>Per</span> <span class='ocrx_word' id='word_1_72' title='bbox 656 1311 784 1381; x_wconf 74' lang='lat' dir='ltr'>litteras</span> <span class='ocrx_word' id='word_1_73' title='bbox 803 1310 963 1399; x_wconf 81' lang='lat' dir='ltr'>speciales</span> <span class='ocrx_word' id='word_1_74' title='bbox 978 1309 1057 1379; x_wconf 90' lang='lat' dir='ltr'>buic</span> <span class='ocrx_word' id='word_1_75' title='bbox 1077 1309 1112 1379; x_wconf 88' lang='lat' dir='ltr'>S.</span> <span class='ocrx_word' id='word_1_76' title='bbox 1132 1311 1171 1382; x_wconf 84' lang='lat' dir='ltr'>C.</span> <span class='ocrx_word' id='word_1_77' title='bbox 1232 1369 1239 1382; x_wconf 67' lang='grc'>,</span> 
     </span>
     <span class='ocr_line' id='line_1_12' title="bbox 234 1401 1172 1494; baseline 0.003 -23"><span class='ocrx_word' id='word_1_78' title='bbox 234 1405 444 1473; x_wconf 87' lang='lat' dir='ltr'>transmissas</span> <span class='ocrx_word' id='word_1_79' title='bbox 465 1406 569 1476; x_wconf 80' lang='lat' dir='ltr'>refert</span> <span class='ocrx_word' id='word_1_80' title='bbox 588 1404 770 1494; x_wconf 81' lang='lat' dir='ltr'>Episcopus</span> <span class='ocrx_word' id='word_1_81' title='bbox 790 1401 952 1492; x_wconf 87' lang='lat' dir='ltr'>Burgens.</span> <span class='ocrx_word' id='word_1_82' title='bbox 985 1404 1074 1493; x_wconf 92' lang='lat' dir='ltr'>quud</span> <span class='ocrx_word' id='word_1_83' title='bbox 1094 1403 1172 1474; x_wconf 86' lang='lat' dir='ltr'>llin-</span> 
     </span>
     <span class='ocr_line' id='line_1_13' title="bbox 234 1496 1168 1585; baseline 0.006 -22"><span class='ocrx_word' id='word_1_84' title='bbox 234 1496 362 1567; x_wconf 91' lang='lat' dir='ltr'>centius</span> <span class='ocrx_word' id='word_1_85' title='bbox 383 1496 520 1581; x_wconf 88' lang='lat' dir='ltr'>Suevoli,</span> <span class='ocrx_word' id='word_1_86' title='bbox 539 1497 628 1567; x_wconf 88' lang='lat' dir='ltr'>tilius</span> <span class='ocrx_word' id='word_1_87' title='bbox 640 1496 794 1567; x_wconf 87' lang='lat' dir='ltr'>llattbaei</span> <span class='ocrx_word' id='word_1_88' title='bbox 812 1509 845 1567; x_wconf 91' lang='lat' dir='ltr'>et</span> <span class='ocrx_word' id='word_1_89' title='bbox 859 1497 1081 1585; x_wconf 82' lang='lat' dir='ltr'>Magdalenae‚</span> <span class='ocrx_word' id='word_1_90' title='bbox 1099 1497 1168 1569; x_wconf 87' lang='lat' dir='ltr'>srlia</span> 
     </span>
     <span class='ocr_line' id='line_1_14' title="bbox 232 1588 1169 1680; baseline 0.005 -24"><span class='ocrx_word' id='word_1_91' title='bbox 232 1588 268 1656; x_wconf 80' lang='grc' dir='ltr'>Τ.</span> <span class='ocrx_word' id='word_1_92' title='bbox 286 1588 323 1656; x_wconf 89' lang='grc' dir='ltr'>Β.</span> <span class='ocrx_word' id='word_1_93' title='bbox 340 1588 477 1674; x_wconf 89' lang='lat' dir='ltr'>Soevoli,</span> <span class='ocrx_word' id='word_1_94' title='bbox 494 1593 591 1661; x_wconf 90' lang='lat' dir='ltr'>ambo</span> <span class='ocrx_word' id='word_1_95' title='bbox 607 1593 648 1660; x_wconf 90' lang='lat' dir='ltr'>de</span> <span class='ocrx_word' id='word_1_96' title='bbox 661 1590 818 1680; x_wconf 90' lang='lat' dir='ltr'>parocbia</span> <span class='ocrx_word' id='word_1_97' title='bbox 833 1589 956 1671; x_wconf 86' lang='lat' dir='ltr'>Braxii,</span> <span class='ocrx_word' id='word_1_98' title='bbox 976 1602 1010 1660; x_wconf 92' lang='lat' dir='ltr'>et</span> <span class='ocrx_word' id='word_1_99' title='bbox 1028 1590 1169 1661; x_wconf 84' lang='lat' dir='ltr'>invicem</span> 
     </span>
     <span class='ocr_line' id='line_1_15' title="bbox 232 1682 1167 1775; baseline 0.004 -25"><span class='ocrx_word' id='word_1_100' title='bbox 232 1682 399 1754; x_wconf 91' lang='lat' dir='ltr'>coniuncti</span> <span class='ocrx_word' id='word_1_101' title='bbox 434 1685 559 1774; x_wconf 87' lang='lat' dir='ltr'>duplici</span> <span class='ocrx_word' id='word_1_102' title='bbox 580 1694 700 1775; x_wconf 89' lang='lat' dir='ltr'>quarto</span> <span class='ocrx_word' id='word_1_103' title='bbox 721 1683 1018 1773; x_wconf 76' lang='lat' dir='ltr'>consanguinitatis</span> <span class='ocrx_word' id='word_1_104' title='bbox 1037 1684 1167 1771; x_wconf 86' lang='lat' dir='ltr'>gradu,</span> 
     </span>
     <span class='ocr_line' id='line_1_16' title="bbox 233 1777 1171 1868; baseline 0.007 -25"><span class='ocrx_word' id='word_1_105' title='bbox 233 1787 470 1847; x_wconf 83' lang='lat' dir='ltr'>contraxerunt</span> <span class='ocrx_word' id='word_1_106' title='bbox 481 1779 645 1868; x_wconf 87' lang='lat' dir='ltr'>sponsalia</span> <span class='ocrx_word' id='word_1_107' title='bbox 667 1777 708 1847; x_wconf 93' lang='lat' dir='ltr'>de</span> <span class='ocrx_word' id='word_1_108' title='bbox 725 1779 839 1847; x_wconf 89' lang='lat' dir='ltr'>loturo</span> <span class='ocrx_word' id='word_1_109' title='bbox 855 1798 966 1848; x_wconf 88' lang='lat' dir='ltr'>coram</span> <span class='ocrx_word' id='word_1_110' title='bbox 982 1777 1122 1847; x_wconf 90' lang='lat' dir='ltr'>testibus</span> <span class='ocrx_word' id='word_1_111' title='bbox 1137 1791 1171 1850; x_wconf 92' lang='lat' dir='ltr'>et</span> 
     </span>
     <span class='ocr_line' id='line_1_17' title="bbox 233 1870 1167 1962; baseline 0.006 -26"><span class='ocrx_word' id='word_1_112' title='bbox 233 1886 349 1938; x_wconf 88' lang='lat' dir='ltr'>eurum</span> <span class='ocrx_word' id='word_1_113' title='bbox 370 1873 593 1962; x_wconf 86' lang='lat' dir='ltr'>propinquis,</span> <span class='ocrx_word' id='word_1_114' title='bbox 614 1871 808 1961; x_wconf 89' lang='lat' dir='ltr'>parentibus</span> <span class='ocrx_word' id='word_1_115' title='bbox 835 1882 869 1941; x_wconf 89' lang='lat' dir='ltr'>et</span> <span class='ocrx_word' id='word_1_116' title='bbox 892 1870 1032 1955; x_wconf 86' lang='lat' dir='ltr'>amicis,</span> <span class='ocrx_word' id='word_1_117' title='bbox 1055 1882 1088 1941; x_wconf 86' lang='lat' dir='ltr'>et</span> <span class='ocrx_word' id='word_1_118' title='bbox 1105 1871 1167 1942; x_wconf 91' lang='lat' dir='ltr'>sub</span> 
     </span>
     <span class='ocr_line' id='line_1_18' title="bbox 233 1963 1168 2055; baseline 0.006 -25"><span class='ocrx_word' id='word_1_119' title='bbox 233 1963 448 2048; x_wconf 90' lang='lat' dir='ltr'>conditione,</span> <span class='ocrx_word' id='word_1_120' title='bbox 470 1967 559 2055; x_wconf 89' lang='lat' dir='ltr'>quod</span> <span class='ocrx_word' id='word_1_121' title='bbox 580 1965 773 2034; x_wconf 72' lang='lat' dir='ltr'>Vincentius</span> <span class='ocrx_word' id='word_1_122' title='bbox 792 1984 934 2054; x_wconf 90' lang='lat' dir='ltr'>sponsos</span> <span class='ocrx_word' id='word_1_123' title='bbox 953 1964 1168 2053; x_wconf 90' lang='lat' dir='ltr'>apostolicam</span> 
     </span>
     <span class='ocr_line' id='line_1_19' title="bbox 232 2055 1168 2149; baseline 0.006 -25"><span class='ocrx_word' id='word_1_124' title='bbox 232 2055 513 2145; x_wconf 87' lang='lat' dir='ltr'>dispensationem</span> <span class='ocrx_word' id='word_1_125' title='bbox 534 2080 636 2149; x_wconf 90' lang='lat' dir='ltr'>super</span> <span class='ocrx_word' id='word_1_126' title='bbox 651 2058 708 2129; x_wconf 87' lang='lat' dir='ltr'>tali</span> <span class='ocrx_word' id='word_1_127' title='bbox 728 2058 965 2148; x_wconf 86' lang='lat' dir='ltr'>impedimento</span> <span class='ocrx_word' id='word_1_128' title='bbox 986 2056 1168 2147; x_wconf 88' lang='lat' dir='ltr'>impetrare</span> 
     </span>
     <span class='ocr_line' id='line_1_20' title="bbox 231 2149 1167 2243; baseline 0.006 -26"><span class='ocrx_word' id='word_1_129' title='bbox 231 2149 418 2235; x_wconf 87' lang='lat' dir='ltr'>debuisset,</span> <span class='ocrx_word' id='word_1_130' title='bbox 443 2155 600 2243; x_wconf 89' lang='lat' dir='ltr'>quodque</span> <span class='ocrx_word' id='word_1_131' title='bbox 621 2165 696 2242; x_wconf 90' lang='lat' dir='ltr'>post</span> <span class='ocrx_word' id='word_1_132' title='bbox 715 2152 850 2242; x_wconf 86' lang='lat' dir='ltr'>aliquod</span> <span class='ocrx_word' id='word_1_133' title='bbox 871 2151 1030 2241; x_wconf 88' lang='lat' dir='ltr'>temporis</span> <span class='ocrx_word' id='word_1_134' title='bbox 1050 2154 1167 2241; x_wconf 89' lang='lat' dir='ltr'>poeni·</span> 
     </span>
     <span class='ocr_line' id='line_1_21' title="bbox 230 2243 1166 2335; baseline 0.006 -24"><span class='ocrx_word' id='word_1_135' title='bbox 230 2243 334 2317; x_wconf 90' lang='lat' dir='ltr'>tuerit</span> <span class='ocrx_word' id='word_1_136' title='bbox 352 2245 561 2316; x_wconf 75' lang='lat' dir='ltr'>vincentium</span> <span class='ocrx_word' id='word_1_137' title='bbox 589 2247 755 2318; x_wconf 89' lang='lat' dir='ltr'>dictorum</span> <span class='ocrx_word' id='word_1_138' title='bbox 775 2245 1004 2335; x_wconf 86' lang='lat' dir='ltr'>sponsalium,</span> <span class='ocrx_word' id='word_1_139' title='bbox 1031 2266 1049 2314; x_wconf 91' lang='lat' dir='ltr'>a</span> <span class='ocrx_word' id='word_1_140' title='bbox 1070 2247 1166 2317; x_wconf 90' lang='lat' dir='ltr'>tbeu·</span> 
     </span>
     <span class='ocr_line' id='line_1_22' title="bbox 230 2336 1164 2429; baseline 0.006 -25"><span class='ocrx_word' id='word_1_141' title='bbox 230 2336 316 2425; x_wconf 86' lang='lat' dir='ltr'>logis</span> <span class='ocrx_word' id='word_1_142' title='bbox 348 2351 381 2408; x_wconf 91' lang='lat' dir='ltr'>et</span> <span class='ocrx_word' id='word_1_143' title='bbox 411 2339 608 2429; x_wconf 38' lang='lat' dir='ltr'>‚doctoribus</span> <span class='ocrx_word' id='word_1_144' title='bbox 634 2339 833 2408; x_wconf 89' lang='lat' dir='ltr'>instructum</span> <span class='ocrx_word' id='word_1_145' title='bbox 855 2359 927 2408; x_wconf 89' lang='lat' dir='ltr'>sese</span> <span class='ocrx_word' id='word_1_146' title='bbox 946 2339 1040 2409; x_wconf 91' lang='lat' dir='ltr'>nullo</span> <span class='ocrx_word' id='word_1_147' title='bbox 1068 2352 1164 2429; x_wconf 91' lang='lat' dir='ltr'>pactu</span> 
     </span>
     <span class='ocr_line' id='line_1_23' title="bbox 229 2429 1163 2521; baseline 0.006 -24"><span class='ocrx_word' id='word_1_148' title='bbox 229 2429 336 2499; x_wconf 90' lang='lat' dir='ltr'>teneri</span> <span class='ocrx_word' id='word_1_149' title='bbox 365 2432 406 2500; x_wconf 90' lang='lat' dir='ltr'>ad</span> <span class='ocrx_word' id='word_1_150' title='bbox 427 2452 544 2501; x_wconf 90' lang='lat' dir='ltr'>eorum</span> <span class='ocrx_word' id='word_1_151' title='bbox 570 2431 837 2516; x_wconf 86' lang='lat' dir='ltr'>observantiam,</span> <span class='ocrx_word' id='word_1_152' title='bbox 860 2443 974 2521; x_wconf 91' lang='lat' dir='ltr'>utpote</span> <span class='ocrx_word' id='word_1_153' title='bbox 1003 2431 1163 2503; x_wconf 90' lang='lat' dir='ltr'>initorum</span> 
     </span>
     <span class='ocr_line' id='line_1_24' title="bbox 228 2519 1160 2613; baseline 0.008 -25"><span class='ocrx_word' id='word_1_154' title='bbox 228 2519 317 2590; x_wconf 91' lang='lat' dir='ltr'>inter</span> <span class='ocrx_word' id='word_1_155' title='bbox 337 2542 496 2611; x_wconf 87' lang='lat' dir='ltr'>personas</span> <span class='ocrx_word' id='word_1_156' title='bbox 516 2524 753 2613; x_wconf 91' lang='lat' dir='ltr'>impedimento</span> <span class='ocrx_word' id='word_1_157' title='bbox 773 2525 950 2594; x_wconf 89' lang='lat' dir='ltr'>dirimente</span> <span class='ocrx_word' id='word_1_158' title='bbox 978 2525 1160 2595; x_wconf 80' lang='lat' dir='ltr'>obnoxias:</span> 
     </span>
     <span class='ocr_line' id='line_1_25' title="bbox 227 2612 1164 2709; baseline 0.009 -29"><span class='ocrx_word' id='word_1_159' title='bbox 227 2612 391 2685; x_wconf 87' lang='lat' dir='ltr'>viceversa</span> <span class='ocrx_word' id='word_1_160' title='bbox 417 2617 607 2707; x_wconf 83' lang='lat' dir='ltr'>llagdalena</span> <span class='ocrx_word' id='word_1_161' title='bbox 628 2640 772 2708; x_wconf 88' lang='lat' dir='ltr'>sponsa,</span> <span class='ocrx_word' id='word_1_162' title='bbox 794 2629 946 2709; x_wconf 87' lang='lat' dir='ltr'>perstans</span> <span class='ocrx_word' id='word_1_163' title='bbox 964 2618 998 2687; x_wconf 90' lang='lat' dir='ltr'>in</span> <span class='ocrx_word' id='word_1_164' title='bbox 1030 2639 1164 2688; x_wconf 91' lang='lat' dir='ltr'>eorum·</span> 
     </span>
     <span class='ocr_line' id='line_1_26' title="bbox 230 2706 1161 2797; baseline 0.01 -24"><span class='ocrx_word' id='word_1_165' title='bbox 230 2706 305 2774; x_wconf 90' lang='lat' dir='ltr'>dem</span> <span class='ocrx_word' id='word_1_166' title='bbox 318 2709 521 2797; x_wconf 91' lang='lat' dir='ltr'>sponsalium</span> <span class='ocrx_word' id='word_1_167' title='bbox 534 2711 692 2782; x_wconf 85' lang='lat' dir='ltr'>firmitate</span> <span class='ocrx_word' id='word_1_168' title='bbox 706 2722 739 2782; x_wconf 88' lang='lat' dir='ltr'>et</span> <span class='ocrx_word' id='word_1_169' title='bbox 753 2711 972 2795; x_wconf 84' lang='lat' dir='ltr'>observantia,</span> <span class='ocrx_word' id='word_1_170' title='bbox 988 2731 1161 2782; x_wconf 84' lang='lat' dir='ltr'>recursum</span> 
     </span>
     <span class='ocr_line' id='line_1_27' title="bbox 229 2798 1161 2895; baseline 0.01 -30"><span class='ocrx_word' id='word_1_171' title='bbox 229 2798 350 2869; x_wconf 88' lang='lat' dir='ltr'>babuit</span> <span class='ocrx_word' id='word_1_172' title='bbox 363 2803 404 2870; x_wconf 88' lang='lat' dir='ltr'>ad</span> <span class='ocrx_word' id='word_1_173' title='bbox 425 2805 578 2874; x_wconf 90' lang='lat' dir='ltr'>eumdem</span> <span class='ocrx_word' id='word_1_174' title='bbox 597 2806 809 2895; x_wconf 74' lang='lat' dir='ltr'>Episcopum,</span> <span class='ocrx_word' id='word_1_175' title='bbox 829 2804 886 2894; x_wconf 92' lang='lat' dir='ltr'>qui</span> <span class='ocrx_word' id='word_1_176' title='bbox 906 2816 1017 2875; x_wconf 89' lang='lat' dir='ltr'>tamen</span> <span class='ocrx_word' id='word_1_177' title='bbox 1041 2825 1161 2895; x_wconf 90' lang='lat' dir='ltr'>anceps</span> 
     </span>
     <span class='ocr_line' id='line_1_28' title="bbox 228 2892 1162 2980; baseline 0.011 -22"><span class='ocrx_word' id='word_1_178' title='bbox 228 2892 263 2959; x_wconf 89' lang='lat' dir='ltr'>in</span> <span class='ocrx_word' id='word_1_179' title='bbox 284 2892 475 2966; x_wconf 87' lang='lat' dir='ltr'>huiusmodi</span> <span class='ocrx_word' id='word_1_180' title='bbox 494 2898 586 2967; x_wconf 90' lang='lat' dir='ltr'>dubii</span> <span class='ocrx_word' id='word_1_181' title='bbox 606 2899 828 2980; x_wconf 90' lang='lat' dir='ltr'>resolutione,</span> <span class='ocrx_word' id='word_1_182' title='bbox 842 2898 1029 2967; x_wconf 89' lang='lat' dir='ltr'>humillime</span> <span class='ocrx_word' id='word_1_183' title='bbox 1047 2919 1162 2968; x_wconf 83' lang='lat' dir='ltr'>exora·</span> 
     </span>
     <span class='ocr_line' id='line_1_29' title="bbox 228 2985 1161 3082; baseline 0.01 -30"><span class='ocrx_word' id='word_1_184' title='bbox 228 2985 275 3054; x_wconf 87' lang='lat' dir='ltr'>vit</span> <span class='ocrx_word' id='word_1_185' title='bbox 294 2985 359 3056; x_wconf 85' lang='grc' dir='ltr'>ΕΕ.</span> <span class='ocrx_word' id='word_1_186' title='bbox 382 2988 447 3059; x_wconf 89' lang='grc' dir='ltr'>ΡΡ.</span> <span class='ocrx_word' id='word_1_187' title='bbox 468 3013 529 3081; x_wconf 93' lang='lat' dir='ltr'>pru</span> <span class='ocrx_word' id='word_1_188' title='bbox 548 2992 621 3063; x_wconf 91' lang='lat' dir='ltr'>eius</span> <span class='ocrx_word' id='word_1_189' title='bbox 637 2992 872 3076; x_wconf 86' lang='lat' dir='ltr'>declaratione,</span> <span class='ocrx_word' id='word_1_190' title='bbox 888 2991 976 3081; x_wconf 86' lang='lat' dir='ltr'>quod</span> <span class='ocrx_word' id='word_1_191' title='bbox 990 3012 1070 3061; x_wconf 91' lang='lat' dir='ltr'>sane</span> <span class='ocrx_word' id='word_1_192' title='bbox 1083 3012 1161 3082; x_wconf 92' lang='lat' dir='ltr'>pro·</span> 
     </span>
     <span class='ocr_line' id='line_1_30' title="bbox 227 3078 1161 3175; baseline 0.007 -27"><span class='ocrx_word' id='word_1_193' title='bbox 227 3078 373 3167; x_wconf 90' lang='lat' dir='ltr'>positum</span> <span class='ocrx_word' id='word_1_194' title='bbox 392 3082 427 3150; x_wconf 90' lang='lat' dir='ltr'>in</span> <span class='ocrx_word' id='word_1_195' title='bbox 444 3096 593 3155; x_wconf 88' lang='lat' dir='ltr'>anteacta</span> <span class='ocrx_word' id='word_1_196' title='bbox 611 3085 869 3175; x_wconf 79' lang='lat' dir='ltr'>congregatione</span> <span class='ocrx_word' id='word_1_197' title='bbox 890 3085 1016 3155; x_wconf 90' lang='lat' dir='ltr'>iussum</span> <span class='ocrx_word' id='word_1_198' title='bbox 1032 3084 1106 3169; x_wconf 89' lang='lat' dir='ltr'>luit,</span> <span class='ocrx_word' id='word_1_199' title='bbox 1123 3097 1161 3155; x_wconf 89' lang='lat' dir='ltr'>ut</span> 
     </span>
     <span class='ocr_line' id='line_1_31' title="bbox 227 3172 1157 3269; baseline 0.011 -31"><span class='ocrx_word' id='word_1_200' title='bbox 227 3172 309 3242; x_wconf 92' lang='lat' dir='ltr'>illud</span> <span class='ocrx_word' id='word_1_201' title='bbox 325 3189 507 3263; x_wconf 88' lang='lat' dir='ltr'>poneretur</span> <span class='ocrx_word' id='word_1_202' title='bbox 526 3178 561 3248; x_wconf 91' lang='lat' dir='ltr'>in</span> <span class='ocrx_word' id='word_1_203' title='bbox 585 3180 680 3250; x_wconf 86' lang='lat' dir='ltr'>lolio.</span> <span class='ocrx_word' id='word_1_204' title='bbox 712 3179 797 3248; x_wconf 89' lang='lat' dir='ltr'>Hinc</span> <span class='ocrx_word' id='word_1_205' title='bbox 815 3179 962 3269; x_wconf 88' lang='lat' dir='ltr'>parendo</span> <span class='ocrx_word' id='word_1_206' title='bbox 982 3178 1157 3263; x_wconf 86' lang='lat' dir='ltr'>mandatis,</span> 
     </span>
     <span class='ocr_line' id='line_1_32' title="bbox 227 3266 1160 3362; baseline 0.011 -29"><span class='ocrx_word' id='word_1_207' title='bbox 227 3266 326 3336; x_wconf 91' lang='lat' dir='ltr'>bodie</span> <span class='ocrx_word' id='word_1_208' title='bbox 345 3271 556 3359; x_wconf 89' lang='lat' dir='ltr'>proponitor;</span> <span class='ocrx_word' id='word_1_209' title='bbox 573 3294 617 3342; x_wconf 89' lang='lat' dir='ltr'>an</span> <span class='ocrx_word' id='word_1_210' title='bbox 633 3273 797 3362; x_wconf 90' lang='lat' dir='ltr'>sponsalia</span> <span class='ocrx_word' id='word_1_211' title='bbox 817 3272 1044 3342; x_wconf 88' lang='lat' dir='ltr'>sustineantur</span> <span class='ocrx_word' id='word_1_212' title='bbox 1061 3271 1096 3341; x_wconf 89' lang='lat' dir='ltr'>in</span> <span class='ocrx_word' id='word_1_213' title='bbox 1109 3293 1160 3343; x_wconf 90' lang='lat' dir='ltr'>ca·</span> 
     </span>
     <span class='ocr_line' id='line_1_33' title="bbox 227 3358 1160 3455; baseline 0.009 -29"><span class='ocrx_word' id='word_1_214' title='bbox 227 3378 281 3427; x_wconf 88' lang='lat' dir='ltr'>su.</span> <span class='ocrx_word' id='word_1_215' title='bbox 300 3358 335 3428; x_wconf 88' lang='lat' dir='ltr'>S.</span> <span class='ocrx_word' id='word_1_216' title='bbox 356 3361 393 3432; x_wconf 82' lang='lat' dir='ltr'>C.</span> <span class='ocrx_word' id='word_1_217' title='bbox 416 3363 454 3433; x_wconf 84' lang='lat' dir='ltr'>C.</span> <span class='ocrx_word' id='word_1_218' title='bbox 472 3367 668 3454; x_wconf 87' lang='lat' dir='ltr'>respondit:</span> <span class='ocrx_word' id='word_1_219' title='bbox 689 3366 858 3455; x_wconf 87' lang='lat' dir='ltr'>Negative.</span> <span class='ocrx_word' id='word_1_220' title='bbox 883 3388 898 3431; x_wconf 88' lang='lat' dir='ltr'>t</span> <span class='ocrx_word' id='word_1_221' title='bbox 920 3362 1160 3435; x_wconf 62' lang='lat' dir='ltr'>conducitur</span> 
     </span>
     <span class='ocr_line' id='line_1_34' title="bbox 226 3451 1159 3547; baseline 0.01 -28"><span class='ocrx_word' id='word_1_222' title='bbox 226 3451 328 3522; x_wconf 86' lang='lat' dir='ltr'>decis.</span> <span class='ocrx_word' id='word_1_223' title='bbox 346 3453 381 3523; x_wconf 88' lang='lat' dir='ltr'>in</span> <span class='ocrx_word' id='word_1_224' title='bbox 398 3455 469 3526; x_wconf 89' lang='lat' dir='ltr'>lan.</span> <span class='ocrx_word' id='word_1_225' title='bbox 490 3457 536 3526; x_wconf 72' lang='lat' dir='ltr'>ll</span> <span class='ocrx_word' id='word_1_226' title='bbox 555 3459 633 3531; x_wconf 84' lang='lat' dir='ltr'>Dec.</span> <span class='ocrx_word' id='word_1_227' title='bbox 654 3457 760 3545; x_wconf 83' lang='lat'><strong>17333</strong></span> <span class='ocrx_word' id='word_1_228' title='bbox 783 3480 825 3530; x_wconf 87' lang='lat' dir='ltr'>eu</span> <span class='ocrx_word' id='word_1_229' title='bbox 842 3478 950 3529; x_wconf 90' lang='lat' dir='ltr'>casus.</span> <span class='ocrx_word' id='word_1_230' title='bbox 969 3457 1048 3527; x_wconf 88' lang='lat' dir='ltr'>Post</span> <span class='ocrx_word' id='word_1_231' title='bbox 1059 3479 1159 3547; x_wconf 86' lang='lat' dir='ltr'>sporr-</span> 
     </span>
     <span class='ocr_line' id='line_1_35' title="bbox 227 3545 1158 3643; baseline 0.011 -31"><span class='ocrx_word' id='word_1_232' title='bbox 227 3545 307 3629; x_wconf 79' lang='lat' dir='ltr'>salia</span> <span class='ocrx_word' id='word_1_233' title='bbox 324 3546 411 3619; x_wconf 89' lang='lat' dir='ltr'>inter</span> <span class='ocrx_word' id='word_1_234' title='bbox 430 3551 513 3621; x_wconf 92' lang='lat' dir='ltr'>duos</span> <span class='ocrx_word' id='word_1_235' title='bbox 535 3565 654 3642; x_wconf 87' lang='lat' dir='ltr'>quarto</span> <span class='ocrx_word' id='word_1_236' title='bbox 675 3552 972 3643; x_wconf 86' lang='lat' dir='ltr'>consanguinitatis</span> <span class='ocrx_word' id='word_1_237' title='bbox 985 3552 1090 3639; x_wconf 87' lang='lat' dir='ltr'>grado</span> <span class='ocrx_word' id='word_1_238' title='bbox 1105 3552 1158 3622; x_wconf 84' lang='lat' dir='ltr'>die</span> 
     </span>
    </p>
   </div>
   <div class='ocr_carea' id='block_1_4' title="bbox 0 0 1326 4175">
    <p class='ocr_par' dir='ltr' id='par_1_4' title="bbox 0 0 1326 4175">
     <span class='ocr_line' id='line_1_36' title="bbox 0 0 1326 4175; baseline 0 5"><span class='ocrx_word' id='word_1_239' title='bbox 0 0 1326 4175; x_wconf 95' lang='lat' dir='ltr'> </span> 
     </span>
    </p>
   </div>
  </div>
 </body>
</html>
