2642 4175
489 366 534 410 nu
559 366 772 413 sperassemus
1011 357 1051 414 71

161 464 303 533 reddant
325 461 492 544 difficilius
520 466 692 554 multoque
724 465 920 550 molestius,
950 487 1102 557 quaeque

161 556 253 647 prius
273 555 427 644 cognitae
448 556 520 625 eius
538 557 736 627 conditionis
755 558 908 632 homines
925 559 967 628 ab
986 560 1103 630 ineun-

161 651 214 728 dis¹
229 649 442 742 sponsalibus
454 651 680 737 retrusissent,
697 673 900 742 quamquam
914 652 984 743 ipsa
1001 675 1102 743 spou-

162 745 241 815 salia
256 744 511 835 praecesserint,
529 764 661 814 causam
682 758 790 816 tamen
806 748 925 816 iustam
947 747 1103 817 exhibent

103 905 107 910 ,
162 860 179 906 a
199 836 413 929 sponsalibus
432 838 628 921 recedendi,
652 860 755 928 quum
783 840 928 930 primum
947 840 1101 909 innotue-

161 932 239 1001 rint.
260 932 299 999 In
316 932 393 1001 Iure
413 952 559 1021 namque
576 932 669 1020 paria
687 943 781 1018 sunt,
803 954 870 1002 non
891 954 963 1001 esse
984 945 1016 1001 et
1034 954 1102 1001 non

161 1045 336 1115 apparere,
360 1024 395 1092 L.
419 1025 483 1093 duo
504 1036 581 1093 sunt
599 1022 644 1094 30
664 1026 698 1093 li.
722 1027 762 1096 de
783 1039 857 1096 test.
873 1027 989 1109 tutela;
1009 1026 1103 1116 paria

161 1118 260 1187 etiam
275 1118 309 1186 in
325 1119 403 1186 lure
422 1130 499 1188 sunt
515 1119 741 1208 supervenire,
757 1132 791 1189 et
811 1119 1022 1207 praecedere,
1044 1119 1104 1188 sed

163 1211 311 1302 ignorari
332 1213 418 1300 lege,
442 1213 507 1300 leg.
525 1213 558 1279 ff,
581 1212 622 1281 de
635 1227 722 1284 cont.
746 1223 848 1303 empt.
863 1213 971 1303 Atque
984 1211 1048 1280 hoc
1062 1212 1103 1281 ad

163 1305 331 1396 sponsalia
352 1305 452 1374 etiam
474 1306 579 1374 iurata
599 1318 690 1377 recte
709 1307 914 1390 extenditur,
936 1305 1102 1395 siquidem

165 1399 391 1470 iuramentum
408 1400 549 1469 includit
559 1421 675 1469 omnes
691 1401 896 1471 conditiones
915 1410 1104 1469 contractus

164 1492 218 1561 cui
233 1492 401 1575 adiicitur,
418 1493 495 1581 Leg.
512 1494 569 1561 lin.
590 1493 669 1562 dod.
693 1496 733 1564 de
753 1516 819 1564 non
838 1514 932 1563 num.
948 1514 1035 1583 pec,
1057 1503 1104 1561 at·

164 1608 229 1676 que
243 1586 370 1656 idcirco
389 1587 545 1656 relaxatio
563 1586 742 1660 iuramenti
757 1588 790 1657 iu
806 1586 996 1657 huiusmodi
1012 1607 1102 1666 casu,

165 1692 200 1749 ut
230 1692 445 1769 exposcatur,
468 1691 605 1749 nonest
632 1702 779 1751 necesse.
815 1681 851 1749 ln
871 1701 970 1750 cansa
989 1692 1101 1750 autem

165 1774 356 1862 particulari
371 1794 535 1862 quaenam
552 1775 690 1844 mutatio
707 1774 956 1863 superveniens,
972 1784 1030 1841 aut
1041 1772 1103 1841 cir-

164 1868 381 1938 cumstantiae
409 1867 556 1939 detectae
578 1869 741 1957 sponsalia
768 1868 963 1952 dissolvant,
990 1865 1101 1954 legiti-

164 1982 237 2031 mus
257 1960 361 2030 Iudex
379 1961 622 2049 pronuntiabit.

211 2078 226 2122 ‹
247 2053 435 2125 Notandum
455 2064 578 2140 tamen,
602 2054 649 2125 ait
667 2054 735 2124 Van
755 2054 863 2143 Espen
883 2052 951 2121 lur.
973 2052 1116 2146 Eccles„

164 2149 309 2218 univers.
331 2160 418 2237 part.
440 2146 473 2232 d,
497 2149 551 2217 tit.
568 2145 626 2231 ld,
649 2169 724 2237 cap.
745 2146 779 2232 l,
800 2167 867 2214 non
887 2145 1040 2214 sufficere
1059 2148 1100 2215 ad

162 2242 360 2311 solutionem
377 2241 603 2331 sponsalium,
626 2242 715 2329 quod
735 2238 947 2329 superveniat
968 2249 1025 2306 aut
1043 2238 1101 2307 de·

160 2348 293 2424 tegatur
335 2335 409 2405 talis
444 2335 720 2419 circumstantia,
755 2352 840 2423 qnae
872 2330 900 2401 si
937 2331 1099 2419 praescita

160 2430 293 2512 luisset,
322 2428 487 2517 sponsalia
515 2449 581 2496 non
612 2427 693 2497 inita
724 2428 885 2509 luissent,
918 2425 995 2514 quia
1027 2447 1100 2496 cer·

158 2535 228 2592 tum
249 2534 300 2592 est
320 2524 423 2593 multa
444 2542 540 2611 posse
565 2520 727 2604 sufficere,
752 2533 788 2590 ut
807 2531 994 2589 contractus
1015 2540 1099 2591 nou·

159 2617 238 2685 dum
270 2615 373 2686 initus
393 2615 471 2684 iniri
492 2636 557 2685 nou
586 2614 746 2698 deberet,
777 2635 838 2682 nec
872 2611 950 2682 iniri
981 2635 1098 2684 couve-

158 2709 267 2792 niret‚
290 2730 375 2798 quae
395 2709 585 2799 nullatenus
602 2720 711 2777 tamen
732 2706 918 2789 sufficiunt,
952 2720 990 2777 nt
1019 2728 1098 2778 cou-

160 2814 301 2872 tractum
333 2802 528 2885 dissolvant,
564 2823 603 2871 eo
635 2802 724 2891 quod
753 2811 922 2870 contractu
949 2803 1097 2870 noudum

160 2897 253 2980 inito,
275 2896 373 2985 plena
393 2896 437 2965 sit
457 2895 592 2969 libertas
611 2916 678 2964 non
693 2893 908 2964 contrahendi
925 2916 934 2976 ;
956 2915 1044 2983 quae
1057 2893 1098 2962 li·

159 2990 269 3063 bertas
281 3009 348 3057 non
361 2989 486 3073 subest,
507 3001 680 3079 postquam
701 2999 889 3057 contractus
908 2986 971 3057 fuit
989 2987 1098 3077 perle-

159 3093 244 3157 ctus.
263 3083 380 3171 ltaque
399 3094 436 3151 ut
459 3083 637 3167 iudicetur,
662 3101 704 3150 an
725 3081 768 3151 ob
787 3080 1095 3170 supervenientem,

160 3190 215 3249 aut
243 3177 408 3247 detectam
436 3175 582 3266 aliquam
616 3174 901 3244 circumstantiam
930 3173 1096 3261 sponsalia

159 3281 358 3343 censeantur
377 3271 597 3353 essesoluta,
619 3268 751 3359 ipsique
776 3265 904 3356 sponsi,
921 3277 976 3337 aut
998 3267 1098 3337 alter·

159 3375 372 3439 utereorurn
392 3364 434 3433 ab
453 3363 655 3452 obligatione
677 3359 800 3443 soluti,
822 3359 1093 3449 expendendum,

158 3479 198 3527 an
217 3459 302 3530 tales
325 3477 488 3546 personae
503 3456 687 3527 secundum
708 3452 1026 3545 prudensiudicium
1048 3464 1097 3523 ta·

157 3551 244 3623 libus
260 3551 392 3635 verbis,
415 3563 449 3620 at
467 3552 501 3620 iu
536 3550 656 3620 talibus
678 3547 935 3627 circumstantiis
957 3564 1097 3615 consen·
