2642 4175
563 529 718 616 GAPUT
757 529 808 615 ΙΙ.

423 712 478 773 nn
506 709 668 772 unauna
701 708 968 772 numentanu-

640 1024 729 1116 §aa

356 1200 401 1257 Ito
436 1197 569 1256 dirersis
603 1195 795 1254 nstrtmonn
826 1196 1013 1258 immnuta.

265 1379 509 1452 Matrimonium
531 1401 548 1448 a
575 1390 692 1462 matre,
708 1398 775 1449 non
795 1400 812 1447 a
832 1390 925 1468 patre
950 1398 1073 1448 nomen
1087 1399 1158 1449 sor·

219 1478 322 1559 titur,
342 1474 419 1565 quia
447 1472 549 1563 prolis
570 1494 702 1561 semper
731 1483 820 1542 certa
853 1483 960 1542 mater
994 1484 1066 1556 est,
1087 1493 1157 1543 non

219 1590 352 1659 semper
372 1579 482 1637 certus
502 1579 607 1657 pater,
629 1566 694 1635 nisi
713 1590 751 1635 ex
770 1566 853 1635 iuris
873 1565 1155 1656 praesumptione.

219 1664 322 1732 Filius
339 1662 428 1732 enim
444 1660 471 1730 is
484 1662 653 1729 dumtaxat
667 1660 886 1743 existimatur,
902 1682 1002 1750 quem
1018 1661 1157 1749 nuptiae

222 1759 468 1838 demonstrant,
488 1755 523 1823 L.
544 1754 625 1836 Quia
648 1775 780 1843 semper
800 1751 833 1833 5,
851 1754 886 1822 ff.
908 1757 949 1822 de
970 1754 1003 1821 in
1024 1754 1076 1822 ius
1100 1776 1158 1823 ro·

223 1852 342 1933 cand0;
364 1848 442 1940 quia
461 1848 558 1918 etiam
579 1848 701 1916 mulier
719 1847 842 1916 idcirco
864 1846 1006 1915 maxime
1029 1847 1159 1916 nubere

225 1944 345 2028 debet,
369 1955 404 2013 ut
425 1954 531 2011 mater
551 1942 634 2025 fiat,
663 1941 832 2030 prolisque
861 1962 938 2010 cura
967 1942 1006 2008 ad
1034 1954 1160 2009 certam

223 2059 329 2130 usque
351 2048 493 2108 aetatem
510 2036 570 2126 ipsi
592 2034 799 2125 potissimum
816 2034 990 2119 incumbit;
1007 2034 1084 2124 quia
1101 2035 1161 2105 de·

224 2133 338 2224 nique,
362 2144 399 2202 nt
418 2131 465 2201 ait
482 2130 661 2218 Gregorius
690 2129 731 2197 lX
751 2151 822 2219 cap.
859 2129 907 2197 Ex
933 2129 1086 2200 errnars
1117 2130 1159 2199 de

223 2249 315 2298 conv.
337 2226 445 2295 infin:
471 2249 486 2291 t
504 2224 614 2293 lnsans
635 2223 732 2294 matri
747 2235 823 2293 ante
838 2235 968 2311 partum
984 2243 1158 2306 onerosus,

185 2346 187 2351 ·
222 2321 256 2389 in
269 2332 366 2410 partu
381 2320 566 2401 dolorosas,
589 2328 662 2405 post
681 2329 812 2406 partum
827 2316 1046 2398 laboriosum»
1073 2317 1161 2386 unde

221 2415 268 2484 sic
284 2413 384 2481 infert
401 2411 488 2479 idem
508 2410 667 2478 Pontifex:
694 2422 753 2479 tet
772 2432 808 2480 ex
827 2410 889 2479 hcc
908 2409 1056 2499 legitima
1086 2431 1161 2479 con·

222 2505 346 2574 iunctio
379 2503 479 2572 maris
500 2514 532 2572 et
551 2503 716 2572 foeminae
747 2503 850 2592 magis
884 2503 1158 2587 matrimonium,

222 2620 323 2691 quam
340 2597 578 2688 patrimonium
599 2609 847 2686 nuncupatur.»

267 2692 402 2761 Praeter
416 2690 618 2760 matrimonii
633 2691 834 2774 nomen,aiia
851 2691 949 2761 ctiam
965 2702 1158 2759 occurrunt.

90 2870 97 2877 „
221 2783 456 2855 diciturenim
482 2784 696 2873 coniugium,
722 2784 799 2874 quia
831 2804 951 2874 nempe
984 2785 1066 2852 duos
1096 2784 1162 2852 sub

226 2881 342 2949 eodem
364 2879 442 2967 iugo
462 2892 621 2969 perpetuo
645 2878 834 2966 coniungit:
857 2890 972 2947 mutua
992 2875 1160 2965 siqnidem

224 2972 391 3044 estrirum
411 2974 497 3042 inter
516 2985 548 3042 et
566 2994 701 3040 uxorem
732 2971 902 3061 obligatio,
936 2980 969 3039 et
1007 2969 1161 3060 pluribus

225 3067 441 3136 incommodis
461 3079 494 3137 et
515 3065 687 3135 maleficiis
707 3065 804 3134 ambo
832 3067 919 3133 fiunt
938 3063 1083 3132 obnoxii.
1106 3064 1160 3131 Di·

225 3163 311 3233 citur
333 3161 431 3231 etiam
452 3160 667 3244 consortium,
691 3159 768 3248 quia
799 3179 918 3247 nempe
949 3157 1106 3245 coniuges
1126 3178 1162 3225 e-

123 3280 127 3285 ·
225 3257 352 3326 iusdem
371 3256 481 3339 sortis,
503 3276 562 3323 seu
586 3254 750 3335 fortunae,
787 3253 962 3340 participes
982 3250 1048 3319 sint
1063 3270 1162 3339 opor-

224 3359 289 3456 tet,
313 3349 390 3455 quia
409 3349 507 3419 etiam
529 3347 645 3416 intima
667 3347 753 3416 inter
774 3346 847 3416 illos
865 3345 963 3414 debet
989 3365 1060 3413 esse
1088 3364 1165 3411 ton·

226 3455 365 3512 iunctm.

274 3534 593 3627 Frequentissinnum
616 3534 808 3624 nuptiarum
829 3552 950 3603 nomen
970 3542 1020 3601 est
1049 3551 1067 3600 a
1100 3551 1164 3599 nu-
