<?xml version="1.0" encoding="UTF-8"?>
<!DOCTYPE html PUBLIC "-//W3C//DTD XHTML 1.0 Transitional//EN"
    "http://www.w3.org/TR/xhtml1/DTD/xhtml1-transitional.dtd">
<html xmlns="http://www.w3.org/1999/xhtml" xml:lang="en" lang="en">
 <head>
  <title>
</title>
<meta http-equiv="Content-Type" content="text/html;charset=utf-8" />
  <meta name='ocr-system' content='tesseract 3.04.00' />
  <meta name='ocr-capabilities' content='ocr_page ocr_carea ocr_par ocr_line ocrx_word'/>
</head>
<body>
  <div class='ocr_page' id='page_1' title='image "./septimiimariaev00veccgoog_0033.png"; bbox 0 0 2642 4175; ppageno 0'>
   <div class='ocr_carea' id='block_1_1' title="bbox 479 389 1035 448">
    <p class='ocr_par' dir='ltr' id='par_1_1' title="bbox 479 389 1035 448">
     <span class='ocr_line' id='line_1_1' title="bbox 479 389 1035 448; baseline 0.002 -1"><span class='ocrx_word' id='word_1_1' title='bbox 479 401 749 448; x_wconf 78' lang='lat' dir='ltr'><strong>ensrousmnus</strong></span> <span class='ocrx_word' id='word_1_2' title='bbox 993 389 1035 448; x_wconf 73' lang='lat' dir='ltr'><strong>at</strong></span> 
     </span>
    </p>
   </div>
   <div class='ocr_carea' id='block_1_2' title="bbox 139 499 1085 967">
    <p class='ocr_par' dir='ltr' id='par_1_2' title="bbox 139 499 1085 967">
     <span class='ocr_line' id='line_1_2' title="bbox 139 499 1083 589; baseline 0.003 -20"><span class='ocrx_word' id='word_1_3' title='bbox 139 499 205 569; x_wconf 88' lang='lat' dir='ltr'><strong>tius</strong></span> <span class='ocrx_word' id='word_1_4' title='bbox 224 510 338 569; x_wconf 90' lang='lat' dir='ltr'><strong>autem</strong></span> <span class='ocrx_word' id='word_1_5' title='bbox 372 500 422 568; x_wconf 89' lang='lat' dir='ltr'><strong>vel</strong></span> <span class='ocrx_word' id='word_1_6' title='bbox 455 513 651 589; x_wconf 89' lang='lat' dir='ltr'><strong>procurator</strong></span> <span class='ocrx_word' id='word_1_7' title='bbox 671 511 708 569; x_wconf 92' lang='lat' dir='ltr'><strong>ut</strong></span> <span class='ocrx_word' id='word_1_8' title='bbox 726 500 791 571; x_wconf 89' lang='lat' dir='ltr'><strong>rite</strong></span> <span class='ocrx_word' id='word_1_9' title='bbox 810 502 1008 587; x_wconf 88' lang='lat' dir='ltr'><strong>contrahat,</strong></span> <span class='ocrx_word' id='word_1_10' title='bbox 1030 503 1083 573; x_wconf 91' lang='lat' dir='ltr'><strong>in·</strong></span> 
     </span>
     <span class='ocr_line' id='line_1_3' title="bbox 139 592 1082 684; baseline 0.005 -21"><span class='ocrx_word' id='word_1_11' title='bbox 139 604 285 663; x_wconf 85' lang='lat' dir='ltr'><strong>structus</strong></span> <span class='ocrx_word' id='word_1_12' title='bbox 299 592 344 662; x_wconf 93' lang='lat' dir='ltr'><strong>sit</strong></span> <span class='ocrx_word' id='word_1_13' title='bbox 359 604 492 683; x_wconf 83' lang='lat' dir='ltr'><strong>oportet</strong></span> <span class='ocrx_word' id='word_1_14' title='bbox 508 593 643 684; x_wconf 87' lang='lat' dir='ltr'><strong>speciali</strong></span> <span class='ocrx_word' id='word_1_15' title='bbox 660 596 814 664; x_wconf 89' lang='lat' dir='ltr'><strong>mandato</strong></span> <span class='ocrx_word' id='word_1_16' title='bbox 827 596 868 665; x_wconf 84' lang='lat' dir='ltr'><strong>ad</strong></span> <span class='ocrx_word' id='word_1_17' title='bbox 885 596 1082 668; x_wconf 89' lang='lat' dir='ltr'><strong>contrahen-</strong></span> 
     </span>
     <span class='ocr_line' id='line_1_4' title="bbox 140 686 1085 780; baseline 0.002 -23"><span class='ocrx_word' id='word_1_18' title='bbox 140 689 232 770; x_wconf 89' lang='lat' dir='ltr'><strong>dum,</strong></span> <span class='ocrx_word' id='word_1_19' title='bbox 254 698 288 756; x_wconf 90' lang='lat' dir='ltr'><strong>et</strong></span> <span class='ocrx_word' id='word_1_20' title='bbox 307 686 444 777; x_wconf 88' lang='lat' dir='ltr'><strong>quidem</strong></span> <span class='ocrx_word' id='word_1_21' title='bbox 463 707 530 756; x_wconf 90' lang='lat' dir='ltr'><strong>non</strong></span> <span class='ocrx_word' id='word_1_22' title='bbox 551 686 723 758; x_wconf 83' lang='lat' dir='ltr'><strong>indefinite</strong></span> <span class='ocrx_word' id='word_1_23' title='bbox 744 710 819 757; x_wconf 91' lang='lat' dir='ltr'><strong>cum</strong></span> <span class='ocrx_word' id='word_1_24' title='bbox 841 690 992 780; x_wconf 88' lang='lat' dir='ltr'><strong>qualibet</strong></span> <span class='ocrx_word' id='word_1_25' title='bbox 1008 711 1085 780; x_wconf 88' lang='lat' dir='ltr'><strong>per·</strong></span> 
     </span>
     <span class='ocr_line' id='line_1_5' title="bbox 140 781 1082 865; baseline 0.005 -16"><span class='ocrx_word' id='word_1_26' title='bbox 140 800 234 860; x_wconf 85' lang='lat' dir='ltr'><strong>sona,</strong></span> <span class='ocrx_word' id='word_1_27' title='bbox 249 782 308 851; x_wconf 78' lang='lat' dir='ltr'><strong>sed</strong></span> <span class='ocrx_word' id='word_1_28' title='bbox 322 799 400 852; x_wconf 86' lang='lat' dir='ltr'><strong>cum</strong></span> <span class='ocrx_word' id='word_1_29' title='bbox 413 792 503 850; x_wconf 81' lang='lat' dir='ltr'><strong>carta</strong></span> <span class='ocrx_word' id='word_1_30' title='bbox 519 781 803 865; x_wconf 78' lang='lat' dir='ltr'><strong>vat-determinate,</strong></span> <span class='ocrx_word' id='word_1_31' title='bbox 820 804 879 853; x_wconf 80' lang='lat' dir='ltr'><strong>ore</strong></span> <span class='ocrx_word' id='word_1_32' title='bbox 891 785 942 853; x_wconf 87' lang='lat' dir='ltr'><strong>vel</strong></span> <span class='ocrx_word' id='word_1_33' title='bbox 960 782 1082 854; x_wconf 90' lang='lat' dir='ltr'><strong>litteris</strong></span> 
     </span>
     <span class='ocr_line' id='line_1_6' title="bbox 141 873 1078 967; baseline 0.001 -24"><span class='ocrx_word' id='word_1_34' title='bbox 141 875 249 944; x_wconf 87' lang='lat' dir='ltr'><strong>eidem</strong></span> <span class='ocrx_word' id='word_1_35' title='bbox 281 873 492 965; x_wconf 77' lang='lat' dir='ltr'><strong>procuratori</strong></span> <span class='ocrx_word' id='word_1_36' title='bbox 525 875 709 963; x_wconf 79' lang='lat' dir='ltr'><strong>designata.</strong></span> <span class='ocrx_word' id='word_1_37' title='bbox 731 876 866 946; x_wconf 77' lang='lat' dir='ltr'><strong>Constat</strong></span> <span class='ocrx_word' id='word_1_38' title='bbox 885 897 923 946; x_wconf 83' lang='lat' dir='ltr'><strong>er</strong></span> <span class='ocrx_word' id='word_1_39' title='bbox 941 876 977 945; x_wconf 88' lang='lat' dir='ltr'><strong>L.</strong></span> <span class='ocrx_word' id='word_1_40' title='bbox 1000 895 1078 967; x_wconf 79' lang='lat' dir='ltr'><strong>gen.</strong></span> 
     </span>
    </p>
   </div>
   <div class='ocr_carea' id='block_1_3' title="bbox 142 961 1196 1059">
    <p class='ocr_par' dir='ltr' id='par_1_3' title="bbox 142 961 1196 1059">
     <span class='ocr_line' id='line_1_7' title="bbox 142 961 1196 1059; baseline 0.006 -24"><span class='ocrx_word' id='word_1_41' title='bbox 142 966 188 1036; x_wconf 75' lang='lat' dir='ltr'><strong>et</strong></span> <span class='ocrx_word' id='word_1_42' title='bbox 205 967 241 1035; x_wconf 75' lang='lat' dir='ltr'><strong>fl.</strong></span> <span class='ocrx_word' id='word_1_43' title='bbox 258 969 302 1036; x_wconf 89' lang='lat' dir='ltr'><strong>de</strong></span> <span class='ocrx_word' id='word_1_44' title='bbox 321 968 389 1037; x_wconf 86' lang='lat' dir='ltr'><strong>ritn</strong></span> <span class='ocrx_word' id='word_1_45' title='bbox 405 980 516 1058; x_wconf 77' lang='lat' dir='ltr'><strong>nupt,</strong></span> <span class='ocrx_word' id='word_1_46' title='bbox 529 968 589 1037; x_wconf 87' lang='lat' dir='ltr'><strong>uhi</strong></span> <span class='ocrx_word' id='word_1_47' title='bbox 607 993 621 1036; x_wconf 74' lang='grc' dir='ltr'><strong><em>ι</em></strong></span> <span class='ocrx_word' id='word_1_48' title='bbox 639 970 789 1058; x_wconf 75' lang='lat' dir='ltr'><strong>generali</strong></span> <span class='ocrx_word' id='word_1_49' title='bbox 809 971 964 1040; x_wconf 77' lang='lat' dir='ltr'><strong>mandatu</strong></span> <span class='ocrx_word' id='word_1_50' title='bbox 981 992 1084 1059; x_wconf 88' lang='lat' dir='ltr'><strong>quae·</strong></span> <span class='ocrx_word' id='word_1_51' title='bbox 1193 961 1196 974; x_wconf 53' lang='lat'><strong>⁴</strong></span> 
     </span>
    </p>
   </div>
   <div class='ocr_carea' id='block_1_4' title="bbox 92 1061 1086 3586">
    <p class='ocr_par' dir='ltr' id='par_1_4' title="bbox 92 1061 1086 3586">
     <span class='ocr_line' id='line_1_8' title="bbox 141 1061 1081 1153; baseline 0.003 -22"><span class='ocrx_word' id='word_1_52' title='bbox 141 1061 236 1132; x_wconf 82' lang='lat' dir='ltr'><strong>rentii</strong></span> <span class='ocrx_word' id='word_1_53' title='bbox 256 1061 370 1131; x_wconf 80' lang='lat' dir='ltr'><strong>mariti</strong></span> <span class='ocrx_word' id='word_1_54' title='bbox 390 1061 622 1132; x_wconf 84' lang='lat' dir='ltr'><strong>liliaelamilias</strong></span> <span class='ocrx_word' id='word_1_55' title='bbox 641 1082 709 1131; x_wconf 90' lang='lat' dir='ltr'><strong>non</strong></span> <span class='ocrx_word' id='word_1_56' title='bbox 731 1062 804 1131; x_wconf 88' lang='lat' dir='ltr'><strong>fieri</strong></span> <span class='ocrx_word' id='word_1_57' title='bbox 824 1063 957 1153; x_wconf 86' lang='lat' dir='ltr'><strong>nuptias</strong></span> <span class='ocrx_word' id='word_1_58' title='bbox 977 1064 1081 1134; x_wconf 89' lang='lat' dir='ltr'><strong>ratio·</strong></span> 
     </span>
     <span class='ocr_line' id='line_1_9' title="bbox 144 1153 1081 1245; baseline 0.002 -20"><span class='ocrx_word' id='word_1_59' title='bbox 144 1153 193 1225; x_wconf 85' lang='lat' dir='ltr'><strong>nis</strong></span> <span class='ocrx_word' id='word_1_60' title='bbox 209 1167 288 1225; x_wconf 86' lang='lat' dir='ltr'><strong>est:</strong></span> <span class='ocrx_word' id='word_1_61' title='bbox 321 1155 433 1245; x_wconf 88' lang='lat' dir='ltr'><strong>itaque</strong></span> <span class='ocrx_word' id='word_1_62' title='bbox 459 1175 635 1245; x_wconf 87' lang='lat' dir='ltr'><strong>personam</strong></span> <span class='ocrx_word' id='word_1_63' title='bbox 659 1156 733 1225; x_wconf 85' lang='lat' dir='ltr'><strong>eius</strong></span> <span class='ocrx_word' id='word_1_64' title='bbox 754 1156 839 1244; x_wconf 90' lang='lat' dir='ltr'><strong>patri</strong></span> <span class='ocrx_word' id='word_1_65' title='bbox 859 1158 1081 1227; x_wconf 85' lang='lat' dir='ltr'><strong>demonstrari</strong></span> 
     </span>
     <span class='ocr_line' id='line_1_10' title="bbox 147 1249 1083 1340; baseline 0.001 -21"><span class='ocrx_word' id='word_1_66' title='bbox 147 1249 199 1339; x_wconf 83' lang='lat' dir='ltr'><strong>qni</strong></span> <span class='ocrx_word' id='word_1_67' title='bbox 227 1249 443 1320; x_wconf 82' lang='lat' dir='ltr'><strong>matrimonio</strong></span> <span class='ocrx_word' id='word_1_68' title='bbox 471 1251 647 1333; x_wconf 84' lang='lat' dir='ltr'><strong>consentit,</strong></span> <span class='ocrx_word' id='word_1_69' title='bbox 669 1262 706 1319; x_wconf 89' lang='lat' dir='ltr'><strong>ut</strong></span> <span class='ocrx_word' id='word_1_70' title='bbox 725 1250 861 1340; x_wconf 80' lang='lat' dir='ltr'><strong>nuptiae</strong></span> <span class='ocrx_word' id='word_1_71' title='bbox 882 1250 1083 1320; x_wconf 76' lang='lat' dir='ltr'><strong>contrahan-</strong></span> 
     </span>
     <span class='ocr_line' id='line_1_11' title="bbox 144 1344 1082 1433; baseline 0.001 -21"><span class='ocrx_word' id='word_1_72' title='bbox 144 1358 207 1428; x_wconf 86' lang='lat' dir='ltr'><strong>tur,</strong></span> <span class='ocrx_word' id='word_1_73' title='bbox 224 1362 363 1414; x_wconf 84' lang='lat' dir='ltr'><strong>nocesse</strong></span> <span class='ocrx_word' id='word_1_74' title='bbox 382 1356 443 1428; x_wconf 80' lang='lat' dir='ltr'><strong>est,</strong></span> <span class='ocrx_word' id='word_1_75' title='bbox 470 1367 485 1410; x_wconf 76' lang='lat' dir='ltr'><strong>r</strong></span> <span class='ocrx_word' id='word_1_76' title='bbox 508 1344 592 1413; x_wconf 87' lang='lat' dir='ltr'><strong>lluic</strong></span> <span class='ocrx_word' id='word_1_77' title='bbox 615 1344 681 1433; x_wconf 81' lang='lat' dir='ltr'><strong>lagi</strong></span> <span class='ocrx_word' id='word_1_78' title='bbox 710 1344 875 1414; x_wconf 81' lang='lat' dir='ltr'><strong>consentit</strong></span> <span class='ocrx_word' id='word_1_79' title='bbox 904 1345 1013 1433; x_wconf 72' lang='lat' dir='ltr'><strong>glossa</strong></span> <span class='ocrx_word' id='word_1_80' title='bbox 1047 1344 1082 1413; x_wconf 91' lang='lat' dir='ltr'><strong>iu</strong></span> 
     </span>
     <span class='ocr_line' id='line_1_12' title="bbox 145 1433 1079 1527; baseline 0 -21"><span class='ocrx_word' id='word_1_81' title='bbox 145 1457 216 1527; x_wconf 81' lang='lat' dir='ltr'><strong>cap.</strong></span> <span class='ocrx_word' id='word_1_82' title='bbox 234 1436 296 1507; x_wconf 83' lang='lat' dir='ltr'><strong>iia.</strong></span> <span class='ocrx_word' id='word_1_83' title='bbox 315 1438 357 1506; x_wconf 83' lang='lat' dir='ltr'><strong>rie</strong></span> <span class='ocrx_word' id='word_1_84' title='bbox 376 1437 589 1507; x_wconf 74' lang='lat' dir='ltr'><strong>Procurator.</strong></span> <span class='ocrx_word' id='word_1_85' title='bbox 605 1437 641 1508; x_wconf 88' lang='lat' dir='ltr'><strong>in</strong></span> <span class='ocrx_word' id='word_1_86' title='bbox 660 1435 695 1507; x_wconf 85' lang='grc'><strong>6.</strong></span> <span class='ocrx_word' id='word_1_87' title='bbox 718 1433 799 1507; x_wconf 82' lang='lat' dir='ltr'><strong>ltcr&#39;n</strong></span> <span class='ocrx_word' id='word_1_88' title='bbox 819 1439 927 1527; x_wconf 79' lang='lat' dir='ltr'><strong>glossa</strong></span> <span class='ocrx_word' id='word_1_89' title='bbox 945 1438 979 1507; x_wconf 89' lang='lat' dir='ltr'><strong>iu</strong></span> <span class='ocrx_word' id='word_1_90' title='bbox 998 1439 1079 1510; x_wconf 80' lang='lat' dir='ltr'><strong>(lun.</strong></span> 
     </span>
     <span class='ocr_line' id='line_1_13' title="bbox 143 1529 1081 1622; baseline 0.003 -22"><span class='ocrx_word' id='word_1_91' title='bbox 143 1530 211 1601; x_wconf 83' lang='lat' dir='ltr'><strong>Nnc</strong></span> <span class='ocrx_word' id='word_1_92' title='bbox 230 1549 331 1599; x_wconf 77' lang='lat' dir='ltr'><strong>renuo</strong></span> <span class='ocrx_word' id='word_1_93' title='bbox 347 1529 404 1614; x_wconf 77' lang='lat'><strong>30,</strong></span> <span class='ocrx_word' id='word_1_94' title='bbox 416 1553 449 1621; x_wconf 83' lang='lat' dir='ltr'><strong>q.</strong></span> <span class='ocrx_word' id='word_1_95' title='bbox 461 1529 633 1601; x_wconf 86' lang='lat' dir='ltr'><strong>5affirmat</strong></span> <span class='ocrx_word' id='word_1_96' title='bbox 649 1531 898 1601; x_wconf 80' lang='lat' dir='ltr'><strong>matrimonium</strong></span> <span class='ocrx_word' id='word_1_97' title='bbox 908 1553 1081 1622; x_wconf 85' lang='lat' dir='ltr'><strong>nonposae</strong></span> 
     </span>
     <span class='ocr_line' id='line_1_14' title="bbox 146 1625 1084 1710; baseline 0.003 -18"><span class='ocrx_word' id='word_1_98' title='bbox 146 1625 402 1698; x_wconf 85' lang='lat' dir='ltr'><strong>interabsentes</strong></span> <span class='ocrx_word' id='word_1_99' title='bbox 418 1626 581 1709; x_wconf 78' lang='lat' dir='ltr'><strong>contrairi,</strong></span> <span class='ocrx_word' id='word_1_100' title='bbox 597 1625 662 1694; x_wconf 89' lang='lat' dir='ltr'><strong>uisi</strong></span> <span class='ocrx_word' id='word_1_101' title='bbox 682 1647 718 1695; x_wconf 89' lang='lat' dir='ltr'><strong>se</strong></span> <span class='ocrx_word' id='word_1_102' title='bbox 736 1625 887 1710; x_wconf 87' lang='lat' dir='ltr'><strong>invicem,</strong></span> <span class='ocrx_word' id='word_1_103' title='bbox 902 1627 929 1695; x_wconf 92' lang='lat' dir='ltr'><strong>si</strong></span> <span class='ocrx_word' id='word_1_104' title='bbox 950 1645 1017 1695; x_wconf 89' lang='lat' dir='ltr'><strong>non</strong></span> <span class='ocrx_word' id='word_1_105' title='bbox 1037 1628 1053 1695; x_wconf 85' lang='lat' dir='ltr'><strong>f</strong></span> <span class='ocrx_word' id='word_1_106' title='bbox 1071 1666 1084 1678; x_wconf 90' lang='lat'>-</span> 
     </span>
     <span class='ocr_line' id='line_1_15' title="bbox 145 1718 1081 1804; baseline 0.001 -17"><span class='ocrx_word' id='word_1_107' title='bbox 145 1718 208 1804; x_wconf 86' lang='lat' dir='ltr'><strong>eie,</strong></span> <span class='ocrx_word' id='word_1_108' title='bbox 224 1731 259 1787; x_wconf 90' lang='lat' dir='ltr'><strong>at</strong></span> <span class='ocrx_word' id='word_1_109' title='bbox 274 1719 389 1788; x_wconf 88' lang='lat' dir='ltr'><strong>saltem</strong></span> <span class='ocrx_word' id='word_1_110' title='bbox 411 1720 510 1804; x_wconf 83' lang='lat' dir='ltr'><strong>lama,</strong></span> <span class='ocrx_word' id='word_1_111' title='bbox 527 1721 577 1789; x_wconf 88' lang='lat' dir='ltr'><strong>vel</strong></span> <span class='ocrx_word' id='word_1_112' title='bbox 597 1720 660 1788; x_wconf 84' lang='lat' dir='ltr'><strong>alia</strong></span> <span class='ocrx_word' id='word_1_113' title='bbox 682 1719 811 1789; x_wconf 86' lang='lat' dir='ltr'><strong>ratione</strong></span> <span class='ocrx_word' id='word_1_114' title='bbox 825 1721 991 1803; x_wconf 78' lang='lat' dir='ltr'><strong>noverint,</strong></span> <span class='ocrx_word' id='word_1_115' title='bbox 1007 1739 1081 1789; x_wconf 87' lang='lat' dir='ltr'><strong>eum</strong></span> 
     </span>
     <span class='ocr_line' id='line_1_16' title="bbox 144 1812 1083 1904; baseline 0.003 -25"><span class='ocrx_word' id='word_1_116' title='bbox 144 1812 179 1880; x_wconf 91' lang='lat' dir='ltr'><strong>in</strong></span> <span class='ocrx_word' id='word_1_117' title='bbox 193 1833 266 1882; x_wconf 88' lang='lat' dir='ltr'><strong>enm</strong></span> <span class='ocrx_word' id='word_1_118' title='bbox 284 1833 474 1901; x_wconf 89' lang='lat' dir='ltr'><strong>personam,</strong></span> <span class='ocrx_word' id='word_1_119' title='bbox 491 1834 577 1903; x_wconf 87' lang='lat' dir='ltr'><strong>quae</strong></span> <span class='ocrx_word' id='word_1_120' title='bbox 595 1834 732 1904; x_wconf 86' lang='lat' dir='ltr'><strong>prorsus</strong></span> <span class='ocrx_word' id='word_1_121' title='bbox 753 1814 926 1902; x_wconf 80' lang='lat' dir='ltr'><strong>ignoratur</strong></span> <span class='ocrx_word' id='word_1_122' title='bbox 945 1834 1083 1884; x_wconf 83' lang='lat' dir='ltr'><strong>cousen-</strong></span> 
     </span>
     <span class='ocr_line' id='line_1_17' title="bbox 145 1905 1086 1996; baseline 0.003 -22"><span class='ocrx_word' id='word_1_123' title='bbox 145 1905 212 1975; x_wconf 90' lang='lat' dir='ltr'><strong>tire</strong></span> <span class='ocrx_word' id='word_1_124' title='bbox 230 1906 320 1975; x_wconf 83' lang='lat' dir='ltr'><strong>houd</strong></span> <span class='ocrx_word' id='word_1_125' title='bbox 341 1906 517 1994; x_wconf 87' lang='lat' dir='ltr'><strong>possimus,</strong></span> <span class='ocrx_word' id='word_1_126' title='bbox 535 1908 623 1976; x_wconf 82' lang='lat' dir='ltr'><strong>unde</strong></span> <span class='ocrx_word' id='word_1_127' title='bbox 643 1908 760 1976; x_wconf 90' lang='lat' dir='ltr'><strong>tritum</strong></span> <span class='ocrx_word' id='word_1_128' title='bbox 779 1928 933 1976; x_wconf 85' lang='lat' dir='ltr'><strong>sermone</strong></span> <span class='ocrx_word' id='word_1_129' title='bbox 952 1927 1086 1996; x_wconf 86' lang='lat' dir='ltr'><strong>prover·</strong></span> 
     </span>
     <span class='ocr_line' id='line_1_18' title="bbox 144 1997 1079 2091; baseline 0.003 -24"><span class='ocrx_word' id='word_1_130' title='bbox 144 1997 234 2067; x_wconf 79' lang='lat' dir='ltr'><strong>ltinnr</strong></span> <span class='ocrx_word' id='word_1_131' title='bbox 254 2000 362 2090; x_wconf 79' lang='lat' dir='ltr'><strong>ipnoti</strong></span> <span class='ocrx_word' id='word_1_132' title='bbox 379 1999 478 2068; x_wconf 80' lang='lat' dir='ltr'><strong>nullu</strong></span> <span class='ocrx_word' id='word_1_133' title='bbox 495 2001 625 2091; x_wconf 82' lang='lat' dir='ltr'><strong>cupido.</strong></span> <span class='ocrx_word' id='word_1_134' title='bbox 647 1999 822 2070; x_wconf 89' lang='lat' dir='ltr'><strong>Praeterea</strong></span> <span class='ocrx_word' id='word_1_135' title='bbox 842 2001 1079 2082; x_wconf 89' lang='lat' dir='ltr'><strong>internuntius,</strong></span> 
     </span>
     <span class='ocr_line' id='line_1_19' title="bbox 145 2095 1083 2184; baseline 0 -22"><span class='ocrx_word' id='word_1_136' title='bbox 145 2105 202 2164; x_wconf 90' lang='lat' dir='ltr'><strong>aut</strong></span> <span class='ocrx_word' id='word_1_137' title='bbox 219 2107 420 2184; x_wconf 86' lang='lat' dir='ltr'><strong>procurator</strong></span> <span class='ocrx_word' id='word_1_138' title='bbox 440 2115 501 2184; x_wconf 83' lang='lat' dir='ltr'><strong>per</strong></span> <span class='ocrx_word' id='word_1_139' title='bbox 530 2116 565 2164; x_wconf 90' lang='lat' dir='ltr'><strong>se</strong></span> <span class='ocrx_word' id='word_1_140' title='bbox 585 2095 695 2183; x_wconf 87' lang='lat' dir='ltr'><strong>ipsum</strong></span> <span class='ocrx_word' id='word_1_141' title='bbox 721 2095 856 2183; x_wconf 84' lang='lat' dir='ltr'><strong>exsequi</strong></span> <span class='ocrx_word' id='word_1_142' title='bbox 890 2096 1083 2163; x_wconf 88' lang='lat' dir='ltr'><strong>mandatum</strong></span> 
     </span>
     <span class='ocr_line' id='line_1_20' title="bbox 143 2187 1080 2274; baseline -0.002 -17"><span class='ocrx_word' id='word_1_143' title='bbox 143 2187 268 2270; x_wconf 72' lang='lat' dir='ltr'><strong>«lebet,</strong></span> <span class='ocrx_word' id='word_1_144' title='bbox 289 2208 353 2257; x_wconf 87' lang='lat' dir='ltr'><strong>nee</strong></span> <span class='ocrx_word' id='word_1_145' title='bbox 368 2188 456 2258; x_wconf 88' lang='lat' dir='ltr'><strong>vices</strong></span> <span class='ocrx_word' id='word_1_146' title='bbox 475 2208 553 2257; x_wconf 82' lang='lat' dir='ltr'><strong>suas</strong></span> <span class='ocrx_word' id='word_1_147' title='bbox 586 2187 682 2256; x_wconf 91' lang='lat' dir='ltr'><strong>alteri</strong></span> <span class='ocrx_word' id='word_1_148' title='bbox 716 2187 925 2256; x_wconf 90' lang='lat' dir='ltr'><strong>committere</strong></span> <span class='ocrx_word' id='word_1_149' title='bbox 959 2199 1080 2274; x_wconf 88' lang='lat' dir='ltr'><strong>potest,</strong></span> 
     </span>
     <span class='ocr_line' id='line_1_21' title="bbox 144 2277 1084 2370; baseline -0.002 -20"><span class='ocrx_word' id='word_1_150' title='bbox 144 2281 206 2352; x_wconf 83' lang='lat' dir='ltr'><strong>nisi</strong></span> <span class='ocrx_word' id='word_1_151' title='bbox 227 2281 367 2351; x_wconf 83' lang='lat' dir='ltr'><strong>incultas</strong></span> <span class='ocrx_word' id='word_1_152' title='bbox 385 2281 608 2352; x_wconf 88' lang='lat' dir='ltr'><strong>substituendi</strong></span> <span class='ocrx_word' id='word_1_153' title='bbox 632 2280 821 2370; x_wconf 87' lang='lat' dir='ltr'><strong>specialiter</strong></span> <span class='ocrx_word' id='word_1_154' title='bbox 841 2279 876 2346; x_wconf 92' lang='lat' dir='ltr'><strong>in</strong></span> <span class='ocrx_word' id='word_1_155' title='bbox 896 2277 967 2368; x_wconf 89' lang='lat' dir='ltr'><strong>ipso</strong></span> <span class='ocrx_word' id='word_1_156' title='bbox 988 2299 1084 2348; x_wconf 81' lang='lat' dir='ltr'><strong>urau-</strong></span> 
     </span>
     <span class='ocr_line' id='line_1_22' title="bbox 143 2372 1083 2465; baseline -0.002 -21"><span class='ocrx_word' id='word_1_157' title='bbox 143 2377 218 2444; x_wconf 89' lang='lat' dir='ltr'><strong>dato</strong></span> <span class='ocrx_word' id='word_1_158' title='bbox 239 2375 461 2460; x_wconf 87' lang='lat' dir='ltr'><strong>contineatur,</strong></span> <span class='ocrx_word' id='word_1_159' title='bbox 484 2376 562 2465; x_wconf 86' lang='lat' dir='ltr'><strong>quia</strong></span> <span class='ocrx_word' id='word_1_160' title='bbox 583 2375 625 2443; x_wconf 88' lang='lat' dir='ltr'><strong>ob</strong></span> <span class='ocrx_word' id='word_1_161' title='bbox 645 2373 772 2463; x_wconf 83' lang='lat' dir='ltr'><strong>negotii</strong></span> <span class='ocrx_word' id='word_1_162' title='bbox 790 2372 983 2462; x_wconf 79' lang='lat' dir='ltr'><strong>gravitatem</strong></span> <span class='ocrx_word' id='word_1_163' title='bbox 1006 2391 1083 2463; x_wconf 88' lang='lat' dir='ltr'><strong>per·</strong></span> 
     </span>
     <span class='ocr_line' id='line_1_23' title="bbox 141 2467 1083 2556; baseline 0 -19"><span class='ocrx_word' id='word_1_164' title='bbox 141 2488 242 2538; x_wconf 77' lang='lat' dir='ltr'><strong>sesne</strong></span> <span class='ocrx_word' id='word_1_165' title='bbox 259 2468 421 2539; x_wconf 87' lang='lat' dir='ltr'><strong>industria</strong></span> <span class='ocrx_word' id='word_1_166' title='bbox 440 2481 594 2538; x_wconf 88' lang='lat' dir='ltr'><strong>censetur</strong></span> <span class='ocrx_word' id='word_1_167' title='bbox 607 2470 724 2538; x_wconf 88' lang='lat' dir='ltr'><strong>electa.</strong></span> <span class='ocrx_word' id='word_1_168' title='bbox 743 2467 893 2556; x_wconf 88' lang='lat' dir='ltr'><strong>Denique</strong></span> <span class='ocrx_word' id='word_1_169' title='bbox 908 2468 1083 2539; x_wconf 83' lang='lat' dir='ltr'><strong>observan</strong></span> 
     </span>
     <span class='ocr_line' id='line_1_24' title="bbox 142 2562 1083 2652; baseline 0.001 -23"><span class='ocrx_word' id='word_1_170' title='bbox 142 2564 220 2630; x_wconf 80' lang='lat' dir='ltr'><strong>ium</strong></span> <span class='ocrx_word' id='word_1_171' title='bbox 240 2573 292 2632; x_wconf 89' lang='lat' dir='ltr'><strong>est</strong></span> <span class='ocrx_word' id='word_1_172' title='bbox 310 2562 435 2632; x_wconf 84' lang='lat' dir='ltr'><strong>nullius</strong></span> <span class='ocrx_word' id='word_1_173' title='bbox 454 2563 615 2632; x_wconf 89' lang='lat' dir='ltr'><strong>momenti</strong></span> <span class='ocrx_word' id='word_1_174' title='bbox 647 2562 813 2651; x_wconf 89' lang='lat' dir='ltr'><strong>sponsalia</strong></span> <span class='ocrx_word' id='word_1_175' title='bbox 845 2582 943 2645; x_wconf 89' lang='lat' dir='ltr'><strong>esse,</strong></span> <span class='ocrx_word' id='word_1_176' title='bbox 965 2562 993 2631; x_wconf 89' lang='lat' dir='ltr'><strong>si</strong></span> <span class='ocrx_word' id='word_1_177' title='bbox 1013 2583 1083 2652; x_wconf 89' lang='lat' dir='ltr'><strong>quo</strong></span> 
     </span>
     <span class='ocr_line' id='line_1_25' title="bbox 92 2656 1081 2746; baseline -0.001 -21"><span class='ocrx_word' id='word_1_178' title='bbox 92 2700 98 2715; x_wconf 56' lang='grc' dir='ltr'><strong><em>ι</em></strong></span> <span class='ocrx_word' id='word_1_179' title='bbox 143 2668 294 2746; x_wconf 87' lang='lat' dir='ltr'><strong>ternpore</strong></span> <span class='ocrx_word' id='word_1_180' title='bbox 326 2656 553 2725; x_wconf 86' lang='lat' dir='ltr'><strong>internuntius</strong></span> <span class='ocrx_word' id='word_1_181' title='bbox 586 2657 636 2725; x_wconf 90' lang='lat' dir='ltr'><strong>vel</strong></span> <span class='ocrx_word' id='word_1_182' title='bbox 668 2660 864 2745; x_wconf 86' lang='lat' dir='ltr'><strong>procurator</strong></span> <span class='ocrx_word' id='word_1_183' title='bbox 899 2656 1081 2738; x_wconf 82' lang='lat' dir='ltr'><strong>contrahit,</strong></span> 
     </span>
     <span class='ocr_line' id='line_1_26' title="bbox 147 2749 1084 2839; baseline 0.001 -22"><span class='ocrx_word' id='word_1_184' title='bbox 147 2751 340 2818; x_wconf 88' lang='lat' dir='ltr'><strong>mandatum</strong></span> <span class='ocrx_word' id='word_1_185' title='bbox 360 2761 547 2819; x_wconf 89' lang='lat' dir='ltr'><strong>revocatum</strong></span> <span class='ocrx_word' id='word_1_186' title='bbox 563 2749 617 2827; x_wconf 90' lang='lat' dir='ltr'><strong>sit,</strong></span> <span class='ocrx_word' id='word_1_187' title='bbox 632 2749 781 2839; x_wconf 90' lang='lat' dir='ltr'><strong>quamvis</strong></span> <span class='ocrx_word' id='word_1_188' title='bbox 798 2749 965 2818; x_wconf 85' lang='lat' dir='ltr'><strong>revocatio</strong></span> <span class='ocrx_word' id='word_1_189' title='bbox 982 2750 1084 2818; x_wconf 87' lang='lat' dir='ltr'><strong>lateat</strong></span> 
     </span>
     <span class='ocr_line' id='line_1_27' title="bbox 142 2841 1085 2932; baseline -0.002 -21"><span class='ocrx_word' id='word_1_190' title='bbox 142 2855 407 2931; x_wconf 84' lang='lat' dir='ltr'><strong>procuratorem</strong></span> <span class='ocrx_word' id='word_1_191' title='bbox 424 2856 457 2913; x_wconf 87' lang='lat' dir='ltr'><strong>et</strong></span> <span class='ocrx_word' id='word_1_192' title='bbox 487 2844 629 2912; x_wconf 89' lang='lat' dir='ltr'><strong>alterum</strong></span> <span class='ocrx_word' id='word_1_193' title='bbox 650 2862 820 2932; x_wconf 86' lang='lat' dir='ltr'><strong>sponsum.</strong></span> <span class='ocrx_word' id='word_1_194' title='bbox 844 2841 915 2911; x_wconf 89' lang='lat' dir='ltr'><strong>Hoc</strong></span> <span class='ocrx_word' id='word_1_195' title='bbox 934 2842 1024 2911; x_wconf 86' lang='lat' dir='ltr'><strong>enirn</strong></span> <span class='ocrx_word' id='word_1_196' title='bbox 1045 2863 1085 2911; x_wconf 83' lang='lat' dir='ltr'><strong>ex</strong></span> 
     </span>
     <span class='ocr_line' id='line_1_28' title="bbox 143 2934 1084 3026; baseline -0.002 -21"><span class='ocrx_word' id='word_1_197' title='bbox 143 2956 217 3025; x_wconf 82' lang='lat' dir='ltr'><strong>cap.</strong></span> <span class='ocrx_word' id='word_1_198' title='bbox 238 2936 330 3005; x_wconf 89' lang='lat' dir='ltr'><strong>tinal.</strong></span> <span class='ocrx_word' id='word_1_199' title='bbox 352 2937 393 3006; x_wconf 81' lang='lat' dir='ltr'><strong>de</strong></span> <span class='ocrx_word' id='word_1_200' title='bbox 412 2936 585 3006; x_wconf 87' lang='lat' dir='ltr'><strong>Procurat.</strong></span> <span class='ocrx_word' id='word_1_201' title='bbox 602 2936 636 3005; x_wconf 91' lang='lat' dir='ltr'><strong>in</strong></span> <span class='ocrx_word' id='word_1_202' title='bbox 657 2934 679 3004; x_wconf 82' lang='lat' dir='ltr'><strong>o</strong></span> <span class='ocrx_word' id='word_1_203' title='bbox 699 2936 842 3026; x_wconf 90' lang='lat' dir='ltr'><strong>speciale</strong></span> <span class='ocrx_word' id='word_1_204' title='bbox 861 2948 912 3005; x_wconf 89' lang='lat' dir='ltr'><strong>est</strong></span> <span class='ocrx_word' id='word_1_205' title='bbox 932 2936 966 3005; x_wconf 92' lang='lat' dir='ltr'><strong>in</strong></span> <span class='ocrx_word' id='word_1_206' title='bbox 981 2956 1084 3024; x_wconf 85' lang='lat' dir='ltr'><strong>spou-</strong></span> 
     </span>
     <span class='ocr_line' id='line_1_29' title="bbox 143 3028 1083 3113; baseline -0.003 -14"><span class='ocrx_word' id='word_1_207' title='bbox 143 3030 268 3099; x_wconf 80' lang='lat' dir='ltr'><strong>salibus</strong></span> <span class='ocrx_word' id='word_1_208' title='bbox 287 3043 322 3100; x_wconf 85' lang='lat' dir='ltr'><strong>et</strong></span> <span class='ocrx_word' id='word_1_209' title='bbox 338 3031 566 3113; x_wconf 68' lang='lat' dir='ltr'><strong>matrimonio</strong></span> <span class='ocrx_word' id='word_1_210' title='bbox 588 3050 665 3098; x_wconf 91' lang='lat' dir='ltr'><strong>nam</strong></span> <span class='ocrx_word' id='word_1_211' title='bbox 684 3030 719 3099; x_wconf 92' lang='lat' dir='ltr'><strong>in</strong></span> <span class='ocrx_word' id='word_1_212' title='bbox 745 3028 886 3100; x_wconf 88' lang='lat' dir='ltr'><strong>caeteris</strong></span> <span class='ocrx_word' id='word_1_213' title='bbox 905 3029 1083 3100; x_wconf 88' lang='lat' dir='ltr'><strong>contracti·</strong></span> 
     </span>
     <span class='ocr_line' id='line_1_30' title="bbox 143 3121 1084 3206; baseline 0.001 -16"><span class='ocrx_word' id='word_1_214' title='bbox 143 3123 203 3193; x_wconf 87' lang='lat' dir='ltr'><strong>bus</strong></span> <span class='ocrx_word' id='word_1_215' title='bbox 222 3123 389 3193; x_wconf 77' lang='lat' dir='ltr'><strong>revocatio</strong></span> <span class='ocrx_word' id='word_1_216' title='bbox 411 3125 558 3193; x_wconf 77' lang='lat' dir='ltr'><strong>mandati</strong></span> <span class='ocrx_word' id='word_1_217' title='bbox 579 3136 689 3193; x_wconf 87' lang='lat' dir='ltr'><strong>actum</strong></span> <span class='ocrx_word' id='word_1_218' title='bbox 724 3144 791 3192; x_wconf 90' lang='lat' dir='ltr'><strong>non</strong></span> <span class='ocrx_word' id='word_1_219' title='bbox 821 3121 996 3206; x_wconf 80' lang='lat' dir='ltr'><strong>infirmat,</strong></span> <span class='ocrx_word' id='word_1_220' title='bbox 1019 3122 1084 3191; x_wconf 91' lang='lat' dir='ltr'><strong>nisi</strong></span> 
     </span>
     <span class='ocr_line' id='line_1_31' title="bbox 144 3215 1083 3304; baseline -0.003 -17"><span class='ocrx_word' id='word_1_221' title='bbox 144 3229 367 3304; x_wconf 79' lang='lat' dir='ltr'><strong>procurator,</strong></span> <span class='ocrx_word' id='word_1_222' title='bbox 388 3217 439 3286; x_wconf 88' lang='lat' dir='ltr'><strong>vel</strong></span> <span class='ocrx_word' id='word_1_223' title='bbox 460 3217 488 3287; x_wconf 87' lang='lat' dir='ltr'><strong>is</strong></span> <span class='ocrx_word' id='word_1_224' title='bbox 510 3217 605 3286; x_wconf 90' lang='lat' dir='ltr'><strong>cuius</strong></span> <span class='ocrx_word' id='word_1_225' title='bbox 626 3218 790 3300; x_wconf 87' lang='lat' dir='ltr'><strong>interest,</strong></span> <span class='ocrx_word' id='word_1_226' title='bbox 811 3217 853 3284; x_wconf 78' lang='lat' dir='ltr'><strong>tle</strong></span> <span class='ocrx_word' id='word_1_227' title='bbox 874 3215 1083 3284; x_wconf 82' lang='lat' dir='ltr'><strong>revocatione</strong></span> 
     </span>
     <span class='ocr_line' id='line_1_32' title="bbox 144 3306 1081 3394; baseline -0.002 -15"><span class='ocrx_word' id='word_1_228' title='bbox 144 3311 266 3380; x_wconf 83' lang='lat' dir='ltr'><strong>certior</strong></span> <span class='ocrx_word' id='word_1_229' title='bbox 282 3312 391 3380; x_wconf 67' lang='lat' dir='ltr'><strong>famus</strong></span> <span class='ocrx_word' id='word_1_230' title='bbox 408 3310 463 3394; x_wconf 84' lang='lat' dir='ltr'><strong>sit;</strong></span> <span class='ocrx_word' id='word_1_231' title='bbox 479 3312 576 3380; x_wconf 84' lang='lat' dir='ltr'><strong>cuius</strong></span> <span class='ocrx_word' id='word_1_232' title='bbox 596 3331 676 3380; x_wconf 79' lang='lat' dir='ltr'><strong>sune</strong></span> <span class='ocrx_word' id='word_1_233' title='bbox 694 3308 898 3378; x_wconf 85' lang='lat' dir='ltr'><strong>discriminis</strong></span> <span class='ocrx_word' id='word_1_234' title='bbox 919 3306 1004 3376; x_wconf 80' lang='lat' dir='ltr'><strong>ratio</strong></span> <span class='ocrx_word' id='word_1_235' title='bbox 1019 3321 1081 3391; x_wconf 88' lang='lat' dir='ltr'><strong>est,</strong></span> 
     </span>
     <span class='ocr_line' id='line_1_33' title="bbox 146 3402 1083 3497; baseline -0.003 -23"><span class='ocrx_word' id='word_1_236' title='bbox 146 3404 232 3492; x_wconf 77' lang='lat' dir='ltr'><strong>quod</strong></span> <span class='ocrx_word' id='word_1_237' title='bbox 248 3405 285 3474; x_wconf 87' lang='lat' dir='ltr'><strong>in</strong></span> <span class='ocrx_word' id='word_1_238' title='bbox 301 3405 344 3473; x_wconf 87' lang='lat' dir='ltr'><strong>ils</strong></span> <span class='ocrx_word' id='word_1_239' title='bbox 361 3403 496 3497; x_wconf 83' lang='lat' dir='ltr'><strong>quidam</strong></span> <span class='ocrx_word' id='word_1_240' title='bbox 514 3404 566 3473; x_wconf 91' lang='lat' dir='ltr'><strong>ius</strong></span> <span class='ocrx_word' id='word_1_241' title='bbox 583 3404 688 3494; x_wconf 89' lang='lat' dir='ltr'><strong>possit</strong></span> <span class='ocrx_word' id='word_1_242' title='bbox 704 3402 861 3491; x_wconf 84' lang='lat' dir='ltr'><strong>supplere</strong></span> <span class='ocrx_word' id='word_1_243' title='bbox 873 3422 1083 3483; x_wconf 84' lang='lat' dir='ltr'><strong>consensum,</strong></span> 
     </span>
     <span class='ocr_line' id='line_1_34' title="bbox 147 3494 927 3586; baseline -0.004 -20"><span class='ocrx_word' id='word_1_244' title='bbox 147 3517 209 3567; x_wconf 87' lang='lat' dir='ltr'><strong>nun</strong></span> <span class='ocrx_word' id='word_1_245' title='bbox 230 3510 340 3569; x_wconf 87' lang='lat' dir='ltr'><strong>autern</strong></span> <span class='ocrx_word' id='word_1_246' title='bbox 361 3499 397 3566; x_wconf 92' lang='lat' dir='ltr'><strong>in</strong></span> <span class='ocrx_word' id='word_1_247' title='bbox 415 3499 626 3586; x_wconf 84' lang='lat' dir='ltr'><strong>sponsalibus</strong></span> <span class='ocrx_word' id='word_1_248' title='bbox 646 3509 681 3567; x_wconf 90' lang='lat' dir='ltr'><strong>et</strong></span> <span class='ocrx_word' id='word_1_249' title='bbox 701 3494 927 3565; x_wconf 87' lang='lat' dir='ltr'><strong>matrimonio.</strong></span> 
     </span>
    </p>
   </div>
   <div class='ocr_carea' id='block_1_5' title="bbox 0 0 1329 4175">
    <p class='ocr_par' dir='ltr' id='par_1_5' title="bbox 0 0 1329 4175">
     <span class='ocr_line' id='line_1_35' title="bbox 0 0 1329 4175; baseline 0 0"><span class='ocrx_word' id='word_1_250' title='bbox 0 0 1329 4175; x_wconf 95' lang='lat' dir='ltr'><strong> </strong></span> 
     </span>
    </p>
   </div>
  </div>
 </body>
</html>
