2642 4175
359 328 403 372 ore
419 327 653 372 ruruomuums
671 328 870 376 nnrunmmr
969 318 1034 376 303

143 425 289 498 dissolri.
311 424 391 493 Vide
424 423 670 515 Schultingium
697 428 737 495 ad
763 426 887 497 dictum
916 426 1011 499 Pauli
1038 432 1085 501 lo·

144 543 233 592 cum.

189 613 284 696 Quod
296 632 374 682 vero
390 611 430 679 ad
444 610 626 681 secundum
646 611 775 696 attinet,
794 634 836 684 ao
849 635 969 705 nempe
988 617 1079 687 nullu

144 708 246 777 etium
264 718 298 775 et
317 705 424 788 irrita,
450 705 567 774 saltem
588 705 786 794 aliquando,
811 719 844 777 et
864 721 940 778 ante
970 709 1084 779 Conci·

144 802 228 870 lium
249 799 507 880 Tridentinum,
531 799 572 867 de
603 798 677 867 iure
710 800 932 873 eeclesiastico
959 803 1084 873 luerint

144 893 358 964 matrimonia
378 914 396 961 a
413 890 636 961 tiliislamilias
657 903 837 977 contracta,
854 895 927 964 sine
941 916 1085 967 eonsen-

144 1011 186 1058 su
203 998 395 1078 parentum,
414 987 493 1054 licet
512 984 672 1074 Theologi
690 995 723 1054 et
742 985 941 1058 Canonistae
960 990 1081 1077 passim

145 1104 221 1152 eam
242 1080 487 1170 amplectantur
501 1079 712 1162 sententiam,
723 1080 811 1169 quod
821 1081 922 1150 nullis
937 1102 1083 1171 unquam

147 1174 310 1244 ecclesiae
340 1173 495 1261 legibus,
529 1171 657 1241 irritata
691 1172 816 1242 luerint
843 1175 1082 1260 matrimonia,

146 1290 235 1359 quae
254 1267 534 1337 contraherentur
558 1286 575 1333 a
596 1265 836 1350 liliislamilias,
869 1268 995 1358 absque
1028 1291 1086 1359 po·

150 1373 286 1431 rentum
307 1380 484 1443 consensu,
503 1358 656 1428 nonnulli
674 1369 785 1430 tamen
801 1372 889 1440 sunt,
911 1361 969 1452 qui
988 1383 1087 1451 agno·

147 1467 246 1525 scunt
270 1453 406 1544 quidem
434 1472 508 1522 eum
530 1451 671 1522 caeteris
702 1453 897 1539 catholicis,
930 1456 1086 1526 adversus

147 1560 335 1631 novatores,
358 1544 568 1616 matrimonia
589 1545 779 1616 huiusmodi
799 1568 865 1617 non
895 1570 966 1619 esse
988 1549 1083 1620 irrita

148 1663 188 1711 ac
207 1641 298 1711 nulla
322 1641 362 1708 de
397 1640 471 1709 iure
503 1640 647 1708 naturali
674 1661 711 1709 ac
729 1639 858 1725 divino,
881 1655 1017 1712 tuentur
1037 1655 1087 1712 ta·

138 1756 227 1805 >men
248 1756 286 1803 ea
306 1733 409 1803 luisse
427 1732 518 1802 nulla
546 1744 579 1802 et
605 1732 698 1802 irrita
720 1734 760 1804 de
781 1732 856 1804 iure
888 1736 1088 1807 ecclesiasta

149 1850 201 1910 eo,
223 1850 283 1898 seu
304 1848 343 1897 ex
361 1825 521 1897 ecclesiae
538 1825 724 1915 disciplina,
747 1848 833 1916 quae
849 1828 979 1917 legibus
1011 1829 1087 1899 eiti-

151 1922 253 2006 libus,
276 1922 339 1989 bac
355 1921 390 1988 in
409 1931 516 2009 parte,
531 1939 567 1989 se
586 1918 815 2000 conformavit,
832 1942 849 1988 a
865 1921 982 2009 primis
994 1943 1088 1993 nem-

149 2037 192 2106 pe
211 2014 430 2106 temporibus,
452 2033 559 2103 usque
587 2012 626 2080 ad
646 2014 817 2082 sacculum
848 2013 981 2084 circiter
1005 2016 1089 2085 duo-

149 2110 332 2179 decimum.
355 2108 432 2177 Post
460 2107 548 2177 enim
576 2106 746 2175 saeculum
779 2105 945 2175 decimum
973 2128 1090 2177 secuu-

149 2203 230 2271 dum
256 2200 448 2272 buiusmodi
475 2198 683 2289 disciplinam
704 2198 737 2267 in
757 2198 1010 2270 desuetudinem
1032 2202 1090 2271 ab·

151 2295 228 2365 iisse
247 2295 337 2365 ultro
362 2294 559 2376 admittunt,
590 2304 622 2361 et
651 2291 863 2364 matrimonia
895 2292 1087 2363 huiusmodi

151 2401 223 2459 rata
251 2402 285 2458 et
304 2389 408 2458 valida
429 2386 541 2455 babila
561 2384 664 2455 luisse
690 2398 915 2476 propugnant.
938 2386 1086 2471 Eorum,

152 2483 211 2572 qui
231 2482 276 2551 ita
297 2481 447 2573 sentiunt
465 2491 632 2549 momenta
653 2479 720 2568 legi
741 2491 899 2570 poterunt
919 2481 1005 2569 apud
1027 2481 1091 2550 Ho-

151 2587 307 2646 noratum
339 2574 504 2664 Tournely
525 2573 566 2642 de
587 2571 734 2642 Sacram.
756 2573 832 2644 Mat.
854 2597 910 2667 qu.
939 2568 1028 2660 usn.
1051 2574 1085 2660 3,

152 2688 246 2738 conc.
269 2668 381 2758 l;qui
413 2666 493 2756 ipsis
525 2666 750 2753 subscribens,
783 2688 849 2738 non
878 2690 983 2758 pauca
1017 2681 1089 2739 tum

151 2783 304 2851 graecae,
327 2773 396 2830 tum
423 2759 546 2829 latinae
566 2760 723 2829 ecclesiae
745 2762 963 2842 documenta,
980 2761 1014 2831 in
1031 2763 1091 2831 bu·

152 2856 204 2927 ius
223 2852 409 2925 sententiae
425 2852 628 2943 praesidium
647 2852 790 2922 adducit.

201 2948 362 3038 Superest
388 2967 478 3015 nuuc
498 2957 534 3015 nt
561 2945 641 3035 quid
661 2945 748 3014 circa
770 2944 981 3017 matrimonia
1008 2946 1091 3017 filio·

154 3040 398 3121 rumlamilias,
419 3039 491 3108 sine
510 3050 686 3129 parentum
705 3059 868 3108 consensu
895 3051 1087 3123 contracta,

155 3135 292 3204 aConc.
312 3132 405 3201 Trid.
422 3144 582 3202 statutum
602 3131 721 3215 luerit,
743 3132 1001 3222 perpendamus.
1028 3132 1089 3200 Diu

156 3229 368 3317 multumque
385 3225 489 3295 luisse
516 3246 553 3295 ea
573 3225 614 3294 de
641 3245 679 3294 re
709 3223 798 3295 inter
830 3224 920 3293 illins
951 3223 1090 3294 concilii

155 3318 269 3390 Patres
288 3321 492 3408 disputatum
514 3318 617 3388 relert
635 3317 735 3387 uara.
753 3316 972 3388 Pullaricinus
992 3319 1014 3386 l.
1031 3314 1088 3401 bl,

156 3432 185 3478 c.
208 3412 334 3483 illisi.
353 3413 469 3483 Cone:
492 3410 736 3501 postulantibus
759 3410 893 3503 quidem
914 3411 1013 3483 Gallis
1033 3410 1092 3481 de·

157 3517 296 3593 cretum,
316 3506 405 3597 quod
426 3505 466 3574 ad
497 3505 612 3573 limam
647 3505 780 3596 saepius
809 3519 1023 3590 revocatum,
1044 3503 1093 3572 sic
