2642 4175
509 388 671 433 urrunnun
690 388 723 431 u.
970 374 1035 432 603

135 576 175 644 X.
193 576 367 647 Formulo
383 581 516 667 petendi
533 601 555 647 a
572 579 697 650 Sancto
714 579 796 650 Sede
809 580 1083 673 dispensationem

263 693 369 762 super
385 673 615 762 impedimento
633 675 806 764 redipionis
824 677 960 744 mistae.
1013 687 1015 690 ’

226 909 462 981 Illustrissime
480 934 517 981 ae
535 912 820 983 Reverendissime
838 911 999 996 Domine,

182 1119 382 1192 Constantia
404 1124 444 1192 N.
467 1126 799 1207 romano-catholiea,
822 1125 940 1194 aetatis
957 1123 1002 1194 96
1026 1146 1085 1195 an·

136 1232 262 1282 norum
286 1217 491 1304 parochiana
510 1241 596 1301 mea,
617 1219 868 1288 matrimonium
889 1219 974 1287 inire
994 1219 1086 1308 cupit

135 1326 211 1375 cum
235 1309 419 1378 Frederico
435 1311 475 1379 N.
498 1324 606 1382 sectae
625 1313 823 1382 lutheranae
843 1311 985 1395 addicto,
1004 1312 1084 1381 etin

138 1400 208 1468 suis
227 1403 406 1473 erroribus
421 1405 537 1473 saitem
555 1406 621 1473 hue
637 1426 745 1495 usque
762 1406 971 1494 persistente.

19 1562 20 1579 χ
182 1491 268 1564 Pars
304 1497 487 1566 acatholica
508 1519 619 1567 coram
646 1520 725 1581 me,
748 1510 785 1568 ut
803 1519 841 1567 ex
860 1495 1084 1578 declaratione

19 1582 20 1603 ³
139 1583 219 1654 huic
254 1588 411 1677 petitioni
442 1591 550 1660 addita
572 1603 685 1682 petet,
715 1594 777 1664 snb
809 1592 874 1661 tide
905 1591 1084 1660 iuramenti

90 1686 94 1695 “
138 1680 323 1764 promisit,
349 1703 464 1753 omnes
483 1685 659 1775 utriusque
683 1708 779 1755 sexus
799 1686 941 1754 infantes
961 1706 999 1753 ex
1026 1683 1083 1752 itto

137 1773 358 1844 matrimonio
378 1778 588 1859 nascituros,
612 1780 645 1847 in
677 1783 740 1850 {ide
770 1776 1083 1848 romano-catholica

137 1863 361 1954 baptizandos
380 1880 414 1937 et
432 1870 620 1940 educendos
640 1893 735 1956 esse,
760 1874 893 1961 iisque,
919 1891 1026 1958 aeque
1045 1890 1084 1937 ec

138 1962 318 2049 comperti,
335 1983 473 2050 prorsus
491 1963 634 2032 liberum
652 1965 723 2034 fore
741 1965 911 2050 religionis
929 1981 1082 2031 romano·

138 2051 326 2125 catholicae
346 2057 552 2126 exercitium.
976 2108 980 2116 ·

184 2144 365 2219 Praeterea
386 2171 462 2238 pars
482 2149 641 2219 catholica
665 2150 852 2240 spopondit,
873 2169 907 2217 se
928 2168 988 2238 pro
1008 2150 1084 2219 viri·

17 2255 18 2296 1
137 2236 199 2307 bus
227 2254 435 2326 curaturam,
460 2257 507 2326 ut,
531 2257 694 2334 quantum
724 2245 758 2312 in
779 2244 848 2332 ipsa
870 2242 945 2322 erit,
970 2242 1021 2310 vir
1040 2245 1080 2312 ad

137 2350 249 2403 reram
273 2335 375 2404 fidem
395 2349 619 2428 convertatur.

183 2427 297 2508 Quare
316 2428 503 2499 humillime
523 2431 687 2520 supplicat
708 2429 955 2500 illustrissimae
975 2428 1082 2497 Domi·

138 2522 268 2591 nationi
304 2521 461 2606 Vestrae,
487 2535 525 2592 ut
556 2525 619 2614 ipsi
653 2546 755 2614 super
780 2544 819 2593 eo
840 2522 1080 2613 impedimento

17 2617 18 2694 3
141 2607 283 2685 Sanctae
301 2613 394 2683 Sedis
414 2617 616 2704 dispensatio
631 2629 845 2707 procuretur.

17 2713 19 2750 ³
185 2707 315 2777 Causae
336 2722 431 2776 sunt:
447 2709 483 2776 1⁰
499 2711 570 2778 vani
591 2725 739 2793 conatus,
754 2722 791 2779 ut
810 2709 933 2780 oratrix
948 2708 995 2776 illi
1011 2724 1080 2777 mai

17 2791 18 2810 ³
139 2796 291 2870 trimonii
324 2803 493 2889 proposito
524 2804 718 2887 renuntiet;
745 2803 782 2870 2⁰
815 2806 942 2871 formae
969 2803 1080 2870 civiles

119 2904 232 2963 ‘certo
252 2896 375 2963 certius
394 2889 485 2963 brevi
506 2896 759 2988 adimplendam
779 2893 816 2962 3⁰
836 2915 911 2984 spes
941 2893 1078 2961 fundata

142 2986 366 3057 conversionis
385 2986 488 3077 partis
507 2989 710 3058 acatholicae
729 3002 792 3058 etc.

189 3076 270 3149 Pars
290 3081 449 3151 catholica
465 3079 510 3150 95
530 3084 660 3151 francos
674 3102 735 3171 pro
751 3079 901 3171 expensis
921 3077 1080 3148 iaciendis

143 3172 231 3258 apud
251 3194 304 3243 me
320 3173 485 3264 deposuit.

427 3311 480 3382 die
575 3314 699 3384 mensis
907 3307 986 3380 anui

518 3460 586 3531 NN.
606 3460 723 3531 Pastor
740 3460 917 3550 parochiae
