2642 4175
273 406 276 413 ¹
378 439 423 484 ura
439 439 674 485 menumnums
693 439 890 486 mammona
989 430 1053 488 215

159 538 275 608 medio
290 537 539 608 matrimonium
557 551 647 609 metu
661 539 779 607 initum
795 539 1009 624 convalescat,
1026 540 1102 610 siin

161 633 239 702 eius
252 631 475 701 celebratione
490 632 741 702 lornraCoucilii
752 644 876 702 servata
891 633 945 717 sil,
955 646 989 703 et
1002 634 1104 723 impe·

160 726 351 795 dimentom
371 725 491 794 deinde
510 726 705 807 innotescat,
728 747 765 795 ac
784 726 953 816 publicum
974 729 1100 798 eradat.

162 820 252 888 Sunt
268 818 325 909 qui
349 819 526 903 affirmant,
550 841 590 889 eo
609 820 699 909 quod
718 820 802 889 nihil
822 821 958 890 omnino
979 841 997 890 a
1016 821 1103 896 Con·

161 913 245 982 cilio
265 913 453 982 innovatum
474 913 536 982 fuit
552 915 660 1002 quoad
677 912 896 984 matrimonia·
904 915 934 982 vi
952 936 991 983 ac
1010 926 1102 985 metu

161 1007 263 1076 inita.
285 1007 367 1076 Cum
388 1006 502 1094 itaque
521 1020 596 1078 ante
617 1007 814 1091 Concilium,
836 1007 903 1076 sive
920 1028 1004 1076 novo
1023 1029 1103 1078 con·

160 1119 279 1185 sensu,
300 1099 366 1193 sire
386 1102 504 1189 copula
524 1101 642 1170 affectu
661 1100 804 1169 maritali
825 1097 949 1183 habita,
966 1101 993 1170 si
1008 1121 1103 1190 spcu-

158 1208 264 1263 tanea
284 1192 490 1263 habitatione
521 1193 772 1264 matrimonium
793 1205 883 1263 metu
912 1193 1031 1263 initum
1051 1215 1105 1265 re·

160 1287 303 1356 validari
322 1298 493 1376 poterat,
516 1288 603 1358 idem
625 1288 774 1377 prolecto
806 1286 965 1357 iudicium
993 1288 1104 1357 leren-

162 1380 246 1449 dum
261 1392 327 1457 esta
336 1380 362 1448 si
377 1401 471 1450 casus
485 1381 655 1470 contingat
675 1392 749 1472 post
762 1379 898 1451 Consilii
918 1380 1102 1450 Tridentini
1224 1426 1228 1435 ·

162 1475 336 1544 decretam
355 1474 396 1543 de
427 1475 706 1545 clandestinitate.
725 1475 859 1546 Accedit
885 1474 994 1558 illud,
1015 1476 1101 1564 quod

164 1567 441 1657 impedimentum
469 1581 618 1658 tempore
647 1569 804 1638 celebrati
824 1567 1028 1638 matrimonii
1048 1590 1104 1638 oc·

162 1657 291 1731 cultum
309 1682 426 1750 reapse
447 1662 521 1745 suit;
543 1662 640 1731 aliter
657 1681 767 1731 coram
782 1662 930 1732 Ecclesia
946 1660 1024 1730 iniri
1044 1683 1104 1733 ne·

162 1754 339 1844 quivisset,
358 1765 470 1843 postea
489 1776 556 1824 non
576 1756 719 1844 amplius
739 1755 863 1839 existit,
888 1756 1022 1848 quaudo
1042 1778 1103 1846 pu·

164 1847 288 1916 hlicum
309 1848 439 1931 evadit,
462 1849 732 1938 quandoquidem
754 1868 794 1918 ex
817 1850 902 1918 sacto
931 1849 1004 1940 ipso
1024 1870 1104 1919 cou-

167 1943 281 2028 iugum
310 1962 371 2030 per
389 1953 602 2031 spontaneam
624 1941 875 2025 habitationem,
905 1954 962 2011 aut
982 1963 1102 2011 novam

166 2054 366 2105 consensum
381 2046 438 2104 aut
455 2037 607 2126 copulam
623 2056 758 2125 prorsus
778 2035 921 2105 deletum
937 2045 997 2104 est.
1023 2035 1105 2105 Tan·

163 2131 243 2199 dem
263 2149 331 2197 non
360 2129 471 2217 agitur
491 2131 532 2199 de
552 2128 765 2198 matrimonio
790 2129 832 2197 oh
860 2127 1104 2198 clandestinita-

160 2235 246 2306 tem,
262 2225 312 2292 vel
326 2222 416 2291 aliud
432 2223 704 2312 impedimentum
721 2222 809 2312 quod
830 2222 955 2310 absque
971 2220 1104 2310 dispen-

162 2316 292 2385 satione
312 2317 421 2384 sanari
443 2328 599 2406 nequeat,
622 2316 680 2384 sed
699 2316 739 2386 de
761 2313 984 2397 matrimonio,
1008 2313 1103 2383 cuius

163 2409 441 2499 impedimentum
461 2424 511 2479 est
529 2410 644 2478 vitium
667 2408 801 2500 aliquod
822 2427 1012 2489 consensus,
1033 2408 1103 2478 solo

161 2523 247 2572 novo
267 2523 431 2572 consensu
459 2503 620 2573 sanabile.
656 2503 720 2572 Alii
745 2513 857 2572 autem
886 2513 999 2571 contra
1029 2522 1103 2572 sen·

163 2597 263 2680 tiunt,
281 2617 320 2664 ac
332 2607 448 2667 tenent
462 2618 582 2666 norum
603 2617 736 2687 semper
753 2595 882 2687 requiri
904 2615 1103 2666 consensum

163 2709 278 2758 coram
300 2690 504 2760 Parochoet
522 2690 673 2774 testibus,
695 2689 890 2780 praesertim
912 2690 1001 2779 quod
1021 2689 1104 2760 haec

164 2795 215 2852 est
235 2781 270 2852 S.
290 2783 328 2852 C.
350 2784 386 2852 G.
407 2784 515 2874 praxis
535 2805 573 2853 ac
593 2784 778 2873 disciplina.
810 2783 889 2854 Vide
915 2784 979 2853 litt.
1002 2783 1099 2853 Card.

166 2878 264 2945 hrch.
300 2876 494 2946 Viennensis
525 2879 565 2947 ad
596 2878 707 2968 Episc.
727 2877 931 2947 Transilvan.
954 2877 1039 2947 datis
1058 2875 1098 2944 hl

165 2970 264 3039 Febr.
285 2967 390 3038 1857.

211 3063 281 3134 lloc
297 3064 374 3132 loco
393 3063 509 3153 quaeri
531 3064 663 3154 poterit,
688 3084 729 3132 au
751 3074 858 3132 metus
875 3060 1103 3132 reverentialis

166 3157 298 3246 nuptias
310 3157 463 3226 dirimat‘l
475 3155 757 3227 Praemittendum
775 3168 835 3237 est,
847 3154 982 3224 nomine
996 3165 1104 3223 metus

166 3250 392 3320 reverentialis
405 3270 473 3321 non
482 3271 553 3321 eam
567 3250 674 3319 solum
687 3248 827 3338 intelligi
841 3246 1057 3317 verecundiae
1070 3261 1103 3320 et

168 3344 371 3414 reverentiae
386 3343 543 3433 speciem,
561 3365 625 3433 qua
641 3342 702 3411 filii
720 3350 970 3433 prosequuntur
983 3359 1102 3429 paren·

168 3448 214 3505 tes
228 3450 261 3507 et
270 3437 495 3527 alios‚qnibus
507 3438 614 3507 honor
625 3437 796 3507 habendus
808 3447 869 3520 est,
879 3453 992 3504 rerum
1002 3433 1101 3504 etiam

169 3532 361 3602 eonomine
381 3530 523 3620 intelligi
543 3530 818 3602 existimationem
838 3541 871 3600 et
890 3526 1100 3599 formidinem
1196 3578 1204 3591 .

171 3624 263 3709 mali,
287 3625 376 3715 qaod
398 3624 535 3693 timetur
552 3626 593 3694 ab
614 3625 671 3708 iis,
695 3644 837 3715 quornm
858 3621 1026 3712 legitimae
1044 3639 1103 3706 po·
