2642 4175
364 372 409 416 nn
427 371 663 419 macomariam
681 373 880 420 maumonu
974 364 1042 426 229

72 479 76 487 '
159 444 394 559 impedimento
419 470 637 561 praecipuum
666 483 699 543 et
729 470 924 561 proprium3
948 471 984 539 l⁰
1001 474 1089 564 quod

155 562 325 633 dissolutis
340 575 455 633 mutuo
469 564 569 635 etiam
587 585 749 672 consensu
769 565 988 656 sponsalibus,
1007 567 1090 638 illud

158 657 364 726 nullomodo
383 659 532 741 tollatur,
553 658 632 748 quia
650 659 818 730 inductam
842 659 906 728 fuit
929 660 1094 749 sponsali-

156 750 217 820 bus
235 750 363 833 validis,
379 751 503 821 scilicet
517 751 582 820 illis
599 773 685 842 quaa
703 754 807 823 semel
826 751 930 823 valida
951 754 1077 824 luerint
1063 766 1091 824 t.

154 844 257 914 Adest
274 845 361 914 decl.
379 843 412 914 S.
434 843 470 913 C.
489 844 526 915 G.
546 844 567 915 6
582 845 655 914 iulii
672 866 727 916 an.
744 843 836 914 9658
855 846 1034 935 approbata
1050 846 1092 918 ab

156 937 340 1007 Alexandro
354 937 420 1020 vtl;
438 937 571 1029 a⁰quod
585 951 675 1010 retro
688 959 756 1008 nou
769 950 855 1027 agat,
868 939 931 1007 hoc
944 952 993 1010 est
1006 938 1095 1030 prio-

155 1031 249 1100 ribus
268 1032 476 1121 sponsalibus
496 1053 644 1123 unquam
665 1033 826 1120 deroget,
849 1032 949 1100 veluti
969 1032 996 1104 si
1017 1033 1092 1122 quis

156 1136 228 1214 post
248 1125 413 1215 sponsalia
435 1146 510 1196 cum
529 1126 626 1195 Beata
656 1124 764 1196 aalide
796 1135 987 1209 contracta,
1015 1147 1091 1194 eum

135 1267 141 1284 v,
154 1218 305 1290 eiusdem
326 1231 432 1290 matre
453 1231 511 1288 aut
528 1240 643 1290 sorore
671 1240 754 1291 nova
781 1218 946 1308 sponsalia
978 1218 1091 1303 ineat,

155 1332 221 1384 uon
240 1323 370 1384 vetatur
389 1311 519 1384 Beatam
550 1314 673 1386 ducere
694 1312 728 1382 in
756 1332 905 1394 uxorem,
928 1333 1001 1402 cap.
1030 1333 1087 1381 un.

155 1404 196 1474 de
214 1404 368 1496 Sponsal.
390 1406 423 1476 in
443 1405 476 1489 6,
500 1406 577 1497 quia
599 1407 741 1477 secunda
757 1406 922 1496 sponsalia
948 1405 1089 1477 invalida

155 1511 249 1584 sont3
272 1497 351 1568 atsi
371 1510 445 1588 post
464 1501 629 1589 sponsalia
648 1520 724 1568 cum
759 1498 855 1569 Bcrt'a
884 1512 1023 1569 matrem
1040 1500 1092 1568 vel

155 1611 306 1661 sororem
337 1592 409 1662 eius
440 1594 652 1682 cognoverit,
678 1593 878 1663 'affinitatem
900 1590 1091 1676 contrahit,

155 1706 241 1774 quae
259 1685 460 1755 exsecutioni
475 1686 626 1776 priorum
643 1686 845 1775 sponsalium
868 1699 901 1756 et
922 1687 1094 1755 matrimo-

156 1779 211 1847 nio
232 1799 307 1847 cum
329 1777 425 1848 Berta
443 1778 589 1849 ineundo
608 1800 745 1870 prorsus
769 1779 894 1862 obstat,
923 1800 994 1869 cap.
1022 1777 1042 1847 8
1061 1790 1095 1847 ct

153 1871 190 1940 9,
207 1872 253 1942 lle
266 1892 318 1955 co
338 1894 395 1961 qur
411 1893 508 1961 cogn
527 1894 687 1962 consang
706 1872 789 1941 llinc
808 1871 949 1942 affinitas
969 1872 1091 1941 dicitur

158 1973 247 2035 retro
268 1986 392 2054 agere,
428 1965 529 2056 idque
563 1967 603 2035 de
624 1965 698 2034 aliis
718 1964 964 2054 impedimentis
993 1964 1093 2033 tradit

126 2101 128 2103 >
157 2057 304 2129 Sanchea
324 2058 383 2128 lrb
406 2056 486 2130 lde
505 2060 649 2131 blatrtm
670 2058 754 2148 disp.
777 2054 834 2142 68,
856 2079 890 2127 u.
913 2054 959 2125 93
978 2069 1010 2127 et
1031 2054 1088 2124 99.

157 2152 262 2223 Porro
283 2152 362 2243 quid
385 2153 561 2225 dicandum
582 2153 625 2221 sit
643 2153 685 2223 de
703 2172 766 2235 eo,
798 2173 856 2240 qur
847 2149 998 2220 habitis
1017 2169 1091 2218 cum
1166 2233 1175 2241 ι

156 2245 250 2317 berta
272 2246 480 2335 sponsalibus
513 2244 771 2328 conditionalis,
794 2264 869 2312 rum
891 2243 962 2312 eius
981 2262 1095 2311 sorore

155 2340 275 2410 babeat
294 2338 413 2411 deinde
432 2342 604 2429 copulam,
624 2351 657 2409 et
676 2337 898 2430 postmodum,
919 2337 1093 2426 purificata

153 2433 354 2512 conditione,
373 2454 449 2504 cum
464 2434 525 2505 hac
542 2445 709 2523 postrema
724 2430 973 2502 matrimonium
990 2430 1093 2515 ineat,

155 2527 300 2597 validum
321 2547 363 2595 ne
381 2527 447 2597 erit
464 2526 656 2597 huiusmodi
673 2524 947 2597 matrimonium?
963 2525 1093 2594 Diversa

156 2620 308 2689 scribunt
328 2621 369 2688 de
388 2620 450 2689 bae
469 2642 506 2693 re
526 2621 637 2691 Revue
655 2615 770 2691 Theol
791 2619 857 2688 ser.
877 2616 953 2709 3‚p
958 2615 1042 2703 99,
1063 2629 1095 2689 et

156 2697 278 2783 btudas
292 2709 409 2784 tator.
429 2715 454 2782 l.
469 2735 498 2785 c
512 2712 633 2785 Verum
653 2715 766 2785 nullus
783 2711 910 2793 dubito,
924 2713 1005 2803 quin
1022 2716 1091 2781 ma-

157 2806 350 2877 trimonium
370 2807 414 2876 sit
430 2807 599 2891 validum,
621 2829 726 2897 quum
745 2806 894 2877 noudum
923 2806 1093 2895 purificata

157 2900 346 2970 conditione
362 2920 437 2969 vera
452 2902 618 2990 sponsalia
634 2920 702 2972 non
722 2900 890 2969 exsistant.
912 2898 977 2969 Per
996 2920 1094 2989 spon·

159 2993 235 3065 salia
258 2993 482 3065 conditionata
508 2994 617 3064 oritur
644 2993 779 3083 quidem
800 2991 959 3080 obligatio
980 3013 1092 3081 exspe-

158 3087 266 3157 ctandi
296 3100 465 3172 eventum,
503 3088 561 3157 scd
591 3087 726 3159 allectus
759 3086 870 3155 nullus
889 3086 1092 3175 sponsalium

156 3181 315 3270 exsurgit.

202 3275 272 3342 lam
293 3292 371 3345 vero
391 3273 455 3342 hoc
474 3271 749 3380 impedimentum
770 3290 845 3338 curn
865 3268 1038 3340 inductum
1055 3268 1097 3338 sit
1210 3328 1216 3335 .

158 3367 226 3436 solo
246 3365 498 3439 ecclesiastico
490 3386 575 3448 turc,
595 3377 629 3434 et
644 3363 924 3470 dispensationem
940 3361 1094 3448 admittit,

157 3470 190 3528 ct
202 3460 356 3533 infideles
373 3480 439 3529 uon
454 3458 641 3550 adstringit,
662 3477 806 3549 quorum
828 3456 966 3548 proinde
986 3456 1099 3525 matri·

159 3554 268 3625 monia
283 3574 362 3623 cum
380 3573 419 3623 eo
434 3563 599 3621 contracta
615 3553 721 3622 valida
739 3563 828 3636 scot,
850 3561 884 3623 et
899 3562 973 3641 post
987 3548 1095 3636 bapti·
1172 3595 1175 3600 -
