2642 4175
416 408 421 421 ,
480 382 523 425 nn
537 381 750 428 sronstmaus
995 372 1048 428 19?

64 509 66 516 ’
148 482 264 571 stt-quis
276 480 533 571 promissionem
548 464 740 550 huiusmodi
754 492 943 571 acceptaret
960 482 1033 552 siue
1053 473 1091 553 al

150 574 519 664 nimorepromittendi,
536 586 570 643 ct
586 595 622 643 se
640 574 782 644 vicissim
798 575 985 664 obligandi,
1002 588 1084 647 tunc

151 669 327 759 promissio
348 680 383 737 et
399 668 581 757 acceptatio
593 668 677 757 nibil
697 680 890 758 operantur,
911 682 945 740 et
962 682 1084 741 neuter
1190 683 1194 690 '

151 764 330 834 obstrictus
339 774 462 845 manet;
476 781 545 830 non
557 761 765 850 promittens,
774 763 933 853 quiaeins
942 764 1091 853 promis-⁴

151 857 198 928 sio
219 877 287 928 non
307 857 372 925 iuvit
389 855 549 938 liberalis,
571 876 633 924 nee
651 856 813 938 absoluta,
848 859 906 928 sed
926 857 1086 928 conditio·

153 963 239 1034 nata,
263 950 415 1038 adeoque
435 948 623 1018 conditione
642 969 710 1018 non
730 950 876 1038 impleta,
899 971 958 1019 seu
978 952 1084 1021 altero

153 1065 221 1114 non«
236 1043 492 1133 repromittentes
511 1043 602 1111 nulla
621 1042 731 1111 oritur
749 1044 919 1131 obligatio:
941 1065 1010 1113 non
1031 1065 1086 1114 ac-

156 1150 299 1226 reptans,
323 1135 400 1226 quia
420 1137 481 1226 ipsi
503 1135 607 1205 defuit
637 1137 789 1206 voluntas
820 1157 857 1206 se
888 1136 1084 1225 obligandi:

156 1243 243 1300 actus
263 1230 352 1300 enim
373 1230 543 1318 agentium
568 1250 636 1299 non
655 1241 838 1320 operantur
870 1233 957 1300 ultra
977 1231 1088 1300 inten-

154 1325 278 1394 tionem
299 1345 427 1406 eorum,
447 1325 483 1392 L.
505 1324 577 1392 Nou
601 1343 713 1407 onnus,
736 1325 772 1392 tr.
787 1325 828 1394 dc
847 1326 920 1394 reb.
943 1325 1035 1395 cred.

198 1417 269 1487 Sed.
294 1418 391 1488 aliter
423 1417 632 1486 sentiendum
654 1431 724 1498 est,
745 1419 878 1509 quando
910 1418 1086 1508 promissio

155 1512 212 1580 fiat
226 1513 332 1600 protis
349 1525 382 1580 et
402 1511 594 1594 liberalitem·
608 1523 689 1580 tunc
706 1514 794 1581 enim
815 1512 996 1602 acceptatio
1009 1534 1087 1602 pro·

154 1606 338 1687 mittentem
352 1605 444 1693 ligat,
461 1605 589 1675 etiamsi
604 1618 778 1695 acceptans
791 1627 853 1676 nec
865 1606 1086 1695 repromittat,

153 1719 215 1768 nec
226 1698 407 1787 obligetur.
417 1698 596 1767 Promissio
612 1713 721 1768 autem
737 1700 883 1769 liberalis
898 1711 931 1769 et
943 1699 1088 1789 gratuita

155 1804 215 1874 est,
237 1814 312 1861 cum
333 1792 367 1859 in
386 1792 523 1862 alterius
543 1792 718 1862 arbitrium
751 1806 785 1862 ct
812 1795 957 1863 favorem
990 1793 1089 1862 unice

155 1886 359 1955 conseratur.
380 1886 472 1954 Tunc
502 1886 665 1976 siquidem
701 1888 882 1976 acceptatio
901 1908 967 1956 non
989 1887 1090 1956 babet

156 1978 219 2047 vim
238 1991 272 2049 et
290 1979 443 2048 effectum
464 1980 743 2068 repromissionis,
763 1983 820 2049 sed
839 1983 929 2051 soliis
950 1980 1097 2069 promit'

155 2086 239 2158 tens,
253 2073 370 2153 nonni
389 2074 606 2163 sponsalium,
620 2094 705 2162 quae
726 2074 913 2142 claudicare
929 2095 996 2141 non
1013 2094 1090 2161 pos·

154 2179 255 2251 sunt,
282 2168 339 2236 sed
368 2169 399 2234 vi
430 2167 661 2257 promissionis
694 2178 881 2255 acceptatae
912 2167 1091 2234 obstrictus

155 2274 279 2343 manet,
298 2261 402 2329 donec
421 2262 533 2349 puella
550 2262 636 2329 intra
657 2273 843 2348 congruum
860 2259 911 2328 vel
931 2259 1091 2347 praesmi-

157 2368 224 2423 tum
246 2365 379 2442 tempus
412 2355 560 2422 animum
595 2375 691 2422 suurn
723 2354 903 2442 aperuerit.
927 2353 1043 2442 ltaque
1063 2351 1089 2421 si

156 2448 265 2534 puella
285 2446 685 2537 repromittat,'sponsalia
705 2459 912 2531 tennerunt
932 2447 959 2517 si
977 2468 1091 2537 repro·

37 2590 39 2593 .
158 2541 287 2610 mittere
305 2553 436 2625 renuat,
453 2542 650 2632 promittens
668 2564 685 2610 a
707 2542 837 2611 vinculo
857 2541 1089 2630 promissionis

158 2634 355 2703 absolvetur.

203 2753 219 2794 r
243 2728 357 2797 Refert
389 2741 499 2796 autem
521 2729 687 2810 multum,
715 2729 765 2798 uti
785 2729 826 2797 ad
846 2749 916 2797 rcm
937 2730 1090 2798 observat

158 2820 302 2890 Sanchcz
331 2821 389 2889 lib.
412 2823 429 2888 1
449 2874 457 2904 ,
480 2823 521 2888 de
553 2821 702 2912 Sponsal.
726 2824 848 2909 disput.
873 2821 913 2905 5,
936 2844 971 2889 n.
992 2821 1024 2905 8,
1047 2843 1090 2890 an

157 2915 331 3003 promissio
351 2915 433 2983 haec
452 2914 576 3003 obliget
597 2918 626 2983 vi
646 2918 872 3005 sponsal-ium,
898 2937 938 2984 an
958 2916 988 2983 vi
1010 2915 1090 2984 sim·

158 3008 251 3096 plicis
285 3008 536 3096 promissioniS‚
559 3031 633 3077 eum
657 3010 759 3098 priori
779 3031 856 3078 casu
878 3010 1006 3077 oriatur
1026 3010 1091 3077 irn-

159 3103 386 3187 pedimentum
402 3102 552 3190 publicae
573 3104 765 3185 honestatis,
784 3103 959 3192 posteriori
977 3116 1090 3171 autem

160 3195 308 3264 minime.
330 3195 419 3263 Dicis
439 3208 574 3279 autern,
597 3190 812 3285 prosequitur
844 3197 930 3263 idem
968 3197 1092 3264 Auctor

160 3289 213 3356 eit.
231 3290 316 3371 loco,
334 3310 428 3357 num.
449 3288 505 3371 15,
523 3292 654 3377 quando
673 3288 862 3359 censebitur
880 3310 939 3376 per
956 3289 1091 3356 modum

160 3394 370 3461 contractus,
391 3395 424 3451 et
448 3385 579 3472 quando
613 3384 715 3471 gratis
744 3382 966 3469 promittere?
990 3406 1003 3447 r
1028 3382 1092 3452 Re·

160 3477 298 3562 spondet
317 3489 427 3545 autem
452 3502 466 3542 r
487 3476 712 3565 promittentis
733 3475 908 3543 intentioni
938 3477 1091 3544 standum

161 3587 242 3649 essm
259 3571 348 3657 quod
370 3569 396 3637 si
417 3570 458 3638 de
479 3570 677 3639 camnine
698 3579 825 3637 constet
841 3590 880 3637 ex
893 3567 1094 3637 coniecturis
