2642 4175
297 368 362 425 466
612 377 775 423 mrnunrx
791 377 813 421 1.

248 481 418 562 sonaliter,
435 496 473 547 ac
486 475 610 546 directe
625 486 778 564 tangunt,
794 475 909 545 eadem
927 475 1180 562 l'sinhaerent,

248 595 372 664 eosque
389 572 607 660 ubicumque,
628 568 664 638 in
684 569 855 640 disiunctis
875 569 974 639 etiam
995 592 1035 641 ac
1052 571 1182 647 dissitis

248 668 339 747 locis,
367 676 634 747 commorentur,
655 662 812 733 continuo
833 676 1033 752 sequuntur.
1067 665 1181 746 Quare

246 782 346 831 nemo
360 780 399 829 ex
413 779 529 848 regno,
545 757 609 827 alio
626 755 752 838 vivens,
764 778 802 825 ac
815 756 1019 827 domicilium
1038 757 1179 843 babens,

247 853 452 927 connubium
471 851 668 922 contrahere
687 870 762 919 curn
782 850 907 920 conciri
922 872 993 935 sna,
1011 850 1059 919 ld
1074 875 1180 923 annos

247 961 374 1019 tantum
395 958 483 1028 nata,
506 955 636 1035 potest,
657 942 736 1012 licet
766 942 810 1011 ibi
844 945 918 1032 lege
950 945 1178 1034 permittatur,

247 1054 285 1113 ut
305 1040 412 1131 puella
431 1049 504 1128 pust
522 1059 645 1108 anuum
666 1036 711 1104 lb
731 1037 859 1107 nubere
882 1038 1011 1108 valeat:
1034 1050 1180 1130 uterque

247 1136 336 1205 enim
355 1133 485 1222 legibus
502 1131 551 1200 sui
582 1130 678 1220 regni
707 1130 936 1219 obstringitur.
971 1133 1118 1216 Contra,
1152 1135 1181 1203 si

247 1230 317 1319 ipse
337 1228 423 1296 idem
445 1226 479 1295 in
500 1244 634 1294 uxorem
652 1225 789 1293 duceret
803 1226 946 1312 puellam
962 1225 1054 1294 illius
1072 1227 1183 1315 regio-

245 1323 310 1409 nis,
329 1342 415 1412 quae
429 1340 552 1389 annum
571 1317 755 1408 pubertatis
769 1317 857 1386 iuxta
871 1339 997 1387 morem
1013 1319 1181 1408 vigentem

246 1415 404 1504 attigerit,
427 1412 674 1482 matrimonium
693 1410 837 1479 validum
852 1411 926 1494 erit,
950 1423 986 1480 ut
1002 1413 1183 1483 observant

246 1509 455 1578 Delvincourt
471 1519 503 1577 et
522 1505 680 1574 Toullier.
699 1504 778 1572 Vide
793 1503 933 1574 Rouvier
947 1516 972 1574 t.
991 1505 1026 1589 lt,
1046 1528 1079 1595 p.
1096 1505 1182 1574 372.

246 1603 335 1672 Haec
348 1601 388 1669 de
405 1599 486 1681 cive,
501 1598 559 1689 qui
579 1611 668 1667 extra
688 1618 828 1685 regnum
849 1599 1100 1669 matrimonium
1121 1601 1183 1669 ini·

246 1717 283 1765 re
301 1695 380 1775 vult,
402 1693 564 1761 incolatus
577 1692 632 1773 sui
650 1704 801 1780 tempore
812 1714 822 1774 ;
840 1714 925 1781 quae
953 1694 1113 1762 advenam
1132 1716 1185 1765 re-

245 1787 400 1878 spiciunt,
420 1785 477 1876 qui
500 1786 533 1853 in
558 1806 662 1874 regno
681 1785 809 1853 nubere
836 1785 989 1870 intendit,
1012 1786 1183 1857 habentur

246 1894 309 1951 art.
332 1877 400 1948 tun
421 1890 454 1951 et
471 1877 552 1963 103,
573 1883 657 1969 qu'os
676 1890 866 1972 perspectos
886 1879 1010 1949 habere
1028 1880 1181 1950 Parocbo

245 1974 339 2044 valde
359 1973 491 2043 iuverit.

294 2067 357 2138 Sed
373 2079 411 2137 nt
428 2089 479 2147 eo,
498 2065 585 2135 unde
605 2063 743 2153 digressi
763 2085 889 2147 sumus,
906 2075 1121 2149 revertamur,
1140 2089 1180 2135 ο-

247 2163 336 2231 mnia
351 2182 436 2251 quae
449 2161 489 2230 de
498 2158 812 2249 proclamationibus
825 2160 1054 2242 disseruimus,
1071 2161 1181 2250 aptari

246 2255 320 2325 iure
341 2264 479 2345 possunt
498 2252 647 2334 testibus,
667 2273 810 2342 quorum
838 2249 1022 2342 praesentia
1042 2274 1110 2322 non
1130 2266 1181 2324 est

246 2350 329 2418 adeo
348 2346 555 2430 essentialis,
575 2356 622 2424 ut,
640 2346 668 2415 si
696 2345 757 2435 ipsi
778 2346 910 2425 absint,
926 2346 1179 2416 matrimonium

246 2443 446 2512 abolendum
466 2440 521 2523 sit;
541 2438 663 2509 suffieit
681 2442 782 2524 enirn,
814 2451 851 2507 ut
870 2439 1004 2509 aliunde
1021 2450 1177 2523 constet,

246 2533 494 2605 matrimonium
516 2553 631 2621 reapse
651 2533 782 2623 publice
802 2532 919 2602 initum
940 2534 1057 2603 inisse.
1075 2533 1112 2602 ld
1127 2534 1178 2602 iu·

10 2609 11 2644 ³
121 2699 129 2718 κ
245 2648 281 2697 se
293 2627 442 2787 grabam
461 2625 587 2706 llerlin,
605 2647 637 2693 o.
658 2626 806 2714 Moriope
830 2628 904 2694 aab.
923 2626 958 2694 le.
980 2627 1179 2716 Nougarede

245 2731 270 2789 t.
318 2740 375 2802 ,c.
395 2717 428 2803 8,
451 2732 484 2788 et
501 2718 652 2788 Carridre
675 2731 698 2787 t.
717 2717 749 2802 2,
773 2742 805 2809 p.
826 2718 883 2787 47.
906 2718 942 2787 In
962 2718 1065 2789 Gallia
1097 2743 1180 2810 qua·

245 2824 322 2884 tuor
335 2824 434 2884 testes
453 2813 566 2881 adesse
585 2812 718 2899 debent,
736 2823 881 2882 attamen
896 2812 1043 2881 Toullier
1057 2836 1093 2902 p.
1110 2811 1178 2882 535

246 2918 341 2998 putat
359 2905 605 2977 matrimonium
626 2906 698 2975 sine
717 2906 857 2988 testibus
888 2906 1091 2976 celebratum
1112 2927 1179 2976 uon

246 3022 317 3072 esse
336 3000 559 3079 irritandum,
580 2999 637 3068 obi
657 2998 719 3067 alia
741 3011 940 3069 concurrant
971 3020 1087 3070 rerum
1120 3001 1180 3069 ad·

246 3094 369 3180 innota,
391 3114 477 3184 quae
505 3093 586 3161 illud
606 3092 641 3162 in
660 3092 799 3162 dubium
830 3095 923 3162 nullo
952 3094 1050 3162 modo
1083 3114 1179 3163 revo-

245 3199 333 3258 cent.

293 3281 382 3350 ldem
404 3280 500 3369 plane
524 3279 701 3348 dicendum
731 3278 860 3347 videtur
880 3279 921 3347 de
954 3279 1179 3348 celebratione

246 3373 280 3440 in
300 3373 397 3442 domo
416 3372 615 3443 communali
634 3424 643 3456 ,
664 3371 856 3460 praesertim
890 3392 964 3441 com
990 3373 1044 3441 ier
1073 3375 1180 3442 neuti-

202 3483 208 3498 ‘
247 3486 347 3555 quam
367 3466 552 3555 probibeat,
573 3465 653 3555 quin
675 3465 823 3534 minister
841 3489 856 3531 a
871 3466 902 3533 si
921 3465 1179 3551 trosseriocartel

245 3558 340 3646 luopo
356 3560 393 3626 r'u
411 3561 466 3628 cai
486 3561 609 3629 trovooi
628 3559 658 3628 lo
677 3580 768 3648 sporo
801 3558 982 3648 impedito,
1015 3560 1056 3627 ed
1075 3560 1123 3627 ivi
1140 3559 1178 3626 ia
