2642 4175
282 354 349 415 528
589 364 753 411 mennon
767 364 814 413 m.

233 464 320 548 Quin
339 466 407 535 imo
428 466 460 534 iu
481 464 578 534 dictis
595 463 813 553 regionibus,
836 485 904 533 non
932 464 1039 533 snum
1062 463 1173 533 immi-

233 579 317 629 nens
334 558 450 629 mortis
466 558 667 648 periculum,
682 558 739 627 sed
753 558 922 647 quaelibet
934 557 998 626 alia
1010 558 1120 645 gravis
1133 579 1174 627 ao

233 651 440 721 rationabilis
454 673 552 722 cansa
566 672 625 740 per
638 671 674 721 se
688 662 803 739 potens
818 662 878 733 est,
890 664 927 720 ut
942 651 1172 721 solemnitates

233 746 453 830 omittantur,
475 747 524 815 vel
554 756 591 814 ut
611 757 738 814 tantum
767 746 899 835 aliquae
931 744 1167 825 adhibeantur,

232 838 277 907 ita
298 850 421 922 tamen,
448 851 485 909 ut
502 838 634 922 deinde,
656 839 735 907 dum
756 850 942 930 opportuna
961 839 1091 907 occasio
1110 842 1168 907 ad·

232 932 344 1016 luerit,
366 934 502 1003 eaedem
521 933 571 1001 vel
590 952 731 1015 omnes,
752 934 802 1000 vel
821 954 907 1022 quae
927 932 1069 1001 omissae
1089 946 1173 1001 sunt

232 1025 265 1095 in
281 1025 424 1096 Ecclesia
438 1027 487 1096 vel
505 1024 657 1096 Oratorio
672 1026 901 1114 suppleantur.
919 1024 951 1094 S.
963 1025 999 1094 C·
1010 1026 1051 1093 de
1065 1023 1166 1114 Prop.

231 1117 1169 1190 Fidellllan.l789.FormamautemhuiusSaoramenti

230 1213 483 1289 administrandi
500 1212 650 1284 cbristus
670 1213 829 1284 Dominus
845 1214 1009 1302 Apostolis
1030 1214 1171 1282 tradidit

231 1306 297 1375 illis
324 1307 432 1376 verbis
459 1307 575 1377 Matth.
594 1306 744 1390 xxvln,
767 1306 831 1376 le:
871 1307 1032 1375 ‹Euntes
1051 1307 1168 1376 docere

235 1421 352 1471 omnes
372 1411 512 1490 gentes,
533 1401 739 1490 baptizantes
766 1421 823 1470 eos
845 1401 880 1470 in
907 1397 1042 1472 nomine
1061 1398 1173 1470 Patris

231 1507 265 1564 et
285 1494 358 1563 Filii
380 1505 414 1563 et
433 1493 576 1583 Spiritus
596 1492 743 1562 Sancti.»

278 1587 407 1658 Riluale
434 1587 619 1656 Romanurn
640 1588 681 1655 de
701 1587 864 1676 baptismo
885 1586 1075 1656 adultorum
1096 1606 1169 1654 mo·

228 1693 296 1763 net,
319 1706 333 1747 ‹
357 1682 475 1749 decere
495 1680 687 1750 huiusmodi
706 1680 907 1771 baptismum
928 1700 967 1750 ex
982 1679 1168 1769 apostolico

231 1774 408 1859 instituto,
431 1775 465 1842 in
485 1773 626 1845 Sabbata
646 1785 759 1844 sancto
779 1776 828 1845 vel
851 1773 1060 1844 Pentecostes
1079 1773 1169 1842 sole·

231 1870 353 1938 multer
371 1867 546 1937 celebrari.
570 1892 584 1934 i
607 1867 853 1939 Praemittenda
884 1889 984 1957 porro
1004 1880 1054 1936 est
1074 1866 1167 1935 suffi-

230 1962 320 2032 ciens
341 1961 513 2032 instructio
533 1962 619 2031 circa
646 1962 823 2051 praecipua
845 1961 1111 2052 [ideimpsteria
1129 1982 1167 2027 a·

228 2055 358 2147 deoque
377 2076 443 2125 non
461 2068 538 2126 sunt
557 2055 752 2125 admittendi
773 2056 813 2125 ad
833 2054 1040 2144 baptismatis
1060 2074 1165 2143 aquas

229 2150 345 2234 adulti,
369 2162 405 2221 ut
424 2149 471 2220 alt
490 2150 524 2219 S.
546 2150 582 2219 C.
603 2148 839 2239 Propagandao
868 2149 960 2218 Fidei
991 2169 1045 2217 au.
1070 2145 1165 2216 1760

232 2267 246 2310 o
270 2243 305 2312 ni
321 2243 406 2327 bene
427 2244 514 2314 docti
534 2243 659 2313 luerint
678 2243 908 2332 obligationes,
924 2242 1045 2332 quibus
1064 2262 1165 2310 unus·

228 2338 371 2427 quisque
391 2337 498 2408 fidelis
519 2337 668 2426 ligator,
692 2348 726 2405 et
752 2337 918 2405 mediante
939 2338 1035 2424 longa
1065 2356 1164 2423 expe·

229 2430 350 2501 rientia
370 2431 405 2499 in
425 2442 512 2501 statu
532 2430 774 2513 cathecumeni,
791 2429 945 2499 dederint
963 2430 1049 2498 clara
1068 2429 1161 2516 signa

229 2545 327 2594 verae
346 2535 379 2593 et
398 2524 486 2593 vivae
517 2524 594 2594 tidei
617 2536 650 2593 et
669 2527 897 2610 constantiae,
926 2544 991 2613 qua
1020 2522 1162 2610 praediti

230 2637 301 2686 esse
323 2616 469 2700 debent,
493 2617 536 2686 ita
559 2629 596 2686 ut
623 2618 691 2686 sint
710 2617 815 2705 parati
837 2615 987 2685 confiteri
1006 2614 1161 2684 christia·

230 2731 305 2778 nam
326 2709 521 2797 religionem
543 2711 605 2779 sub
625 2730 835 2801 quocumque
865 2719 1109 2778 tormentorum
1129 2721 1164 2777 et

229 2802 314 2874 vitae
342 2804 505 2894 periculo.
530 2827 544 2869 r
567 2805 640 2873 Huc
672 2816 798 2893 spectat
830 2803 989 2873 resolutio
1010 2801 1100 2871 SC.
1121 2803 1162 2870 de

229 2897 444 2988 Propaganda
477 2898 557 2967 Fide
584 2899 624 2967 ad
653 2896 752 2967 dubia
785 2896 952 2986 proposita
987 2894 1160 2964 allicario

230 2992 421 3082 provinciali
442 2991 476 3059 in
497 2992 641 3061 Fo·Kian
662 2991 696 3060 in
718 2991 816 3073 Sinis,
837 3010 958 3078 nempe
973 2989 1013 3057 od
1032 2988 1158 3056 l¹¹olln

231 3087 352 3156 mulier
380 3085 487 3166 [idelis
505 3085 575 3154 viro
592 3085 719 3154 infideli
736 3083 890 3172 coniugio
910 3084 1086 3172 copulata,
1118 3082 1158 3150 de

231 3200 296 3270 qua
316 3200 390 3270 spes
402 3178 583 3268 probabilis
603 3179 751 3267 affulget,
770 3177 858 3268 quod
874 3177 937 3247 sub
951 3177 1030 3264 iugo
1046 3174 1160 3243 inlide-

230 3275 272 3344 lis
295 3274 348 3343 sui
377 3272 555 3342 christiane
587 3272 711 3342 victura
741 3272 806 3353 sit,
829 3271 919 3339 nulla
950 3281 1062 3339 tamen
1085 3288 1160 3356 spes

231 3368 397 3455 affulgeat,
414 3366 501 3457 quod
522 3368 630 3455 proles
650 3387 688 3436 ex
710 3386 745 3434 ea
764 3375 913 3453 suscepta
930 3362 963 3431 in
979 3361 1158 3430 christiana

232 3461 296 3529 lide
313 3460 418 3529 libere
438 3460 620 3544 educetur,
648 3471 785 3550 propter
804 3458 865 3525 viri
891 3456 1034 3525 infidelis
1056 3475 1160 3544 oppo-

156 3558 158 3563 ’
228 3553 397 3638 sirionem,
414 3553 453 3622 ad
470 3551 720 3642 Sacramentum
733 3551 889 3642 Baptismi
905 3548 1033 3620 admitti
1047 3547 1159 3638 possit,
