2642 4175
229 374 294 431 286
558 384 660 428 carun
680 384 727 427 111.

179 486 248 555 cilii
267 486 385 566 forma,
405 505 419 550 r
438 503 475 551 ea
495 481 623 550 ratione
644 481 738 563 inita,
762 480 920 569 inspectis
938 492 1003 549 tarn
1023 503 1121 570 prae·

181 579 300 663 teritis,
321 599 419 668 quam
442 574 672 665 praesentibus
688 576 850 657 locorum,
873 576 913 642 de
930 575 1053 664 quibus
1067 588 1119 646 est

180 694 304 755 sermo,
326 670 549 761 peculiaribus
568 668 844 750 circumstantiis,
868 688 939 737 esse
959 669 1000 737 ab
1021 669 1118 757 Epis·

181 766 273 855 copis
292 777 325 834 et
338 763 493 833 Parocbis
507 763 758 845 dissimulanda,
774 773 807 831 ct
822 763 971 851 quamvis
984 763 1114 847 illicita,

181 858 373 948 prevalidis
394 858 591 925 habenda.»
614 855 676 925 Ubi
703 856 909 937 notandum,
929 858 1137 944 peculiares·

181 953 280 1022 hasce
296 950 559 1020 circumstantias
573 971 639 1021 non
656 948 785 1017 desumi
800 962 857 1017 aut
870 950 987 1018 deduci
1006 972 1045 1018 en
1062 971 1114 1035 eo,

181 1048 270 1136 quod
284 1066 350 1114 non
366 1056 533 1114 constaret
546 1045 587 1113 de
606 1041 874 1133 promulgatione
893 1043 1017 1111 decreti
1031 1044 1119 1113 Con·

181 1137 543 1228 cilii,sedpraesertin1
562 1158 599 1205 ex
614 1138 768 1226 eoquod,
787 1135 945 1204 baeretici
965 1138 1016 1206 vel
1033 1140 1118 1205 mul·

179 1247 214 1303 to
247 1245 341 1302 antea
370 1233 403 1301 in
435 1231 605 1319 Hungaria
635 1230 805 1319 publicum
836 1228 1008 1317 religionis
1037 1251 1119 1299 snae

180 1326 387 1405 exercitium,
407 1323 509 1413 pactis
530 1345 567 1392 ac
587 1323 727 1411 legibus,
745 1322 833 1391 nacti
860 1336 980 1406 essent,
1005 1335 1039 1392 et
1058 1345 1118 1413 pa·

180 1441 251 1489 rem
271 1439 345 1486 cum
375 1417 545 1486 catholicis
572 1417 700 1486 civilem
736 1438 774 1485 ac
799 1416 971 1505 politicum
991 1428 1114 1486 statum

182 1513 354 1593 baberent,
375 1511 426 1578 vel
446 1511 562 1579 saltem
584 1532 622 1578 ex
642 1531 681 1578 eo
700 1510 787 1599 quod
809 1531 963 1579 successu
996 1521 1120 1600 tempo-

181 1606 240 1688 ris,
262 1617 294 1674 et
313 1615 386 1693 post
403 1604 509 1672 edicta
530 1603 660 1691 losepbi
682 1604 723 1684 ll,
745 1623 799 1670 an.
831 1600 943 1687 1781,
974 1624 1012 1671 ac
1037 1604 1119 1673 Leo·

181 1699 272 1787 poldi
293 1698 318 1780 1,
341 1715 395 1765 au.
417 1695 520 1780 trel,
544 1697 665 1786 quibus
682 1696 806 1765 iurium
824 1697 1024 1786 aequalitas,
1044 1698 1121 1766 nul-

180 1792 222 1860 lis
238 1792 320 1860 iocis
339 1790 1118 1879 circumscripta,etcultusomnlmodalibertas,

183 1897 217 1953 ct
237 1884 387 1973 expedita
402 1884 692 1954 matrimoniorum
707 1883 897 1968 mixtorum,
914 1885 1040 1973 absque
1054 1886 1121 1953 ulla

182 1978 394 2060 limitatione,
417 1978 596 2045 celebratio
617 1976 889 2065 impertiebatur,
924 1979 1119 2047 societatem

187 2071 325 2159 omnino
340 2083 525 2161 separatam
552 2071 805 2140 constituerent.
827 2068 848 2139 5
869 2073 1000 2140 tandem
1021 2090 1122 2160 argn-

185 2178 333 2235 mentum
355 2186 394 2234 ex
411 2164 578 2233 decisione
598 2163 632 2233 S.
653 2163 757 2233 Officii
779 2165 818 2232 ad
838 2163 861 2230 ll
880 2165 1018 2233 dubium
1040 2186 1118 2254 pro·
1187 2218 1192 2227 .

184 2259 331 2347 positum
351 2279 368 2326 a
390 2259 533 2348 quodam
554 2256 922 2341 Germaniaebntistite,
932 2259 1120 2326 deducitur.

60 2421 71 2442 ,
185 2351 415 2432 Quaerebatur
442 2376 456 2416 r
478 2351 557 2441 quid
579 2352 621 2420 de
641 2350 853 2420 matrimonio
881 2351 1122 2436 iudicandum,

138 2460 140 2469 ’
185 2445 274 2533 qnod
294 2446 404 2534 sponsi
426 2444 545 2512 mixtae
565 2444 736 2533 religionis
756 2496 764 2525 ,
788 2445 827 2511 ad
846 2445 935 2533 quod
955 2443 1124 2515 Parocbus

188 2537 368 2607 catholicos
387 2548 523 2626 propter
542 2537 706 2606 delectum
728 2537 891 2605 cautionis
917 2550 1124 2627 opportunae

185 2632 227 2699 de
246 2630 405 2700 catholica
426 2629 623 2699 educatione
642 2630 771 2719 prolis,
793 2630 876 2699 illud
897 2631 1120 2714 benedicere,

186 2734 244 2793 aut
260 2725 387 2792 litteras
402 2722 638 2792 dimissoriales
652 2725 732 2791 dare
746 2724 919 2804 recusavit,
933 2745 1044 2792 coram
1063 2726 1127 2797 mi-

190 2818 322 2885 nistellc
337 2815 571 2904 protestantico
585 2817 800 2885 contraxere?
815 2818 982 2906 Numquid
1003 2820 1126 2889 mulier

189 2909 253 2989 bic,
273 2909 329 2978 ubi
349 2908 532 2978 Concilium
552 2908 782 2978 Tridentiuum
798 2906 1031 2999 est‘receptum
1046 2933 1124 2981 con-

189 3002 310 3071 cubina
331 3002 395 3070 erit
413 3002 585 3071 habandei
603 3003 645 3070 Et
664 3003 689 3071 si
712 3004 768 3086 ita,
791 3003 911 3092 quibus
931 3004 992 3073 sub
1012 3005 1126 3090 condi·

190 3095 335 3164 tionibus
366 3096 531 3165 Ecclesiae
564 3096 685 3184 poterit
724 3097 953 3176 reconciliari,
986 3098 1126 3188 eiusque

192 3188 439 3259 matrimonium
455 3189 614 3256 validari‘l
631 3213 645 3254 a
663 3188 720 3278 llic
734 3187 779 3257 30
793 3189 865 3258 lan.
883 3188 975 3259 rada
989 3211 1127 3281 respou-

188 3303 262 3350 sum
281 3283 355 3351 luit:
370 3281 510 3362 «Quoad
527 3280 666 3370 primam
688 3294 720 3350 et
736 3284 912 3352 secundam
931 3296 1058 3372 partem
1074 3304 1128 3353 re·

190 3388 327 3443 currant
350 3376 383 3443 in
404 3375 534 3443 casibus
568 3375 839 3464 peculiaribus.»
861 3375 965 3445 Porro
992 3397 1031 3445 ex
1063 3377 1128 3445 boc

194 3487 352 3554 responso
366 3467 447 3536 illud
462 3468 617 3556 consequi
637 3468 777 3551 videtur,
795 3490 914 3558 nempe
928 3469 1001 3538 lieri
1017 3490 1125 3559 posse,

192 3569 229 3626 ut
249 3560 382 3630 attentis
402 3559 581 3646 adiunctis,
606 3561 815 3631 matrimonia
837 3563 924 3632 inter
942 3562 1129 3633 haereticos
