2642 4175
511 386 676 435 mrunurx
693 389 740 436 111.
980 377 1046 436 6³3

148 483 271 556 Clerici
291 484 390 555 etiam
411 486 609 566 saeculares,
633 488 659 555 si
681 500 738 556 aut
758 487 1016 560 ecclesiasticum
1037 491 1096 560 be·

150 579 309 651 delicium
330 578 526 661 obtineant,
550 592 607 648 aut
630 581 663 648 in
683 581 785 651 sacris
816 584 989 652 ordinibus
1013 604 1093 653 con-

149 673 260 743 stituti
282 672 360 755 sint,
383 672 446 741 nisi
467 674 643 760 specialem
663 696 681 743 a
703 675 839 765 proprio
859 675 1033 747 Ordiuario
1050 678 1092 747 ti·

147 768 294 838 centiam
313 778 573 854 cousequantur.

198 862 244 931 lle
265 859 408 929 Patrinis
428 860 619 929 Tridentino
651 859 802 951 Synodus
834 882 914 932 sess.
937 863 1029 931 xxiv
1050 866 1090 935 de

152 955 215 1023 rei.
237 976 309 1043 cap.
333 950 381 1037 h,
402 954 543 1023 statuit:
578 979 593 1020 c
617 966 655 1023 nt
674 976 761 1023 uuus
780 968 934 1037 tuntum,
956 958 1022 1026 sive
1042 959 1092 1026 vir

149 1048 220 1118 sivc
241 1049 362 1117 mulier
382 1047 470 1118 iuxta
491 1046 526 1116 S.
546 1045 579 1116 S.
604 1048 776 1119 (lenonum
795 1048 958 1133 instituta,
980 1052 1029 1119 vel
1050 1053 1091 1120 ad

155 1163 324 1211 summum
344 1162 452 1224 unus,
477 1153 508 1210 et
530 1161 593 1211 uua
619 1143 820 1231 baptizatum
855 1144 896 1212 dc
927 1143 1091 1231 baptismo

149 1235 345 1325 suscipiant,
369 1234 456 1304 iuter
474 1255 559 1324 quos
578 1257 616 1304 ac
635 1236 837 1324 baptizatum
869 1249 902 1305 et
922 1237 1011 1307 illius
1031 1259 1090 1325 pa·

155 1343 238 1398 trem
257 1341 289 1398 et
308 1341 461 1411 matrem,
479 1348 607 1397 necnon
630 1330 716 1397 inter
736 1330 958 1417 baptizantem
980 1343 1013 1399 ct
1032 1332 1092 1401 ba·

157 1423 330 1510 ptizatum,
352 1422 575 1512 baptizatiqua
596 1436 725 1512 patrem
752 1436 785 1493 et
804 1437 943 1493 matrem
960 1436 1089 1493 tantum
1115 1421 1119 1439 '

148 1517 335 1604 spiritualis
349 1516 502 1603 cognatio
516 1518 750 1586 contrabatur»
768 1518 808 1586 dc
827 1539 890 1607 qua
906 1539 942 1585 ra
957 1517 1087 1606 egimus

155 1610 189 1680 in
209 1621 303 1679 tract.
324 1609 364 1678 de
384 1609 527 1678 Matrim.
549 1608 633 1679 Setis
650 1612 691 1680 de
710 1611 890 1700 Baptismo.
911 1612 1005 1681 blodo
1025 1633 1091 1682 ser·

151 1724 208 1772 mo
234 1703 299 1773 erit
317 1704 357 1772 dc
379 1703 650 1773 Confirmatione.

200 1797 359 1865 Homines
380 1810 587 1866 sacramento
608 1796 766 1885 baptismi
790 1811 1032 1886 regenerantur
1052 1800 1093 1867 ad

152 1890 277 1970 uitam,
297 1902 504 1959 sacramento
533 1889 803 1959 confirmationis
833 1891 1033 1958 roborantur
1052 1893 1092 1958 ad

158 2005 320 2075 pugnarn.
342 1982 459 2071 ltaque
488 1982 702 2051 Confirmatio
724 1995 774 2050 est
803 1983 1013 2070 novaelegis
1046 2004 1095 2053 sa·

155 2089 381 2159 crementum,
404 2098 470 2165 quo
487 2089 620 2165 praeter
639 2076 766 2164 gratiae
781 2075 1015 2146 sanctificantis
1035 2098 1094 2144 au·
1182 2122 1184 2129 -

155 2184 331 2261 gmentum
350 2170 587 2260 consequimur
606 2169 658 2237 ius
693 2170 732 2237 ad
764 2169 970 2260 accipiendas
990 2191 1006 2238 a
1028 2170 1093 2239 neo

152 2267 283 2353 gratias
303 2266 470 2347 actuales,
493 2263 615 2353 quibus
635 2264 791 2332 adversus
821 2263 957 2346 caruis,
980 2265 1094 2332 mundi

162 2371 196 2428 et
215 2359 336 2428 diaboli
359 2357 502 2447 impetus
530 2356 737 2427 robustiores
755 2356 877 2439 simus,
899 2368 932 2425 et
960 2357 1000 2423 ad
1021 2378 1118 2428 con.

154 2455 316 2522 suendum
339 2451 469 2521 Domini
490 2451 594 2520 nostri
609 2450 684 2519 lesu
698 2449 819 2520 Christi
835 2470 956 2520 nomen
972 2450 1094 2518 conlir·

158 2567 288 2615 memur
304 2546 337 2614 in
353 2545 432 2616 side.
452 2545 536 2613 llinc
555 2544 769 2614 Confirmatio
783 2544 922 2632 gratiam
937 2544 1092 2633 baptismi

157 2640 300 2729 perlicit,
323 2639 522 2708 confirmans
544 2656 643 2728 etque
663 2659 790 2726 augens
809 2640 896 2728 quod
920 2637 1005 2708 Deus
1033 2659 1093 2728 pro

155 2734 253 2802 nobis
273 2754 333 2821 per
350 2731 553 2821 Baptismum
578 2733 709 2822 operari
731 2733 862 2821 coepit,
892 2753 1019 2821 nosque
1052 2734 1099 2806 ad.

158 2826 365 2896 Christianae
381 2826 591 2912 perfectiouis
612 2825 813 2896 soliditatem
833 2824 979 2893 adducit.
1007 2824 1094 2892 Con·

155 2918 357 2988 firmationis
377 2919 474 2990 etiam
496 2919 550 2989 alii
572 2921 637 2990 duo
658 2918 794 2987 allectus
809 2930 897 2999 snut,
920 2918 1093 2988 character

157 3035 278 3102 nempe
304 3025 338 3082 et
357 3012 509 3101 cognatio
534 3011 728 3101 spiritualis,
751 3032 837 3102 quac
858 3011 945 3082 inter
971 3010 1093 3083 confir·

156 3118 303 3175 mantem
328 3117 362 3174 ct
381 3106 613 3175 confirmatum
645 3105 784 3194 eiusque
805 3103 932 3194 patrem
965 3116 998 3174 et
1027 3126 1095 3174 ma·

155 3216 242 3269 tram
269 3221 306 3269 ac
323 3200 501 3288 patrinum,
523 3200 804 3290 quemadmodum
834 3200 875 3268 de
905 3198 1093 3287 baptizante

62 3327 67 3337 =
153 3306 190 3364 ot
210 3293 374 3383 baptizato
411 3294 551 3384 eiusque
583 3292 723 3383 patrinis
744 3305 777 3362 ct
800 3292 995 3384 parentibus
1027 3292 1092 3360 iam

152 3387 358 3457 dicebamus.
992 3457 998 3466 ,

202 3480 375 3569 Disputaut
395 3480 560 3568 theologi,
582 3500 668 3550 uum·
684 3479 754 3548 sola
774 3497 933 3548 manuum
955 3476 1092 3566 imposi-

152 3573 204 3644 tio
223 3594 297 3642 cum
321 3574 485 3657 oratione,
501 3594 601 3663 quam
621 3572 802 3661 Episcopus
824 3572 945 3654 fundit,
965 3592 1008 3640 an
1024 3571 1093 3639 sola
1119 3629 1121 3632 .
