2642 4175
373 353 416 396 un
433 351 669 398 runnumuumu
687 351 885 402 mammonin
984 339 1052 411 263,

169 448 413 524 matrimonium
436 448 616 520 invalidum
641 449 695 534 sit,
718 448 781 520 nisi
812 451 972 522 alteruter
992 452 1100 522 domi·

168 544 277 612 cilium
295 544 389 633 prius
407 543 440 614 in
460 544 532 613 loeo
553 542 776 633 acquisiverit,
796 545 884 634 quod
906 544 970 616 dici
986 546 1098 631 debet,

167 637 263 708 etiam
296 638 324 706 si
358 637 520 710 alteruter
545 638 595 707 vel
619 648 761 728 uterque
779 638 822 707 sit
841 638 1042 723 haereticus,
1064 651 1098 710 et

164 732 222 801 soli
243 730 404 800 haeretici
438 729 574 815 iulum,
598 729 631 800 in
653 753 720 821 quo
749 731 998 802 matrimonium
1020 754 1099 802 con·

165 825 310 895 trahitur
328 826 403 913 lege
418 824 611 894 Tridentina
631 825 720 893 haud
734 824 997 915 obstringuntur.
1020 826 1099 897 Vide

165 919 219 987 cit.
241 919 314 988 dec.
334 917 457 987 Urbani
479 917 547 986 Vlll
568 931 600 988 et
619 918 744 988 Bened.
777 917 844 986 xlv
865 920 976 989 donst.
1001 919 1098 990 PAU-

164 1011 224 1082 tls
235 1011 288 1079 ΑΒ
301 1011 413 1082 HlNC.
429 1011 467 1080 ln
480 1013 625 1081 secundo
645 1032 722 1082 casu
740 1011 990 1082 matrimonium
1008 1013 1098 1086 clau·

164 1105 331 1178 destinam
349 1104 476 1195 pariter
496 1104 675 1175 invalidum
697 1116 766 1190 est,
785 1105 853 1175 sive
870 1117 1024 1195 uterque,
1046 1106 1096 1175 vel

164 1201 324 1270 alteruter
339 1198 545 1267 domicilium
562 1197 786 1291 acquisiverit,
800 1200 850 1268 vel
864 1219 943 1269 uon.
960 1197 993 1267 Si
1009 1197 1098 1269 euim

164 1291 377 1383 acquisiverit
393 1292 611 1373 domicilium,
631 1293 816 1383 autquasi,
837 1313 914 1363 eum
932 1292 1005 1382 lege
1027 1291 1100 1360 Tri·

164 1386 298 1456 deutina
319 1385 572 1475 obstringetur,
600 1385 851 1456 matrimonium
877 1386 996 1477 nequit
1020 1406 1100 1455 eou-

166 1479 262 1563 trahi‚
282 1478 347 1549 nisi
369 1499 479 1548 coram
502 1479 647 1568 parocho
668 1492 700 1549 et
721 1480 884 1564 testibus3
906 1480 933 1549 si
958 1501 1024 1549 non
1045 1500 1099 1548 ae-

164 1572 310 1663 quisivit,
330 1573 380 1642 vel
400 1573 440 1641 ad
461 1573 605 1662 priorem
627 1573 738 1642 locum
757 1573 867 1644 redire
887 1585 1029 1665 uterque
1044 1594 1099 1642 co·

163 1666 265 1755 gitur,
288 1677 326 1734 ut
346 1666 594 1735 matrimonium
625 1667 868 1737 clandestinum
893 1667 999 1738 valide
1019 1688 1099 1737 eon·

165 1759 282 1843 trahat,
303 1761 353 1828 vel
373 1760 399 1828 si
416 1759 494 1829 velit
510 1760 542 1829 in
563 1762 652 1844 loco,
675 1760 709 1829 in
727 1782 793 1850 quo
813 1782 874 1831 nec
891 1759 1097 1829 domicilium

164 1874 271 1944 neque
294 1853 390 1943 quasi
426 1853 631 1922 domicilium
668 1854 822 1938 obtinuit,
847 1854 1097 1923 matrimonium

165 1946 260 2032 inire,
278 1967 355 2016 eum
377 1946 439 2015 loci
460 1948 626 2037 parochus
642 1947 707 2015 dici
728 1958 874 2037 nequeat
890 1967 1005 2016 eorum
1026 1967 1099 2036 pro·

164 2040 256 2130 prius
277 2040 456 2131 parochus,
477 2042 687 2111 manilestum
723 2040 760 2110 fit
791 2039 843 2109 sui
875 2039 1024 2130 parochi,
1046 2040 1098 2109 vel

163 2135 303 2206 alterius
321 2136 502 2205 sacerdotis
522 2136 562 2204 de
591 2134 692 2202 huius
720 2133 853 2202 licentia
876 2132 1098 2222 praesentiam

163 2228 308 2319 requiri.
329 2228 479 2299 Intentio
506 2249 584 2297 casu
606 2226 856 2296 matrimonium
878 2225 1021 2294 validum
1036 2235 1096 2309 est,

162 2335 193 2392 et
211 2322 239 2392 si
261 2322 326 2392 soli
347 2321 505 2391 haeretici
537 2334 681 2411 utroque
701 2319 734 2389 in
755 2320 827 2390 loeo
848 2340 866 2388 a
896 2321 970 2410 lege
999 2319 1097 2389 soluti

161 2428 248 2500 sunt,
274 2415 417 2484 validum
440 2427 491 2485 est
510 2414 772 2497 matrimonium,
795 2414 976 2483 dummodo
996 2413 1097 2482 alter-

161 2519 236 2578 uter
252 2508 522 2579 contrahentium
542 2509 730 2579 haereticus
747 2512 801 2578 sit.
822 2509 856 2577 ld
871 2507 960 2577 enim
981 2526 1098 2597 secure

162 2603 202 2671 de
221 2602 402 2691 praedictis
419 2602 550 2672 casibus
571 2602 670 2675 statui
697 2623 792 2692 posse
820 2603 950 2672 videtur
982 2622 1020 2670 cx
1043 2621 1098 2670 ca-

163 2694 277 2764 nonici
299 2695 382 2766 iuris
397 2695 523 2784 regulis
543 2693 752 2786 iampridem
775 2695 961 2767 constitutis
980 2695 1021 2763 de
1040 2693 1098 2764 do·

162 2788 312 2874 micilio,
332 2790 383 2860 vel
411 2788 518 2880 quasi,
534 2790 642 2880 quoad
656 2791 802 2859 valorem
823 2787 1028 2860 matrimonii
1050 2808 1098 2857 re·

161 2882 298 2971 quisito;
320 2903 382 2952 nec
401 2903 537 2953 necesse
556 2895 606 2953 est
623 2881 808 2973 inquirere,
829 2903 870 2950 un
893 2884 944 2951 lex
959 2880 1098 2949 Triden-

162 2975 231 3045 tina
249 2975 376 3060 localis,
398 2996 441 3045 un
460 2976 657 3067 personalis,
686 2996 726 3044 an
756 2975 854 3044 mixta
882 2974 1019 3044 dicenda
1040 2971 1095 3052 sit,

161 3069 201 3138 de
221 3089 286 3159 qua
309 3070 517 3160 quaestione,
547 3070 575 3142 si
594 3068 706 3152 lubet,
725 3067 816 3149 uide,
835 3079 969 3156 praeter
988 3078 1097 3135 eaete-

162 3182 228 3247 ros,
251 3161 318 3231 Van
336 3163 377 3232 de
397 3162 511 3255 Burgt,
534 3185 590 3253 op.
611 3163 670 3232 cit.
688 3184 723 3252 p.
742 3158 823 3229 alu.
844 3160 941 3229 Hisce
966 3155 1094 3247 positis,

162 3255 226 3329 alia
245 3256 391 3334 notanda
413 3255 469 3324 hic
488 3269 580 3328 sunt.

210 3372 225 3415 ‹
246 3348 293 3421 Ex
311 3349 463 3419 unanimi
480 3350 681 3440 scriptorum
701 3345 877 3430 sententia,
900 3344 947 3414 ait
971 3341 1094 3425 Beued.

161 3440 227 3509 xtv
249 3442 330 3513 lust.
364 3440 422 3526 33,
451 3465 486 3533 p.
517 3442 573 3528 ll,
597 3442 742 3527 iudices,
764 3440 909 3524 medici,
930 3435 1096 3509 lucultutis

160 3533 301 3607 alicuius
337 3537 563 3627 professores,
598 3536 778 3627 discipuli,
800 3534 994 3626 famulique,
1016 3529 1094 3597 licet
