2642 4175
288 375 330 432 44
633 385 737 431 eaeor
753 386 776 431 u

238 497 306 555 stet
331 485 372 553 de
390 483 556 554 validitate
581 483 798 573 sponsalium,
819 484 970 572 adeoque
991 483 1030 551 de
1049 482 1176 572 obliga·

240 579 351 661 tione,
380 598 443 666 qua
464 590 607 666 uterque
630 576 849 666 obstringitur
868 598 885 645 a
907 578 972 647 lide
991 577 1066 646 data
1087 576 1176 646 haud

243 671 424 756 resiliendi,
446 670 520 740 lieri
540 682 651 740 tamen
672 681 790 760 potest,
806 681 845 740 ut
862 669 1012 760 quaestio
1031 670 1176 760 practica

243 765 502 848 submoveatur,
523 784 605 834 num
624 765 809 854 sponsalia,
832 765 986 833 omnibus
1005 764 1178 853 perpensis

242 856 318 927 laeli
338 857 514 940 adiunctis,
544 858 702 928 sustineri
723 859 888 940 debeant,
909 858 959 927 rel
981 856 1090 947 potius
1109 857 1178 926 dis·

241 953 338 1021 solvi.
360 951 534 1021 Neminem
554 972 700 1041 namque
719 952 823 1036 latet,
845 952 990 1021 alienum
1011 971 1117 1020 essen
1140 950 1174 1019 S.

243 1044 279 1115 C.
301 1045 338 1115 C.
359 1045 451 1134 praxi
468 1044 694 1115 coactionibus
713 1046 784 1129 uti,
806 1066 890 1135 quoe
909 1045 1056 1133 difficiles
1073 1044 1178 1126 colem

240 1140 351 1208 enites
367 1139 552 1227 frequenter
563 1139 694 1207 babae:
712 1139 862 1228 adeoque
876 1139 910 1206 in
927 1139 1064 1206 materia
1078 1158 1178 1226 spon-

245 1232 366 1300 salium
389 1233 422 1299 iu
453 1231 555 1300 moris
588 1231 737 1313 habere,
759 1243 797 1300 ut
816 1253 892 1321 pars
909 1232 1033 1314 invite,
1053 1233 1093 1300 ad
1115 1249 1175 1315 ea,

243 1324 458 1415 quantumvis
475 1324 593 1406 valida,
614 1324 782 1413 implenda
796 1326 890 1395 nullo
905 1326 1002 1394 modo
1016 1325 1178 1412 adurgea-

246 1429 313 1497 tur,
333 1417 390 1486 ubi
411 1438 450 1486 ex
468 1417 681 1487 matrimonio
694 1429 818 1500 coacto,
838 1439 956 1507 magua
974 1418 1090 1488 exinde
1109 1416 1177 1487 dis·

244 1511 354 1592 sidia,
374 1532 412 1579 ac
439 1511 593 1579 scandala
613 1511 876 1599 pertimescenda
902 1512 998 1581 facile
1017 1510 1080 1581 sibi
1102 1532 1177 1600 per-

226 1605 394 1700 suadeat.
414 1603 504 1683 Quae
522 1625 597 1672 cum
614 1606 658 1674 ita
672 1605 748 1689 sint,
764 1606 829 1674 iam
844 1606 997 1695 pluribus
1012 1625 1094 1694 opus
1109 1624 1177 1673 non

246 1709 309 1781 est,
333 1710 370 1766 ut
390 1698 531 1787 quisque
550 1698 646 1768 facile
666 1699 728 1768 sibi
747 1700 963 1788 persuadeat,
983 1698 1098 1767 citatas
1119 1699 1178 1767 de·

245 1791 390 1861 cisiones
422 1791 488 1860 alio
507 1803 683 1881 spectare,
703 1794 854 1882 adeoque
873 1792 1104 1882 quaestionis,
1138 1792 1180 1858 de

244 1906 312 1974 qua
326 1886 448 1974 agitur,
468 1886 594 1953 nodum
611 1886 805 1955 nullomodo
817 1886 1023 1975 praecidere.
1038 1884 1130 1965 Quod
1146 1897 1183 1951 ut

247 1978 370 2048 clarius
390 1978 599 2061 innotescat,
622 2000 690 2047 nou
710 1979 767 2047 abs
788 2000 825 2048 re
842 1979 907 2047 erit
933 2000 1036 2068 pauca
1056 1978 1097 2046 de
1112 1977 1181 2046 sin·

244 2072 336 2161 gulis
356 2071 581 2143 decisionibus
599 2072 705 2143 satius
718 2073 999 2154 animadvertere,
1015 2093 1115 2163 quam
1130 2070 1181 2140 di-

236 2178 394 2256 sputare.
417 2167 463 2235 nd
493 2166 641 2255 primum
663 2188 765 2257 porro
784 2167 874 2257 qued
891 2169 1033 2250 attinet,
1055 2176 1179 2235 attenta

248 2262 298 2330 vel
316 2260 386 2348 ipsa
405 2259 498 2328 dubii
517 2262 683 2345 formula,
706 2261 753 2330 nil
778 2273 866 2330 vetat
884 2260 1066 2349 quominus
1095 2259 1181 2327 dica·

248 2375 323 2423 mus
352 2353 384 2421 S.
405 2353 443 2421 C.
462 2352 513 2435 C,
537 2354 634 2422 missa
655 2354 850 2442 quaestione
871 2353 977 2435 iuris,
996 2352 1181 2423 decrevisse

244 2446 426 2535 sponsalia,
449 2446 629 2533 dequibus
652 2447 895 2535 disputabatur,
918 2468 985 2515 non
1005 2447 1194 2525 sustineri·

248 2539 316 2608 sive
335 2539 423 2627 quod
443 2539 533 2606 nulla
556 2539 639 2608 iusta
668 2542 782 2610 aderat
795 2562 891 2609 causa
912 2542 1074 2630 petendae
1094 2540 1180 2609 obti-

245 2632 441 2720 nendaeque
459 2630 725 2720 dispensationis,
740 2636 808 2704 sire
822 2636 910 2723 quod
928 2655 1037 2703 sermo
1052 2644 1123 2703 erat
1139 2634 1181 2701 de

245 2724 368 2813 duplici
383 2726 677 2813 consanguinitatis
685 2729 803 2816 gradu,
815 2729 848 2796 in
858 2749 924 2817 quo
935 2739 1013 2796 tune
1021 2726 1181 2815 temporis

246 2828 313 2886 lam
329 2817 425 2886 lacile
438 2817 621 2906 dispensari
636 2841 704 2890 non
717 2823 855 2906 solebat,
871 2822 938 2890 sive
950 2820 1038 2910 quod
1051 2820 1181 2910 praevi·

243 2911 387 2981 debatur
407 2911 668 2997 matrimonium,
685 2916 711 2983 si
733 2936 809 3004 pars
831 2935 975 2983 renuens
995 2915 1034 2983 ad
1053 2925 1183 2982 conua-

145 3036 149 3051 =
246 3003 393 3073 bendum
416 3006 657 3093 adurgeretur,
681 3009 827 3078 infelices
847 3008 953 3077 exitus
973 3007 1177 3086 habiturum,

243 3097 313 3167 sive
335 3098 467 3167 demum
479 3100 568 3188 quod
585 3101 648 3170 alia
661 3103 800 3170 aderant
818 3102 985 3170 rationum
999 3112 1178 3180 momenta,

246 3212 333 3282 quae
352 3194 583 3280 exposcebant,
606 3207 642 3263 ut
660 3216 719 3282 pro
736 3195 823 3265 bono
845 3195 934 3284 pacis
954 3193 1121 3283 prudenti,
1144 3215 1182 3262 ac

244 3298 434 3374 opportune
453 3288 653 3374 procedendi
675 3288 773 3357 modo
793 3288 1034 3377 provideretur,
1055 3286 1182 3376 ipsum-

243 3399 310 3468 que
326 3377 390 3460 ius,
408 3378 434 3447 si
451 3381 538 3469 quod
550 3392 637 3450 esset
649 3381 939 3470 quaesitum,licet
951 3380 1055 3450 valida
1073 3392 1183 3449 essent

241 3472 428 3559 sponsalia,
451 3475 653 3544 aulerretur.
668 3475 758 3544 ldem
779 3477 926 3565 profecto
943 3473 1119 3544 dicendum
1134 3486 1184 3542 est

244 3563 433 3635 insecundo
445 3586 534 3651 casu,
551 3567 608 3637 ubi
626 3569 693 3637 duo
706 3580 876 3658 praeterea
891 3568 1052 3638 accedunt
1067 3579 1183 3636 notatu
