<?xml version="1.0" encoding="UTF-8"?>
<!DOCTYPE html PUBLIC "-//W3C//DTD XHTML 1.0 Transitional//EN"
    "http://www.w3.org/TR/xhtml1/DTD/xhtml1-transitional.dtd">
<html xmlns="http://www.w3.org/1999/xhtml" xml:lang="en" lang="en">
 <head>
  <title>
</title>
<meta http-equiv="Content-Type" content="text/html;charset=utf-8" />
  <meta name='ocr-system' content='tesseract 3.04.00' />
  <meta name='ocr-capabilities' content='ocr_page ocr_carea ocr_par ocr_line ocrx_word'/>
</head>
<body>
  <div class='ocr_page' id='page_1' title='image "./septimiimariaev00veccgoog_0331.png"; bbox 0 0 2642 4175; ppageno 0'>
   <div class='ocr_carea' id='block_1_1' title="bbox 344 367 1020 833">
    <p class='ocr_par' dir='ltr' id='par_1_1' title="bbox 344 367 1020 833">
     <span class='ocr_line' id='line_1_1' title="bbox 344 367 1020 427; baseline 0.003 -2"><span class='ocrx_word' id='word_1_1' title='bbox 344 382 388 426; x_wconf 82' lang='lat' dir='ltr'><strong>nu</strong></span> <span class='ocrx_word' id='word_1_2' title='bbox 405 380 640 427; x_wconf 66' lang='lat' dir='ltr'><strong>menomenae</strong></span> <span class='ocrx_word' id='word_1_3' title='bbox 657 380 856 427; x_wconf 78' lang='lat' dir='ltr'><strong>tennemonn</strong></span> <span class='ocrx_word' id='word_1_4' title='bbox 952 367 1020 427; x_wconf 78' lang='lat'><strong>307</strong></span> 
     </span>
     <span class='ocr_line' id='line_1_2' title="bbox 555 595 647 688; baseline 0 -21"><span class='ocrx_word' id='word_1_5' title='bbox 555 595 647 688; x_wconf 66' lang='lat' dir='ltr'><strong>sot.</strong></span> 
     </span>
     <span class='ocr_line' id='line_1_3' title="bbox 507 763 693 833; baseline 0 -14"><span class='ocrx_word' id='word_1_6' title='bbox 507 763 552 819; x_wconf 84' lang='lat' dir='ltr'><strong>lto</strong></span> <span class='ocrx_word' id='word_1_7' title='bbox 577 763 693 833; x_wconf 81' lang='lat' dir='ltr'><strong>Rapta.</strong></span> 
     </span>
    </p>
   </div>
   <div class='ocr_carea' id='block_1_2' title="bbox 50 939 1161 2804">
    <p class='ocr_par' dir='ltr' id='par_1_2' title="bbox 50 939 1067 1310">
     <span class='ocr_line' id='line_1_4' title="bbox 178 939 1066 1028; baseline 0.003 -19"><span class='ocrx_word' id='word_1_8' title='bbox 178 939 306 1028; x_wconf 86' lang='lat' dir='ltr'><strong>Raptus</strong></span> <span class='ocrx_word' id='word_1_9' title='bbox 325 950 376 1008; x_wconf 88' lang='lat' dir='ltr'><strong>est</strong></span> <span class='ocrx_word' id='word_1_10' title='bbox 392 941 534 1009; x_wconf 88' lang='lat' dir='ltr'><strong>violenta</strong></span> <span class='ocrx_word' id='word_1_11' title='bbox 567 940 711 1010; x_wconf 81' lang='lat' dir='ltr'><strong>feminae</strong></span> <span class='ocrx_word' id='word_1_12' title='bbox 740 941 872 1011; x_wconf 87' lang='lat' dir='ltr'><strong>deloco</strong></span> <span class='ocrx_word' id='word_1_13' title='bbox 892 943 932 1011; x_wconf 90' lang='lat' dir='ltr'><strong>ad</strong></span> <span class='ocrx_word' id='word_1_14' title='bbox 955 943 1066 1012; x_wconf 89' lang='lat' dir='ltr'><strong>locum</strong></span> 
     </span>
     <span class='ocr_line' id='line_1_5' title="bbox 130 1031 1067 1124; baseline 0.004 -22"><span class='ocrx_word' id='word_1_15' title='bbox 130 1031 289 1103; x_wconf 88' lang='lat' dir='ltr'><strong>abductio</strong></span> <span class='ocrx_word' id='word_1_16' title='bbox 312 1033 515 1106; x_wconf 81' lang='lat' dir='ltr'><strong>matrimonii</strong></span> <span class='ocrx_word' id='word_1_17' title='bbox 536 1033 674 1103; x_wconf 91' lang='lat' dir='ltr'><strong>ineundi</strong></span> <span class='ocrx_word' id='word_1_18' title='bbox 694 1054 805 1103; x_wconf 89' lang='lat' dir='ltr'><strong>causa.</strong></span> <span class='ocrx_word' id='word_1_19' title='bbox 827 1034 930 1120; x_wconf 78' lang='lat' dir='ltr'><strong>Leges</strong></span> <span class='ocrx_word' id='word_1_20' title='bbox 959 1034 1067 1124; x_wconf 79' lang='lat' dir='ltr'><strong>liupe-</strong></span> 
     </span>
     <span class='ocr_line' id='line_1_6' title="bbox 131 1126 1062 1215; baseline 0.004 -21"><span class='ocrx_word' id='word_1_21' title='bbox 131 1128 243 1210; x_wconf 88' lang='lat' dir='ltr'><strong>riales,</strong></span> <span class='ocrx_word' id='word_1_22' title='bbox 263 1147 349 1215; x_wconf 91' lang='lat' dir='ltr'><strong>quae</strong></span> <span class='ocrx_word' id='word_1_23' title='bbox 368 1128 561 1196; x_wconf 84' lang='lat' dir='ltr'><strong>reseruntur</strong></span> <span class='ocrx_word' id='word_1_24' title='bbox 574 1127 607 1196; x_wconf 92' lang='lat' dir='ltr'><strong>in</strong></span> <span class='ocrx_word' id='word_1_25' title='bbox 625 1126 745 1196; x_wconf 81' lang='lat' dir='ltr'><strong>Codice</strong></span> <span class='ocrx_word' id='word_1_26' title='bbox 759 1126 987 1197; x_wconf 86' lang='lat' dir='ltr'><strong>Theodosiano</strong></span> <span class='ocrx_word' id='word_1_27' title='bbox 1003 1129 1062 1198; x_wconf 93' lang='lat' dir='ltr'><strong>lib.</strong></span> 
     </span>
     <span class='ocr_line' id='line_1_7' title="bbox 50 1218 1062 1310; baseline 0 -22"><span class='ocrx_word' id='word_1_28' title='bbox 50 1271 53 1278; x_wconf 27' lang='lat' dir='ltr'><strong>a</strong></span> <span class='ocrx_word' id='word_1_29' title='bbox 132 1221 166 1304; x_wconf 79' lang='lat'><strong>9,</strong></span> <span class='ocrx_word' id='word_1_30' title='bbox 181 1219 235 1290; x_wconf 87' lang='lat' dir='ltr'><strong>tit.</strong></span> <span class='ocrx_word' id='word_1_31' title='bbox 254 1218 301 1287; x_wconf 70' lang='lat' dir='ltr'><strong>al</strong></span> <span class='ocrx_word' id='word_1_32' title='bbox 314 1220 354 1289; x_wconf 93' lang='lat' dir='ltr'><strong>de</strong></span> <span class='ocrx_word' id='word_1_33' title='bbox 371 1218 467 1309; x_wconf 88' lang='lat' dir='ltr'><strong>Rapt.</strong></span> <span class='ocrx_word' id='word_1_34' title='bbox 486 1220 575 1310; x_wconf 84' lang='lat' dir='ltr'><strong>Virg.</strong></span> <span class='ocrx_word' id='word_1_35' title='bbox 593 1231 626 1289; x_wconf 91' lang='lat' dir='ltr'><strong>et</strong></span> <span class='ocrx_word' id='word_1_36' title='bbox 643 1219 731 1304; x_wconf 80' lang='lat' dir='ltr'><strong>vin,</strong></span> <span class='ocrx_word' id='word_1_37' title='bbox 747 1232 780 1289; x_wconf 88' lang='lat' dir='ltr'><strong>et</strong></span> <span class='ocrx_word' id='word_1_38' title='bbox 796 1220 859 1289; x_wconf 83' lang='lat' dir='ltr'><strong>Lex</strong></span> <span class='ocrx_word' id='word_1_39' title='bbox 874 1221 965 1290; x_wconf 90' lang='lat' dir='ltr'><strong>unic.</strong></span> <span class='ocrx_word' id='word_1_40' title='bbox 980 1222 1062 1290; x_wconf 81' lang='lat' dir='ltr'><strong>Cod.</strong></span> 
     </span>
    </p>

    <p class='ocr_par' dir='ltr' id='par_1_3' title="bbox 111 1312 1161 2804">
     <span class='ocr_line' id='line_1_8' title="bbox 131 1312 1067 1402; baseline 0.004 -22"><span class='ocrx_word' id='word_1_41' title='bbox 131 1313 251 1383; x_wconf 89' lang='lat' dir='ltr'><strong>lustin.</strong></span> <span class='ocrx_word' id='word_1_42' title='bbox 274 1314 348 1382; x_wconf 93' lang='lat' dir='ltr'><strong>eod.</strong></span> <span class='ocrx_word' id='word_1_43' title='bbox 378 1312 429 1382; x_wconf 93' lang='lat' dir='ltr'><strong>tit.</strong></span> <span class='ocrx_word' id='word_1_44' title='bbox 462 1314 544 1383; x_wconf 90' lang='lat' dir='ltr'><strong>adeo</strong></span> <span class='ocrx_word' id='word_1_45' title='bbox 576 1312 703 1383; x_wconf 82' lang='lat' dir='ltr'><strong>crimen</strong></span> <span class='ocrx_word' id='word_1_46' title='bbox 732 1313 856 1402; x_wconf 77' lang='lat' dir='ltr'>Raptus</span> <span class='ocrx_word' id='word_1_47' title='bbox 886 1315 1067 1384; x_wconf 89' lang='lat' dir='ltr'><strong>detestatae</strong></span> 
     </span>
     <span class='ocr_line' id='line_1_9' title="bbox 131 1406 1065 1497; baseline 0.002 -23"><span class='ocrx_word' id='word_1_48' title='bbox 131 1419 232 1490; x_wconf 84' lang='lat' dir='ltr'><strong>sunt,</strong></span> <span class='ocrx_word' id='word_1_49' title='bbox 257 1417 294 1474; x_wconf 90' lang='lat' dir='ltr'><strong>ut</strong></span> <span class='ocrx_word' id='word_1_50' title='bbox 313 1406 562 1475; x_wconf 80' lang='lat' dir='ltr'><strong>matrimonium</strong></span> <span class='ocrx_word' id='word_1_51' title='bbox 588 1407 677 1476; x_wconf 91' lang='lat' dir='ltr'><strong>inter</strong></span> <span class='ocrx_word' id='word_1_52' title='bbox 696 1419 862 1495; x_wconf 82' lang='lat' dir='ltr'><strong>raptorem</strong></span> <span class='ocrx_word' id='word_1_53' title='bbox 885 1418 918 1477; x_wconf 93' lang='lat' dir='ltr'><strong>et</strong></span> <span class='ocrx_word' id='word_1_54' title='bbox 936 1419 1065 1497; x_wconf 90' lang='lat' dir='ltr'><strong>raptam</strong></span> 
     </span>
     <span class='ocr_line' id='line_1_10' title="bbox 130 1499 1065 1590; baseline -0.001 -20"><span class='ocrx_word' id='word_1_55' title='bbox 130 1501 223 1570; x_wconf 88' lang='lat' dir='ltr'><strong>nullo</strong></span> <span class='ocrx_word' id='word_1_56' title='bbox 244 1521 404 1589; x_wconf 89' lang='lat' dir='ltr'><strong>umquam</strong></span> <span class='ocrx_word' id='word_1_57' title='bbox 435 1508 607 1589; x_wconf 90' lang='lat' dir='ltr'><strong>tempore,</strong></span> <span class='ocrx_word' id='word_1_58' title='bbox 630 1520 693 1569; x_wconf 87' lang='lat' dir='ltr'><strong>nec</strong></span> <span class='ocrx_word' id='word_1_59' title='bbox 711 1499 929 1590; x_wconf 88' lang='lat' dir='ltr'><strong>subsequenti</strong></span> <span class='ocrx_word' id='word_1_60' title='bbox 960 1501 1065 1590; x_wconf 89' lang='lat' dir='ltr'><strong>ipsius</strong></span> 
     </span>
     <span class='ocr_line' id='line_1_11' title="bbox 130 1594 1067 1683; baseline 0.004 -23"><span class='ocrx_word' id='word_1_61' title='bbox 130 1606 245 1681; x_wconf 85' lang='lat' dir='ltr'><strong>raptae</strong></span> <span class='ocrx_word' id='word_1_62' title='bbox 265 1605 447 1682; x_wconf 87' lang='lat' dir='ltr'><strong>spontaneo</strong></span> <span class='ocrx_word' id='word_1_63' title='bbox 468 1613 728 1678; x_wconf 88' lang='lat' dir='ltr'><strong>consensu,nec</strong></span> <span class='ocrx_word' id='word_1_64' title='bbox 747 1595 923 1683; x_wconf 90' lang='lat' dir='ltr'><strong>parentum</strong></span> <span class='ocrx_word' id='word_1_65' title='bbox 945 1594 1067 1664; x_wconf 89' lang='lat' dir='ltr'><strong>ratiha-</strong></span> 
     </span>
     <span class='ocr_line' id='line_1_12' title="bbox 131 1686 1067 1775; baseline 0.006 -22"><span class='ocrx_word' id='word_1_66' title='bbox 131 1686 258 1755; x_wconf 91' lang='lat' dir='ltr'><strong>bitione</strong></span> <span class='ocrx_word' id='word_1_67' title='bbox 277 1687 421 1775; x_wconf 91' lang='lat' dir='ltr'><strong>amplius</strong></span> <span class='ocrx_word' id='word_1_68' title='bbox 449 1688 629 1756; x_wconf 86' lang='lat' dir='ltr'><strong>consistere</strong></span> <span class='ocrx_word' id='word_1_69' title='bbox 658 1707 755 1775; x_wconf 88' lang='lat' dir='ltr'><strong>posse</strong></span> <span class='ocrx_word' id='word_1_70' title='bbox 786 1687 1003 1757; x_wconf 87' lang='lat' dir='ltr'><strong>decreverint.</strong></span> <span class='ocrx_word' id='word_1_71' title='bbox 1025 1689 1067 1760; x_wconf 82' lang='lat' dir='ltr'><strong>At</strong></span> 
     </span>
     <span class='ocr_line' id='line_1_13' title="bbox 131 1780 1068 1870; baseline 0.006 -25"><span class='ocrx_word' id='word_1_72' title='bbox 131 1780 298 1848; x_wconf 80' lang='lat' dir='ltr'><strong>Ecclesiae</strong></span> <span class='ocrx_word' id='word_1_73' title='bbox 317 1780 447 1866; x_wconf 81' lang='lat' dir='ltr'><strong>legibus</strong></span> <span class='ocrx_word' id='word_1_74' title='bbox 464 1780 714 1850; x_wconf 90' lang='lat' dir='ltr'><strong>matrimonium</strong></span> <span class='ocrx_word' id='word_1_75' title='bbox 737 1780 826 1850; x_wconf 90' lang='lat' dir='ltr'><strong>inter</strong></span> <span class='ocrx_word' id='word_1_76' title='bbox 845 1793 1012 1870; x_wconf 86' lang='lat' dir='ltr'><strong>raptorem</strong></span> <span class='ocrx_word' id='word_1_77' title='bbox 1034 1793 1068 1851; x_wconf 90' lang='lat' dir='ltr'><strong>et</strong></span> 
     </span>
     <span class='ocr_line' id='line_1_14' title="bbox 131 1873 1067 1963; baseline 0.004 -24"><span class='ocrx_word' id='word_1_78' title='bbox 131 1885 261 1963; x_wconf 88' lang='lat' dir='ltr'><strong>raptam</strong></span> <span class='ocrx_word' id='word_1_79' title='bbox 294 1874 425 1941; x_wconf 91' lang='lat' dir='ltr'><strong>nullurn</strong></span> <span class='ocrx_word' id='word_1_80' title='bbox 458 1873 669 1955; x_wconf 90' lang='lat' dir='ltr'><strong>habebatur,</strong></span> <span class='ocrx_word' id='word_1_81' title='bbox 693 1873 854 1962; x_wconf 90' lang='lat' dir='ltr'><strong>quamdiu</strong></span> <span class='ocrx_word' id='word_1_82' title='bbox 888 1894 1067 1945; x_wconf 87' lang='lat' dir='ltr'><strong>consensus</strong></span> 
     </span>
     <span class='ocr_line' id='line_1_15' title="bbox 131 1965 1067 2056; baseline 0.003 -23"><span class='ocrx_word' id='word_1_83' title='bbox 131 1979 247 2056; x_wconf 87' lang='lat' dir='ltr'><strong>raptae</strong></span> <span class='ocrx_word' id='word_1_84' title='bbox 268 1966 384 2036; x_wconf 92' lang='lat' dir='ltr'><strong>deerat</strong></span> <span class='ocrx_word' id='word_1_85' title='bbox 397 1988 406 2049; x_wconf 93' lang='lat'>;</span> <span class='ocrx_word' id='word_1_86' title='bbox 429 1965 563 2035; x_wconf 86' lang='lat' dir='ltr'><strong>sienim</strong></span> <span class='ocrx_word' id='word_1_87' title='bbox 583 1967 707 2055; x_wconf 89' lang='lat' dir='ltr'><strong>puella,</strong></span> <span class='ocrx_word' id='word_1_88' title='bbox 731 1965 829 2034; x_wconf 88' lang='lat' dir='ltr'><strong>etiarn</strong></span> <span class='ocrx_word' id='word_1_89' title='bbox 850 1965 884 2034; x_wconf 91' lang='lat' dir='ltr'><strong>in</strong></span> <span class='ocrx_word' id='word_1_90' title='bbox 905 1978 1067 2055; x_wconf 87' lang='lat' dir='ltr'><strong>potestate</strong></span> 
     </span>
     <span class='ocr_line' id='line_1_16' title="bbox 131 2058 1068 2150; baseline 0 -22"><span class='ocrx_word' id='word_1_91' title='bbox 131 2058 287 2149; x_wconf 92' lang='lat' dir='ltr'><strong>raptoris,</strong></span> <span class='ocrx_word' id='word_1_92' title='bbox 307 2080 373 2129; x_wconf 93' lang='lat' dir='ltr'><strong>non</strong></span> <span class='ocrx_word' id='word_1_93' title='bbox 393 2060 536 2150; x_wconf 90' lang='lat' dir='ltr'><strong>amplius</strong></span> <span class='ocrx_word' id='word_1_94' title='bbox 552 2058 665 2143; x_wconf 86' lang='lat' dir='ltr'><strong>invita,</strong></span> <span class='ocrx_word' id='word_1_95' title='bbox 682 2059 739 2128; x_wconf 89' lang='lat' dir='ltr'><strong>sed</strong></span> <span class='ocrx_word' id='word_1_96' title='bbox 757 2059 869 2128; x_wconf 91' lang='lat' dir='ltr'><strong>volans</strong></span> <span class='ocrx_word' id='word_1_97' title='bbox 882 2059 1068 2149; x_wconf 89' lang='lat' dir='ltr'><strong>lubensque</strong></span> 
     </span>
     <span class='ocr_line' id='line_1_17' title="bbox 130 2151 1070 2241; baseline -0.002 -20"><span class='ocrx_word' id='word_1_98' title='bbox 130 2154 363 2234; x_wconf 86' lang='lat' dir='ltr'><strong>consensisset,</strong></span> <span class='ocrx_word' id='word_1_99' title='bbox 378 2153 628 2223; x_wconf 86' lang='lat' dir='ltr'><strong>matrimonium</strong></span> <span class='ocrx_word' id='word_1_100' title='bbox 649 2151 866 2235; x_wconf 86' lang='lat' dir='ltr'><strong>efficiebatur;</strong></span> <span class='ocrx_word' id='word_1_101' title='bbox 890 2152 979 2241; x_wconf 92' lang='lat' dir='ltr'><strong>quod</strong></span> <span class='ocrx_word' id='word_1_102' title='bbox 1000 2153 1070 2240; x_wconf 90' lang='lat' dir='ltr'><strong>plu-</strong></span> 
     </span>
     <span class='ocr_line' id='line_1_18' title="bbox 111 2244 1069 2337; baseline 0 -23"><span class='ocrx_word' id='word_1_103' title='bbox 111 2244 113 2246; x_wconf 74' lang='grc'><strong>’</strong></span> <span class='ocrx_word' id='word_1_104' title='bbox 132 2269 186 2316; x_wconf 88' lang='lat' dir='ltr'><strong>res</strong></span> <span class='ocrx_word' id='word_1_105' title='bbox 207 2246 331 2337; x_wconf 79' lang='lat' dir='ltr'><strong>Synodi</strong></span> <span class='ocrx_word' id='word_1_106' title='bbox 349 2248 568 2336; x_wconf 86' lang='lat' dir='ltr'><strong>particulares</strong></span> <span class='ocrx_word' id='word_1_107' title='bbox 585 2246 781 2327; x_wconf 84' lang='lat' dir='ltr'><strong>edixerunt,</strong></span> <span class='ocrx_word' id='word_1_108' title='bbox 804 2257 837 2314; x_wconf 90' lang='lat' dir='ltr'><strong>et</strong></span> <span class='ocrx_word' id='word_1_109' title='bbox 856 2244 1069 2314; x_wconf 87' lang='lat' dir='ltr'><strong>Innocentius</strong></span> 
     </span>
     <span class='ocr_line' id='line_1_19' title="bbox 133 2330 1161 2429; baseline 0 -22"><span class='ocrx_word' id='word_1_110' title='bbox 133 2340 176 2407; x_wconf 97' lang='lat' dir='ltr'><strong>lll</strong></span> <span class='ocrx_word' id='word_1_111' title='bbox 196 2341 342 2409; x_wconf 88' lang='lat' dir='ltr'><strong>decrevit</strong></span> <span class='ocrx_word' id='word_1_112' title='bbox 361 2362 433 2429; x_wconf 88' lang='lat' dir='ltr'><strong>cap.</strong></span> <span class='ocrx_word' id='word_1_113' title='bbox 458 2338 477 2406; x_wconf 89' lang='lat'><strong>7</strong></span> <span class='ocrx_word' id='word_1_114' title='bbox 496 2340 536 2408; x_wconf 90' lang='lat' dir='ltr'><strong>de</strong></span> <span class='ocrx_word' id='word_1_115' title='bbox 553 2340 689 2429; x_wconf 88' lang='lat' dir='ltr'><strong>Raptor.</strong></span> <span class='ocrx_word' id='word_1_116' title='bbox 711 2338 763 2406; x_wconf 92' lang='lat' dir='ltr'><strong>his</strong></span> <span class='ocrx_word' id='word_1_117' title='bbox 784 2338 903 2407; x_wconf 87' lang='lat' dir='ltr'><strong>verbis:</strong></span> <span class='ocrx_word' id='word_1_118' title='bbox 926 2361 940 2404; x_wconf 82' lang='lat' dir='ltr'><strong>c</strong></span> <span class='ocrx_word' id='word_1_119' title='bbox 964 2337 1068 2427; x_wconf 86' lang='lat' dir='ltr'><strong>Rapta</strong></span> <span class='ocrx_word' id='word_1_120' title='bbox 1156 2330 1161 2347; x_wconf 76' lang='lat'><strong><em>‘</em></strong></span> 
     </span>
     <span class='ocr_line' id='line_1_20' title="bbox 135 2430 1068 2521; baseline -0.002 -21"><span class='ocrx_word' id='word_1_121' title='bbox 135 2434 246 2521; x_wconf 90' lang='lat' dir='ltr'><strong>puella</strong></span> <span class='ocrx_word' id='word_1_122' title='bbox 267 2433 416 2519; x_wconf 84' lang='lat' dir='ltr'><strong>legitime</strong></span> <span class='ocrx_word' id='word_1_123' title='bbox 437 2432 611 2503; x_wconf 88' lang='lat' dir='ltr'><strong>contrahet</strong></span> <span class='ocrx_word' id='word_1_124' title='bbox 643 2454 718 2501; x_wconf 90' lang='lat' dir='ltr'><strong>cum</strong></span> <span class='ocrx_word' id='word_1_125' title='bbox 749 2443 905 2521; x_wconf 90' lang='lat' dir='ltr'><strong>raptore,</strong></span> <span class='ocrx_word' id='word_1_126' title='bbox 928 2431 955 2505; x_wconf 88' lang='lat' dir='ltr'><strong>si</strong></span> <span class='ocrx_word' id='word_1_127' title='bbox 977 2430 1068 2520; x_wconf 92' lang='lat' dir='ltr'><strong>prior</strong></span> 
     </span>
     <span class='ocr_line' id='line_1_21' title="bbox 134 2525 1069 2614; baseline 0.001 -21"><span class='ocrx_word' id='word_1_128' title='bbox 134 2526 299 2596; x_wconf 89' lang='lat' dir='ltr'><strong>dissensio</strong></span> <span class='ocrx_word' id='word_1_129' title='bbox 320 2536 465 2595; x_wconf 88' lang='lat' dir='ltr'><strong>transeat</strong></span> <span class='ocrx_word' id='word_1_130' title='bbox 483 2525 694 2614; x_wconf 90' lang='lat' dir='ltr'><strong>postmodum</strong></span> <span class='ocrx_word' id='word_1_131' title='bbox 726 2525 761 2594; x_wconf 91' lang='lat' dir='ltr'><strong>in</strong></span> <span class='ocrx_word' id='word_1_132' title='bbox 790 2545 1013 2606; x_wconf 87' lang='lat' dir='ltr'><strong>consensum,</strong></span> <span class='ocrx_word' id='word_1_133' title='bbox 1036 2536 1069 2594; x_wconf 92' lang='lat' dir='ltr'><strong>et</strong></span> 
     </span>
     <span class='ocr_line' id='line_1_22' title="bbox 136 2618 1069 2709; baseline -0.001 -22"><span class='ocrx_word' id='word_1_134' title='bbox 136 2621 225 2708; x_wconf 90' lang='lat' dir='ltr'><strong>quod</strong></span> <span class='ocrx_word' id='word_1_135' title='bbox 245 2631 342 2689; x_wconf 86' lang='lat' dir='ltr'><strong>antea</strong></span> <span class='ocrx_word' id='word_1_136' title='bbox 363 2619 552 2708; x_wconf 87' lang='lat' dir='ltr'><strong>displicuit,</strong></span> <span class='ocrx_word' id='word_1_137' title='bbox 574 2620 706 2689; x_wconf 80' lang='lat' dir='ltr'><strong>tandern</strong></span> <span class='ocrx_word' id='word_1_138' title='bbox 728 2618 867 2709; x_wconf 89' lang='lat' dir='ltr'><strong>incipiat</strong></span> <span class='ocrx_word' id='word_1_139' title='bbox 885 2619 1069 2707; x_wconf 89' lang='lat' dir='ltr'><strong>complace-</strong></span> 
     </span>
     <span class='ocr_line' id='line_1_23' title="bbox 135 2712 1066 2804; baseline 0 -24"><span class='ocrx_word' id='word_1_140' title='bbox 135 2735 183 2782; x_wconf 83' lang='lat' dir='ltr'><strong>re.</strong></span> <span class='ocrx_word' id='word_1_141' title='bbox 204 2737 218 2779; x_wconf 79' lang='lat' dir='ltr'><strong>r</strong></span> <span class='ocrx_word' id='word_1_142' title='bbox 239 2716 280 2780; x_wconf 78' lang='lat' dir='ltr'><strong>At</strong></span> <span class='ocrx_word' id='word_1_143' title='bbox 296 2733 373 2781; x_wconf 88' lang='lat' dir='ltr'><strong>vero</strong></span> <span class='ocrx_word' id='word_1_144' title='bbox 389 2712 582 2781; x_wconf 76' lang='lat' dir='ltr'><strong>Tridentina</strong></span> <span class='ocrx_word' id='word_1_145' title='bbox 603 2712 753 2804; x_wconf 79' lang='lat' dir='ltr'><strong>Synodus</strong></span> <span class='ocrx_word' id='word_1_146' title='bbox 773 2734 854 2794; x_wconf 86' lang='lat' dir='ltr'><strong>sess.</strong></span> <span class='ocrx_word' id='word_1_147' title='bbox 870 2712 977 2796; x_wconf 85' lang='lat' dir='ltr'><strong>XXIV,</strong></span> <span class='ocrx_word' id='word_1_148' title='bbox 994 2730 1066 2801; x_wconf 87' lang='lat' dir='ltr'><strong>cap.</strong></span> 
     </span>
    </p>
   </div>
   <div class='ocr_carea' id='block_1_3' title="bbox 137 2804 1179 2894">
    <p class='ocr_par' dir='ltr' id='par_1_4' title="bbox 137 2804 1179 2894">
     <span class='ocr_line' id='line_1_24' title="bbox 137 2804 1179 2894; baseline 0.001 -21"><span class='ocrx_word' id='word_1_149' title='bbox 137 2804 170 2889; x_wconf 86' lang='grc'><strong>6,</strong></span> <span class='ocrx_word' id='word_1_150' title='bbox 193 2807 234 2875; x_wconf 93' lang='lat' dir='ltr'><strong>de</strong></span> <span class='ocrx_word' id='word_1_151' title='bbox 255 2807 402 2875; x_wconf 83' lang='lat' dir='ltr'><strong>Reform.</strong></span> <span class='ocrx_word' id='word_1_152' title='bbox 422 2805 514 2874; x_wconf 88' lang='lat' dir='ltr'><strong>Matr.</strong></span> <span class='ocrx_word' id='word_1_153' title='bbox 537 2806 694 2876; x_wconf 87' lang='lat' dir='ltr'><strong>decrevit:</strong></span> <span class='ocrx_word' id='word_1_154' title='bbox 716 2806 835 2875; x_wconf 78' lang='lat' dir='ltr'><strong>ilnter</strong></span> <span class='ocrx_word' id='word_1_155' title='bbox 851 2818 1017 2894; x_wconf 90' lang='lat' dir='ltr'><strong>raptorem</strong></span> <span class='ocrx_word' id='word_1_156' title='bbox 1037 2816 1071 2874; x_wconf 90' lang='lat' dir='ltr'><strong>et</strong></span> <span class='ocrx_word' id='word_1_157' title='bbox 1175 2839 1179 2843; x_wconf 77' lang='lat'>-</span> 
     </span>
    </p>
   </div>
   <div class='ocr_carea' id='block_1_4' title="bbox 100 2897 1074 3640">
    <p class='ocr_par' dir='ltr' id='par_1_5' title="bbox 100 2897 1074 3640">
     <span class='ocr_line' id='line_1_25' title="bbox 100 2897 1070 2991; baseline -0.002 -25"><span class='ocrx_word' id='word_1_158' title='bbox 100 2986 104 2991; x_wconf 10' lang='grc' dir='ltr'><strong><em>ἢ</em></strong></span> <span class='ocrx_word' id='word_1_159' title='bbox 138 2911 287 2989; x_wconf 89' lang='lat' dir='ltr'><strong>raptam,</strong></span> <span class='ocrx_word' id='word_1_160' title='bbox 309 2898 469 2987; x_wconf 86' lang='lat' dir='ltr'><strong>quamdiu</strong></span> <span class='ocrx_word' id='word_1_161' title='bbox 491 2899 560 2987; x_wconf 90' lang='lat' dir='ltr'><strong>ipsa</strong></span> <span class='ocrx_word' id='word_1_162' title='bbox 581 2899 615 2967; x_wconf 93' lang='lat' dir='ltr'><strong>in</strong></span> <span class='ocrx_word' id='word_1_163' title='bbox 633 2909 795 2986; x_wconf 87' lang='lat' dir='ltr'><strong>potestate</strong></span> <span class='ocrx_word' id='word_1_164' title='bbox 816 2897 958 2986; x_wconf 88' lang='lat' dir='ltr'><strong>raptoris</strong></span> <span class='ocrx_word' id='word_1_165' title='bbox 976 2917 1070 2965; x_wconf 92' lang='lat' dir='ltr'><strong>man·</strong></span> 
     </span>
     <span class='ocr_line' id='line_1_26' title="bbox 137 2989 1070 3081; baseline -0.001 -22"><span class='ocrx_word' id='word_1_166' title='bbox 137 2993 229 3073; x_wconf 91' lang='lat' dir='ltr'><strong>serit,</strong></span> <span class='ocrx_word' id='word_1_167' title='bbox 246 2993 485 3081; x_wconf 83' lang='lat' dir='ltr'><strong>nullumposse</strong></span> <span class='ocrx_word' id='word_1_168' title='bbox 503 2990 683 3061; x_wconf 86' lang='lat' dir='ltr'><strong>subsistere</strong></span> <span class='ocrx_word' id='word_1_169' title='bbox 702 2990 963 3059; x_wconf 88' lang='lat' dir='ltr'><strong>matrimonium:</strong></span> <span class='ocrx_word' id='word_1_170' title='bbox 980 2989 1070 3079; x_wconf 91' lang='lat' dir='ltr'><strong>quod</strong></span> 
     </span>
     <span class='ocr_line' id='line_1_27' title="bbox 139 3082 1070 3174; baseline -0.004 -22"><span class='ocrx_word' id='word_1_171' title='bbox 139 3085 165 3152; x_wconf 93' lang='lat' dir='ltr'><strong>si</strong></span> <span class='ocrx_word' id='word_1_172' title='bbox 185 3096 279 3174; x_wconf 93' lang='lat' dir='ltr'><strong>rapta</strong></span> <span class='ocrx_word' id='word_1_173' title='bbox 302 3107 319 3152; x_wconf 90' lang='lat' dir='ltr'><strong>a</strong></span> <span class='ocrx_word' id='word_1_174' title='bbox 342 3097 475 3173; x_wconf 88' lang='lat' dir='ltr'><strong>raptore</strong></span> <span class='ocrx_word' id='word_1_175' title='bbox 494 3095 657 3174; x_wconf 79' lang='lat' dir='ltr'><strong>separata,</strong></span> <span class='ocrx_word' id='word_1_176' title='bbox 677 3095 710 3152; x_wconf 90' lang='lat' dir='ltr'><strong>et</strong></span> <span class='ocrx_word' id='word_1_177' title='bbox 738 3083 771 3151; x_wconf 92' lang='lat' dir='ltr'><strong>in</strong></span> <span class='ocrx_word' id='word_1_178' title='bbox 791 3084 863 3150; x_wconf 93' lang='lat' dir='ltr'><strong>loco</strong></span> <span class='ocrx_word' id='word_1_179' title='bbox 884 3093 953 3151; x_wconf 90' lang='lat' dir='ltr'><strong>tuto</strong></span> <span class='ocrx_word' id='word_1_180' title='bbox 973 3103 1011 3150; x_wconf 91' lang='lat' dir='ltr'><strong>ac</strong></span> <span class='ocrx_word' id='word_1_181' title='bbox 1029 3082 1070 3149; x_wconf 93' lang='lat' dir='ltr'><strong>li·</strong></span> 
     </span>
     <span class='ocr_line' id='line_1_28' title="bbox 139 3176 1070 3248; baseline -0.003 -4"><span class='ocrx_word' id='word_1_182' title='bbox 139 3176 219 3246; x_wconf 86' lang='lat' dir='ltr'><strong>bero</strong></span> <span class='ocrx_word' id='word_1_183' title='bbox 240 3179 417 3248; x_wconf 88' lang='lat' dir='ltr'><strong>constituta</strong></span> <span class='ocrx_word' id='word_1_184' title='bbox 443 3179 538 3246; x_wconf 90' lang='lat' dir='ltr'><strong>illurn</strong></span> <span class='ocrx_word' id='word_1_185' title='bbox 571 3177 731 3245; x_wconf 90' lang='lat' dir='ltr'><strong>invirum</strong></span> <span class='ocrx_word' id='word_1_186' title='bbox 754 3176 877 3244; x_wconf 89' lang='lat' dir='ltr'><strong>habere</strong></span> <span class='ocrx_word' id='word_1_187' title='bbox 894 3194 1070 3243; x_wconf 87' lang='lat' dir='ltr'><strong>consense-</strong></span> 
     </span>
     <span class='ocr_line' id='line_1_29' title="bbox 140 3266 1070 3360; baseline -0.004 -24"><span class='ocrx_word' id='word_1_188' title='bbox 140 3270 193 3352; x_wconf 94' lang='lat' dir='ltr'><strong>rit,</strong></span> <span class='ocrx_word' id='word_1_189' title='bbox 214 3290 285 3340; x_wconf 88' lang='lat' dir='ltr'><strong>eam</strong></span> <span class='ocrx_word' id='word_1_190' title='bbox 307 3284 421 3360; x_wconf 88' lang='lat' dir='ltr'><strong>raptor</strong></span> <span class='ocrx_word' id='word_1_191' title='bbox 440 3271 474 3339; x_wconf 94' lang='lat' dir='ltr'><strong>in</strong></span> <span class='ocrx_word' id='word_1_192' title='bbox 494 3291 629 3338; x_wconf 80' lang='lat' dir='ltr'><strong>uxorem</strong></span> <span class='ocrx_word' id='word_1_193' title='bbox 650 3270 784 3338; x_wconf 88' lang='lat' dir='ltr'><strong>habeat.</strong></span> <span class='ocrx_word' id='word_1_194' title='bbox 811 3291 825 3334; x_wconf 80' lang='lat' dir='ltr'><strong>r</strong></span> <span class='ocrx_word' id='word_1_195' title='bbox 848 3266 1070 3348; x_wconf 81' lang='lat' dir='ltr'><strong>Quamobrem</strong></span> 
     </span>
     <span class='ocr_line' id='line_1_30' title="bbox 140 3358 1071 3452; baseline -0.002 -24"><span class='ocrx_word' id='word_1_196' title='bbox 140 3364 237 3451; x_wconf 81' lang='lat' dir='ltr'><strong>vulgo</strong></span> <span class='ocrx_word' id='word_1_197' title='bbox 257 3366 381 3448; x_wconf 84' lang='lat' dir='ltr'><strong>lentur,</strong></span> <span class='ocrx_word' id='word_1_198' title='bbox 404 3385 523 3433; x_wconf 88' lang='lat' dir='ltr'><strong>novum</strong></span> <span class='ocrx_word' id='word_1_199' title='bbox 545 3375 658 3451; x_wconf 89' lang='lat' dir='ltr'><strong>raptus</strong></span> <span class='ocrx_word' id='word_1_200' title='bbox 678 3362 952 3452; x_wconf 87' lang='lat' dir='ltr'><strong>impedimentum</strong></span> <span class='ocrx_word' id='word_1_201' title='bbox 973 3380 991 3427; x_wconf 88' lang='lat' dir='ltr'><strong>a</strong></span> <span class='ocrx_word' id='word_1_202' title='bbox 1012 3358 1071 3448; x_wconf 80' lang='lat' dir='ltr'><strong>Sy·</strong></span> 
     </span>
     <span class='ocr_line' id='line_1_31' title="bbox 141 3452 1071 3542; baseline -0.002 -20"><span class='ocrx_word' id='word_1_203' title='bbox 141 3456 226 3524; x_wconf 89' lang='lat' dir='ltr'><strong>nodo</strong></span> <span class='ocrx_word' id='word_1_204' title='bbox 245 3456 437 3526; x_wconf 77' lang='lat' dir='ltr'><strong>Tridentino</strong></span> <span class='ocrx_word' id='word_1_205' title='bbox 458 3457 630 3524; x_wconf 89' lang='lat' dir='ltr'><strong>inductum</strong></span> <span class='ocrx_word' id='word_1_206' title='bbox 651 3477 745 3541; x_wconf 90' lang='lat' dir='ltr'><strong>esse,</strong></span> <span class='ocrx_word' id='word_1_207' title='bbox 768 3476 835 3524; x_wconf 90' lang='lat' dir='ltr'><strong>non</strong></span> <span class='ocrx_word' id='word_1_208' title='bbox 854 3455 960 3523; x_wconf 90' lang='lat' dir='ltr'><strong>solum</strong></span> <span class='ocrx_word' id='word_1_209' title='bbox 982 3452 1071 3542; x_wconf 92' lang='lat' dir='ltr'><strong>quod</strong></span> 
     </span>
     <span class='ocr_line' id='line_1_32' title="bbox 140 3547 1074 3640; baseline 0 -26"><span class='ocrx_word' id='word_1_210' title='bbox 140 3550 314 3620; x_wconf 85' lang='lat' dir='ltr'><strong>recesserit</strong></span> <span class='ocrx_word' id='word_1_211' title='bbox 333 3573 350 3619; x_wconf 91' lang='lat' dir='ltr'><strong>a</strong></span> <span class='ocrx_word' id='word_1_212' title='bbox 366 3550 499 3640; x_wconf 62' lang='lat' dir='ltr'><strong>‘placitis</strong></span> <span class='ocrx_word' id='word_1_213' title='bbox 517 3549 662 3619; x_wconf 87' lang='lat' dir='ltr'><strong>civilium</strong></span> <span class='ocrx_word' id='word_1_214' title='bbox 682 3551 806 3640; x_wconf 78' lang='lat' dir='ltr'><strong>legum,</strong></span> <span class='ocrx_word' id='word_1_215' title='bbox 820 3549 899 3618; x_wconf 90' lang='lat' dir='ltr'><strong>dum</strong></span> <span class='ocrx_word' id='word_1_216' title='bbox 920 3547 1006 3618; x_wconf 90' lang='lat' dir='ltr'><strong>inter</strong></span> <span class='ocrx_word' id='word_1_217' title='bbox 1023 3566 1074 3614; x_wconf 91' lang='lat' dir='ltr'><strong>ra·</strong></span> 
     </span>
    </p>
   </div>
   <div class='ocr_carea' id='block_1_5' title="bbox 0 0 1339 4175">
    <p class='ocr_par' dir='ltr' id='par_1_6' title="bbox 0 0 1339 4175">
     <span class='ocr_line' id='line_1_33' title="bbox 0 0 1339 4175; baseline 0 0"><span class='ocrx_word' id='word_1_218' title='bbox 0 0 1339 4175; x_wconf 95' lang='lat' dir='ltr'><strong> </strong></span> 
     </span>
    </p>
   </div>
  </div>
 </body>
</html>
