2642 4175
378 406 422 450 un
440 405 676 452 rurxnrunuaxs
696 406 895 453 unanmortu
993 396 1057 453 293

165 516 279 573 tarum
295 503 328 571 iu
343 500 455 573 Galliis
469 516 502 574 et
514 503 640 594 Belgio,
656 525 724 575 non
740 518 866 576 servata
882 504 986 574 lorma
1004 504 1104 582 Cone.

162 596 258 665 Trid.
276 597 653 682 celebratorum,uullus
670 599 811 689 amplius
826 598 996 669 dubitandi
1015 599 1106 671 locus

165 690 384 780 relinquitur,
395 691 475 781 quin
490 692 639 781 negativa
649 692 897 763 sententiavera
908 692 961 762 sit.
973 694 1107 765 Accedit

161 784 259 874 quod
285 784 364 853 licet
383 805 420 853 ex
440 784 525 854 lactc
544 798 715 876 separatae
735 786 902 856 societatis
922 785 1104 857 haeretico·

165 898 244 945 rum
260 877 293 946 in
313 898 417 967 regno
438 879 600 948 catholico
619 879 719 950 Sedes
739 880 923 974 Apostolica
943 879 1005 947 vim
1027 880 1108 952 hau·

159 970 262 1054 serit,
286 982 322 1039 ut
341 971 374 1039 in
392 971 590 1062 quibusdam
612 973 743 1043 casibus
768 972 1014 1044 haereticorum
1035 995 1107 1043 ma·

166 1062 329 1133 trimonia
345 1065 536 1153 prevalidis
557 1066 707 1160 habende
728 1087 800 1136 esse
817 1067 1023 1149 decernerem
1040 1087 1107 1135 cer·

163 1170 241 1225 tum
264 1168 374 1250 tamen
395 1169 456 1242 est,
480 1159 559 1228 huic
577 1161 663 1231 facto
683 1180 749 1230 non
770 1159 815 1230 ita
837 1158 1032 1249 simpliciter
1057 1158 1107 1228 in·

159 1249 317 1335 stitisse,
340 1272 379 1320 ar-
411 1252 556 1322 innixam
583 1253 708 1337 fuisse,
736 1265 774 1324 ut
801 1253 874 1323 aliis
901 1252 1107 1341 argumentis

159 1342 291 1430 missis,
314 1355 346 1414 et
364 1344 502 1415 dirersis
522 1367 652 1431 rerum,
676 1368 714 1416 ac
732 1359 921 1437 temporum
943 1345 1106 1416 adiunctis

158 1437 371 1528 postpositis,
390 1440 554 1528 putaverit
567 1461 627 1530 per
645 1462 681 1509 se
697 1440 863 1512 sufficiens
877 1460 960 1524 esse,
980 1451 1017 1509 ut
1030 1440 1106 1510 bae·

159 1531 349 1600 retieorum
367 1533 578 1610 matrimonia
597 1534 701 1606 valida
719 1533 934 1604 haberentur.
1123 1534 1127 1540 '

215 1625 376 1694 Nolumus
395 1625 449 1698 bic
468 1625 600 1696 silentio
630 1628 843 1717 praeterire,
885 1648 951 1698 non
988 1625 1103 1696 deesse

159 1718 393 1809 pientissimus
412 1741 450 1789 ac
469 1719 731 1809 sapientissimos
750 1720 945 1802 Antistius,
966 1718 1022 1810 qui
1049 1740 1103 1789 ve·

85 1857 90 1874 .
160 1812 419 1882 lxementissime
439 1826 611 1904 exoptant,
635 1824 672 1882 ut
693 1834 752 1903 pro
771 1814 877 1883 salute
899 1813 1102 1897 animarum,

158 1927 211 1975 ac
230 1926 290 1993 pro
318 1906 482 1980 Ecclesiae
507 1908 594 1976 bono
621 1905 747 1997 aliquid
779 1908 820 1975 de
856 1905 966 1994 rigore
1003 1905 1104 1975 huius

161 1998 255 2068 iuris
275 1998 503 2084 imminuatur,
526 2013 626 2092 atque
645 2000 857 2090 permittatur
877 1998 910 2067 in
931 2008 1101 2087 posterum

159 2117 186 2164 a
212 2092 245 2161 S.
271 2091 365 2178 Sede,
391 2105 427 2164 ιιι
457 2094 681 2175 matrimonia,
700 2094 740 2162 de
761 2093 883 2183 quibus
903 2091 1024 2180 agitur,
1044 2091 1108 2160 dis-

161 2187 384 2271 simulentur,
408 2188 457 2256 rel
476 2188 591 2257 saltem
616 2201 652 2258 ut
668 2187 779 2277 sponsi
799 2186 832 2254 in
852 2185 938 2254 bona
960 2183 1025 2253 fide
1055 2204 1107 2252 re·

165 2282 378 2369 linquantur.
411 2281 496 2362 Quin
530 2281 597 2351 imo
629 2281 808 2350 nonnullos
846 2277 980 2357 audivi,
1001 2276 1107 2349 enixis

163 2373 330 2466 precibus
348 2395 541 2463 exposcere,
566 2387 602 2445 ιιι
625 2376 673 2444 vel
693 2371 839 2465 generali
863 2373 937 2460 lege
956 2371 1110 2440 decerna·

163 2481 240 2552 tur,
262 2467 458 2537 acatholicus
479 2489 593 2538 ornnes
628 2469 803 2545 societates
833 2486 871 2534 ao
891 2464 1108 2535 communita·

165 2575 224 2633 tes
242 2560 347 2630 ubivis
362 2573 396 2630 et
408 2562 657 2651 quomodolibet
670 2561 806 2652 pacifice
821 2560 977 2644 virentes,
999 2579 1105 2647 quan·

166 2666 246 2724 tum
267 2654 308 2723 ad
328 2654 524 2742 religionem
546 2655 701 2746 pertinet,
723 2657 856 2729 decreto
877 2654 977 2724 Conc.
1012 2651 1104 2721 Trid.

169 2769 243 2817 non
261 2749 510 2837 comprehendi,
531 2751 582 2818 vel
601 2749 716 2819 saltere
738 2768 891 2839 expressa
912 2746 1108 2815 declaratio·

170 2862 218 2910 ne
243 2852 302 2910 aut
321 2841 413 2910 Brevi
435 2843 622 2930 Apostolico
642 2863 701 2930 per
715 2841 942 2911 extensionem
955 2838 1107 2907 Declara-

171 2934 275 3004 tionis
294 2934 416 3004 Rened.
439 2936 506 3013 Xlll
524 2936 565 3005 ab
586 2936 703 3005 eodem
716 2932 828 3004 eximi.
850 2931 966 3000 hlotiva
982 2942 1107 3017 autern,

166 3028 296 3118 quibus
317 3029 479 3099 antistites
496 3030 518 3097 ii
540 3026 774 3118 sapientissimi
795 3024 940 3115 pressius
958 3023 1107 3093 innitun-

169 3133 240 3205 tur,
276 3123 475 3211 procedunt,
497 3135 567 3192 tum
587 3143 626 3191 ex
657 3142 699 3192 eov
724 3119 812 3210 qood
843 3115 1001 3186 reddatur
1033 3115 1110 3184 inde

171 3214 294 3303 religio
314 3215 475 3284 catholica
512 3216 623 3287 minus
655 3213 756 3283 indm
791 3207 1050 3302 protestantibus
1076 3207 1110 3277 in

166 3328 324 3399 genere,
361 3319 394 3378 et
427 3310 520 3378 valde
541 3307 645 3377 facilis
667 3308 707 3377 iis
726 3306 760 3376 in
782 3303 910 3396 specie,
942 3301 1000 3392 qui
1027 3300 1111 3371 sorte

172 3401 281 3490 parati
302 3415 381 3470 sunt
401 3401 434 3470 in
456 3401 622 3470 Ecclesiae
636 3399 745 3479 sinum
764 3420 798 3469 se
812 3398 972 3488 recipere,
990 3407 1057 3467 turn
1073 3417 1112 3466 ex

165 3515 226 3579 eo,
244 3495 337 3585 quod
355 3494 585 3584 gravissimum
600 3494 681 3562 illud
701 3494 838 3575 malum,
855 3493 893 3561 ad
913 3489 1001 3581 quod
1015 3510 1112 3579 prae·

164 3588 290 3659 sertim
312 3589 499 3658 evitandum
519 3588 618 3657 Cone.
639 3586 787 3657 Trident.
805 3585 838 3654 in
851 3605 911 3654 suo
925 3584 1059 3652 decreto
1072 3581 1113 3650 do
