2642 4175
339 306 383 348 ura
399 304 632 350 rnrnuntnnrrs
651 306 848 351 unumunurn
945 293 1010 352 253

124 406 186 473 dus
206 404 257 474 vel
278 423 477 492 suspensus,
499 403 550 471 rel
572 424 588 471 a
609 424 780 472 sacrorum
802 404 988 475 ministerio
1009 404 1061 474 iu·

125 498 308 579 terdiotus,
332 497 440 587 quoad
461 494 645 564 Paroohiali
667 496 840 582 beneficio,
868 498 939 588 ipso
960 500 1057 582 laeto,

125 612 191 660 nou
211 591 375 679 privetur,
399 600 432 658 et
452 588 484 657 in
499 610 557 659 sua
576 589 736 680 qualitate
756 604 936 673 remaneat,
956 591 1061 662 valide

127 683 342 753 matrimonio
361 681 485 752 assistit
505 684 546 752 ob
566 704 639 752 earo
657 684 833 768 rationem,
855 686 933 775 quia
953 685 1060 755 officio

126 779 214 846 testis
239 777 426 867 quolifiooti
444 775 517 845 iure
532 777 693 865 iungitur,
717 789 749 847 et
765 776 934 848 Paroehus
953 779 1061 848 adhue

126 882 186 955 est3
200 870 246 939 ita
256 868 448 959 pariterqui
462 870 501 937 ad
515 869 716 939 beneficium
727 870 779 940 ius
791 872 913 955 amisit,
925 873 974 941 vel
984 873 1061 962 quia

125 964 211 1032 intra
234 983 357 1032 annum
375 983 441 1030 non
458 962 560 1032 luerit
579 965 618 1032 ad
640 965 862 1034 sacerdotium
879 977 1062 1055 promotus,

124 1058 173 1125 vel
194 1056 273 1146 quia
293 1056 384 1124 aliud
399 1055 596 1125 beneficium
616 1056 863 1145 incompatibile
884 1058 1060 1147 acceperit,

126 1150 235 1218 adhue
254 1148 424 1217 Paroehus
445 1159 518 1230 est,
554 1150 632 1238 quia
668 1150 821 1219 benetioii
856 1149 1062 1239 possessione

126 1244 275 1311 nondum
296 1242 456 1331 spoliatus
478 1253 538 1326 est,
562 1254 594 1311 et
613 1243 746 1312 interim
765 1244 990 1333 praesumitur
1003 1245 1062 1312 ha·

127 1336 205 1405 bere
226 1335 347 1404 iustam
369 1356 500 1404 oausam
522 1336 700 1405 retinendi.
725 1336 758 1405 Si
779 1338 932 1426 publicus
952 1349 984 1407 et
1004 1339 1062 1407 de·

127 1429 271 1497 elaratus
287 1428 475 1498 haereticus
496 1430 634 1511 evadat,
663 1430 875 1499 matrimonio
908 1430 1061 1501 assistere

126 1521 267 1610 nequit,
289 1533 463 1610 propterea
486 1523 574 1611 quod
595 1521 667 1612 ipso
688 1523 760 1593 iure
780 1524 942 1593 beneficio
964 1544 1061 1613 paro·

127 1612 226 1683 olriali
245 1616 404 1705 privatur,
428 1635 466 1684 ex
486 1616 597 1684 Const.
618 1614 743 1685 Nicolai
758 1616 802 1685 lll
821 1616 980 1700 Novunrr,
1003 1618 1060 1687 ad·

128 1728 259 1801 eoque,
282 1728 322 1777 eo
341 1719 537 1797 praesente,
561 1707 809 1778 matrimonium
843 1712 972 1779 nullum
997 1722 1058 1780 est.

125 1800 203 1870 llide
222 1801 346 1869 Etudes
365 1802 406 1870 de
424 1795 614 1888 Theologie,
635 1800 727 1871 Paris
747 1801 839 1872 1860
858 1826 889 1892 p.
906 1801 988 1871 aaa.
1011 1806 1060 1872 Au

126 1893 377 1964 matrimonium
396 1905 601 1962 contractum
621 1915 732 1963 eoram
749 1894 910 1974 Parooho,
933 1896 987 1964 cui
1008 1896 1059 1964 in·

125 1987 301 2058 terdiotum
322 1986 510 2076 specialiter
529 1999 579 2056 est
595 1987 636 2055 ab
656 1988 831 2078 Episcopo,
853 2009 894 2057 ne
915 1989 1058 2072 assistat,

125 2081 255 2150 nullum
279 2080 344 2164 sit,
367 2079 517 2170 quaestio
536 2093 609 2164 est,
633 2102 732 2171 quam
755 2081 906 2170 negative
927 2080 1061 2151 resolvit

125 2172 252 2243 Bened.
270 2174 337 2242 Xlll
357 2175 398 2244 de
419 2173 495 2265 Syn.
519 2173 630 2243 llioeo.
649 2173 707 2241 lib.
724 2171 781 2258 tu,
798 2196 828 2243 ε.
844 2171 911 2244 det
923 2174 984 2242 lib.
1000 2171 1057 2258 13,

125 2289 153 2334 ε.
169 2265 216 2335 23
228 2267 388 2337 scribens&
414 2268 474 2335 «ιε
492 2267 580 2336 euim
599 2266 708 2336 adhue
722 2278 772 2336 εει
788 2267 1056 2351 vereParoohus,

125 2360 587 2450 suaequeretinetparoohiae
599 2360 732 2430 titulum
748 2382 785 2430 ae
801 2372 976 2451 propterea
992 2382 1061 2430 om·

125 2453 1060 2545 nibuspraestatqualitatibus,quasl'ridentinumexpo

126 2547 187 2617 scit
208 2548 248 2616 ad
268 2547 472 2617 matrimonii
500 2546 723 2617 validitatem:
746 2548 926 2638 prohibitio
947 2559 1058 2618 autern

126 2640 279 2731 Episcopi
302 2641 408 2709 solum
430 2653 601 2729 operatur,
616 2661 659 2709 ne
676 2641 779 2726 licite,
791 2663 861 2723 ,non
880 2641 995 2711 itidem
1015 2662 1057 2711 ue

124 2735 230 2802 valide
245 2733 301 2801 ille
318 2734 486 2803 assistat.»
509 2733 670 2814 Quoniam
689 2756 778 2817 vero,
802 2746 839 2804 ut
858 2735 959 2804 habet
977 2734 1058 2804 Car-

126 2827 244 2896 dinalis
264 2827 305 2895 de
325 2827 440 2895 Zelada
462 2825 496 2893 in
517 2827 735 2897 instructione
764 2828 803 2895 ad
835 2826 959 2897 Galliae
980 2828 1058 2918 Epi·

125 2941 241 3011 scopos
258 2917 304 2987 ld
325 2919 413 3009 Sept.
432 2917 536 3004 1791,
560 2920 709 2990 intrusus
731 2919 868 2989 minime
888 2931 938 2989 est
957 2918 1058 2989 Paro·

126 3013 205 3082 rhus
225 3013 420 3101 legitimus,
437 3033 548 3102 neque
578 3013 682 3081 ullum
713 3011 814 3081 habet
841 3013 976 3082 titulum
998 3036 1057 3082 seu

125 3127 262 3186 rerum,
282 3127 342 3174 seu
371 3107 579 3190 coloratum,
612 3105 861 3174 matrimonium
883 3127 995 3173 oorarn
1016 3126 1057 3173 eo

126 3210 344 3282 contractum,
359 3200 484 3268 nullius
499 3211 588 3268 certe
603 3199 733 3268 roboris
747 3209 807 3281 est,
824 3219 888 3287 qua
904 3199 944 3265 de
958 3218 1056 3264 causa

126 3293 292 3361 abstinere
311 3291 426 3361 fideles
445 3293 567 3362 debent
585 3313 639 3376 ne,
660 3290 810 3361 Paroeho
827 3312 887 3360 suo
908 3300 1056 3380 praeter-

126 3384 236 3466 misso,
257 3386 378 3454 adeant
399 3385 577 3455 intrusum.

31 3478 32 3483 ’
169 3486 346 3548 Praeterea
366 3500 440 3547 curn
461 3478 609 3572 Synodus
622 3478 816 3567 simpliciter
835 3475 1056 3569 praesentiam
