2642 4175
443 378 487 421 nn
503 376 634 421 uurunu
652 376 850 421 xrx'rrrruoxu
1009 367 1072 423 103

178 476 465 567 quemadmodum
479 473 564 544 inira
579 475 828 564 explicabimus.
843 475 890 544 Ad
904 473 1029 544 licitam
1043 495 1120 544 vero

179 568 1119 658 celebrationem,praeterhaecomnia,requirituretiarn

181 676 219 734 ut
240 663 477 731 contrahentes
501 661 739 752 impedimento
760 662 953 752 impedienti
984 682 1051 732 non
1071 664 1121 731 la·

181 758 314 840 borent,
332 767 365 825 et
384 755 561 825 observent
576 777 661 844 quae
676 757 716 823 ad
731 757 863 844 dignam
885 755 957 825 eius
975 756 1122 826 celebra·

181 850 311 919 tionem
332 870 371 918 ex
391 848 559 918 Ecclesiae
579 860 704 918 statuto
736 849 926 938 pertinent,
947 870 1050 939 seque
1071 849 1120 918 di·

180 954 327 1032 sponant
347 943 387 1011 ad
410 942 550 1030 gratiam
573 941 777 1012 Sacramenti
796 942 1052 1031 suscipiendam.

234 1036 424 1105 Consensus
442 1046 551 1104 autem
571 1037 751 1124 utriusque
770 1057 829 1125 per
850 1034 949 1104 verba
966 1037 1006 1105 de
1026 1057 1122 1126 prae·

185 1130 271 1198 senti
291 1129 431 1219 exprimi
452 1129 561 1213 debet,
584 1139 617 1198 et
636 1150 838 1219 quamquam
860 1140 971 1212 nutus,
991 1128 1123 1235 aliaque

184 1222 279 1312 signa
307 1237 442 1292 externa
462 1235 575 1310 aperte
595 1244 794 1292 consensum
826 1221 1067 1329 exprimentia,
1088 1221 1123 1291 in

185 1317 226 1384 iis
247 1317 348 1385 etiam
364 1338 422 1404 qur
414 1315 532 1404 loqui
548 1328 696 1406 possunt,
719 1316 758 1384 ad
778 1315 1028 1385 matrimonium
1043 1336 1123 1385 con·

187 1409 387 1479 trahendum
401 1410 552 1478 absolute
567 1410 800 1493 sufficerent‚t
802 1429 899 1485 amen
919 1409 1123 1499 ubicumque

184 1516 234 1573 est
250 1503 494 1592 praescriptum
525 1502 681 1573 Perochis
700 1556 709 1585 ,
733 1513 770 1571 ut
788 1504 866 1572 dum
889 1503 1117 1588 benedicunt,

184 1596 412 1685 assistuntque
429 1596 566 1684 nuptiis,
589 1617 786 1667 consensum
806 1596 914 1666 verbis
934 1597 1122 1685 exprimen-

185 1691 265 1757 dum
284 1712 300 1759 a
324 1689 522 1778 coniugibus
542 1691 728 1780 requirant.
750 1692 791 1758 At
809 1691 876 1759 sive
890 1689 940 1757 vir
954 1703 986 1759 et
998 1689 1121 1759 mulier

186 1784 288 1852 simul
308 1783 528 1865 consentiant,
544 1784 610 1853 sive
629 1785 730 1853 unius
744 1784 963 1873 praecedente
982 1804 1122 1852 consen·

184 1897 225 1944 su
242 1897 282 1946 ac
302 1887 529 1965 permanente,
542 1898 720 1947 consensus
734 1877 871 1948 alterius
884 1877 1119 1965 subsequatur,

186 1981 255 2038 lum
279 1971 414 2039 demum
436 1971 686 2040 matrimonium
708 1971 895 2059 perficitur,
918 1992 1020 2058 quum
1043 1991 1121 2039 eon·

185 2083 304 2133 sensus
333 2063 507 2153 utriusque
537 2065 595 2136 adl
594 2064 693 2134 uerit.
716 2063 824 2144 Quare
843 2063 994 2132 contrahi
1015 2077 1121 2153 potest

182 2178 253 2227 non
270 2157 411 2227 solum
402 2171 490 2227 xnter
510 2170 731 2249 praesentes,
754 2158 810 2226 sed
843 2155 943 2224 etiam
962 2157 1049 2224 inter
1069 2156 1123 2225 ab·

182 2262 296 2320 sentes
315 2272 374 2339 per
393 2264 660 2340 procuratorem,
685 2250 886 2318 dummodo:
906 2248 943 2315 l⁰
963 2268 1121 2337 procura·

183 2358 234 2413 tor
253 2344 390 2433 speciali
412 2347 567 2414 mandato
589 2344 629 2414 ad
651 2343 915 2413 contrahendum
934 2363 1011 2411 curn
1032 2354 1120 2412 certa

182 2457 323 2525 persona
340 2438 523 2508 instructus
536 2439 591 2523 sit3
611 2436 647 2505 2⁰
667 2436 888 2507 mandatum
879 2456 987 2528 rpsum
1003 2456 1063 2526 per
1084 2457 1120 2506 se

183 2531 321 2619 impleat
341 2531 408 2614 ita,
442 2544 480 2600 ut
498 2532 597 2602 aliam
622 2531 656 2600 in
677 2532 729 2601 sui
748 2533 858 2601 locum
877 2541 1023 2620 nequeat
1040 2530 1119 2600 sub-

179 2624 334 2706 stituere,
357 2623 475 2701 nisiid
496 2645 648 2716 expresse
670 2626 700 2695 ei
720 2626 822 2695 luerit
841 2645 1060 2707 concessum,
1084 2634 1118 2692 et

183 2717 321 2806 insuper
340 2727 447 2787 servet
467 2730 533 2787 tarn
554 2741 670 2789 omnes
691 2719 839 2789 eiusdem
864 2718 1009 2787 mandati
1029 2717 1118 2786 lirni-
1186 2718 1191 2727 '

181 2821 242 2893 tes,
271 2831 372 2901 quam
391 2810 575 2883 Tridentini
597 2814 704 2902 legem
742 2815 783 2881 de
815 2812 1041 2881 contrahendo
1062 2832 1118 2880 co·

179 2923 251 2973 ram
273 2904 425 2973 Perochn
447 2918 480 2974 et
501 2906 665 2991 testibus;
688 2904 724 2973 3θ
754 2905 899 2994 denique
925 2905 1117 2973 mandatum

124 3073 131 3086 ,
180 3018 220 3066 eo
240 3009 405 3103 tempore,
428 3020 494 3088 quo
514 3000 649 3070 nornine
671 2998 1048 3080 mandantiscontrehit,
1064 3017 1117 3066 r·e

181 3103 333 3161 vocaturn
353 3099 420 3161 non
440 3093 494 3162 sit
514 3092 593 3184 Cap
613 3094 672 3163 sm
690 3094 880 3182 deprocur.
901 3089 989 3159 inii
1010 3089 1118 3169 Quae·

178 3183 278 3254 situm
302 3197 364 3269 est,
387 3206 428 3254 an
449 3199 655 3275 procurator
664 3187 769 3254 valide
788 3206 848 3254 saro
870 3185 1028 3269 iungatur
1045 3202 1118 3248 rnu-

181 3298 273 3363 nere,
296 3278 325 3348 si
345 3279 518 3363 mandans,
541 3292 613 3370 post
633 3281 746 3349 datum
768 3278 1118 3361 mandatum,eompos

163 3372 229 3440 ‘sui
245 3392 314 3442 non
330 3373 545 3462 estamplius,
560 3373 633 3443 vel
626 3393 659 3441 m
674 3371 851 3440 amentiam
866 3381 923 3438 aut
937 3366 1116 3436 iraenesim

182 3465 362 3535 inciderit‘l
381 3465 520 3535 Pontius
550 3478 667 3556 negat,
707 3464 854 3535 Sauclxez
889 3459 1117 3532 affirmativam

178 3571 293 3629 tuetur
311 3558 524 3628 sententium.
1085 3597 1087 3600 v
