2642 4175
279 356 345 413 228
615 365 716 413 esru'r
734 368 778 412 111.

229 478 347 536 strant:
387 467 516 537 ratione
558 463 723 556 quidem,
762 465 839 554 quia
879 466 913 533 in
952 466 1165 536 matrimonio
1246 496 1248 500 ¹

228 559 316 630 civili
333 580 485 630 assensus
504 571 554 630 est
582 561 623 629 de
652 558 839 649 praesenti3
873 558 922 628 ast
954 580 1109 628 assensus
1124 562 1165 629 de

230 654 355 736 futuro,
374 674 441 723 non
461 663 572 723 autem
598 652 638 721 de
658 650 824 741 praesenti
850 652 1015 741 sponsalia
1044 653 1164 721 consti·

231 745 293 817 tuit
301 769 311 830 ;
332 746 511 816 definiente
530 745 665 815 Nicolao
687 744 847 814 Pontifice
866 766 897 814 o.
917 745 1079 815 Nostratis
1104 743 1161 828 30,

232 862 266 930 q.
288 837 322 924 3,
341 840 506 931 sponsalia
528 850 638 908 «sunt
662 839 849 907 suturarum
874 838 1066 928 nuptiarum
1087 860 1163 929 pro·

232 932 357 1003 missio.
378 958 393 999 i
413 932 627 1013 Auctoritate,
650 931 727 1021 quia
743 930 776 1000 S.
797 931 834 1001 G.
851 933 887 1002 G.
910 943 1100 1002 constanter
1110 933 1165 1001 de·

230 1026 366 1096 claravit
385 1025 608 1107 matrimonia,
630 1046 716 1115 quae
745 1045 805 1114 per
825 1021 1012 1097 Consilium
1029 1025 1163 1094 ‘iriden-

233 1119 339 1190 tiuum
361 1118 519 1210 abrogata
538 1129 638 1203 sunt,
665 1118 700 1186 in
714 1120 877 1207 sponsalia
899 1118 1036 1189 minime
1047 1129 1164 1189 trans-

231 1215 301 1297 ire;
327 1214 368 1283 de
389 1234 454 1304 qua
476 1234 512 1282 ro
534 1212 606 1283 vide
635 1211 715 1281 Ben.
741 1211 818 1296 XIV,
855 1223 948 1280 tract.
969 1209 1026 1295 db,
1047 1232 1081 1281 n.
1105 1208 1160 1279 23.

229 1307 277 1376 lta
302 1319 416 1376 censet
433 1306 501 1375 Van
519 1307 560 1375 de
576 1304 681 1394 Burgt
699 1305 740 1374 de
760 1306 837 1374 liat.
853 1326 889 1373 u.
911 1303 991 1373 ter.
1009 1304 1093 1373 Sunt
1108 1305 1164 1374 de·

127 1437 132 1446 ·
235 1420 325 1467 mum
357 1399 416 1489 qui
446 1408 564 1488 putant
602 1398 814 1468 matrimonio
849 1397 934 1467 civili
972 1398 1162 1489 applicanda

236 1511 374 1583 prorsus
389 1511 460 1562 esse
481 1513 531 1571 ea,
549 1513 635 1580 quae
652 1492 693 1560 de
706 1491 909 1562 clandestino
922 1492 1089 1574 dicuntur,
1109 1492 1164 1561 nd·
1208 1540 1210 1544 ν

235 1606 343 1675 eoque
355 1596 471 1656 tenent
483 1585 563 1654 oriri
579 1605 713 1675 semper
727 1585 998 1675 impedimentum
1015 1584 1164 1673 publicae

234 1678 416 1749 honestatis
437 1698 543 1769 usque
575 1679 616 1748 ad
644 1691 800 1767 quartum
822 1679 961 1767 gradum
993 1678 1161 1749 inclusive.

238 1772 367 1841 Etenim
385 1772 419 1841 in
436 1770 649 1841 matrimonio
666 1770 764 1855 civili,
780 1791 846 1841 non
864 1772 969 1860 magis
984 1771 1077 1841 deest
1088 1792 1164 1841 con·

210 1885 371 1958 sensus,
397 1887 497 1956 quam
518 1867 552 1935 iu
571 1866 635 1933 alio
655 1864 869 1934 matrimonio
887 1863 1114 1948 clandestino,
1133 1876 1165 1934 et

233 1959 310 2027 licet
330 1958 406 2048 quis
424 1959 507 2050 sciat
525 1979 561 2029 se
589 1957 728 2028 nulliter
760 1958 983 2035 contrahere,
1003 1957 1035 2026 id
1055 1969 1163 2028 tamen

237 2051 326 2123 haud
343 2053 473 2124 allicere
493 2063 611 2143 potest,
629 2062 665 2121 ut
684 2050 933 2122 matrimonium
948 2052 1078 2121 dicatur
1097 2053 1166 2121 nul·

234 2149 303 2216 lum
323 2159 459 2238 propter
478 2148 645 2216 deiectum
665 2165 857 2216 consensus.
890 2147 927 2214 ln
948 2147 1011 2215 boc
1034 2156 1166 2215 senten·

234 2241 357 2312 tiorum
377 2239 533 2310 conflictu
552 2259 627 2308 eum
664 2251 782 2328 agatur
801 2241 841 2309 de
860 2240 1027 2309 validitate
1057 2260 1165 2309 sacra·
1224 2265 1229 2271 ²

235 2333 352 2418 menti,
379 2335 473 2402 valde
491 2333 672 2422 prudenter
690 2333 853 2420 parochus
873 2346 949 2422 aget
964 2333 991 2401 si
1010 2332 1044 2400 in
1064 2332 1164 2422 praxi,

235 2429 291 2497 ubi
311 2449 405 2497 casus
424 2438 589 2508 occurrat,
612 2426 742 2515 quivix
762 2440 930 2510 occurret,
954 2425 1031 2516 quia
1052 2426 1165 2494 matri-

234 2523 383 2592 monium
399 2519 566 2590 ordinarie
585 2532 844 2603 consummetur,
864 2539 1034 2610 nunquam
1061 2520 1163 2589 consi·
1237 2545 1241 2549 ·

233 2616 328 2684 deret
344 2614 631 2703 impedimentum,
659 2612 760 2683 ueluti
780 2634 847 2683 non
867 2613 1021 2696 existens,
1043 2623 1102 2682 aut
1131 2613 1164 2681 in

232 2708 302 2777 solo
323 2707 432 2796 primo
451 2707 556 2795 gradu
577 2707 732 2776 existens.

278 2798 368 2870 Licet
391 2798 600 2869 matrimonia
621 2812 691 2870 rata
710 2798 933 2889 impuberum,
954 2798 1019 2867 nisi
1039 2797 1163 2870 malitia

233 2894 387 2984 supplent
405 2905 570 2978 aetatem,
594 2894 628 2961 in
649 2914 684 2962 se
710 2893 850 2962 invalida
878 2891 1083 2976 habeantur,
1117 2904 1163 2961 ta·

233 3008 310 3057 rnen
341 3008 379 3057 ex
412 2987 545 3077 speciali
579 2987 665 3056 luris
699 2986 854 3056 canonici
886 2985 1101 3075 dispositione
1130 2986 1162 3055 in

231 3103 303 3173 cap.
322 3081 413 3151 l'usn
433 3081 474 3150 de
495 3079 645 3169 Sponsal.
661 3080 805 3169 impub,
819 3091 852 3148 et
865 3096 895 3147 o.
910 3101 969 3147 un.
988 3080 1062 3148 eod.
1079 3079 1113 3148 in
1131 3077 1161 3158 6,

232 3177 265 3244 iu
287 3175 452 3266 sponsalia
470 3174 575 3244 valida
596 3175 636 3242 de
663 3173 775 3243 iuturo
794 3173 1027 3252 resolvuntur,
1046 3171 1111 3242 nisi
1131 3172 1162 3240 id

233 3290 383 3359 expresso
404 3267 588 3337 intentione
605 3266 816 3348 exclusorium
835 3266 911 3335 inde
925 3266 973 3349 fit,
995 3277 1032 3334 ut
1046 3286 1085 3334 ex
1100 3266 1162 3335 eis-

231 3362 305 3430 dem
326 3361 546 3431 matrimoniis
574 3373 733 3450 tanquam
759 3380 797 3428 ex
820 3358 934 3428 validis
953 3359 1159 3447 sponsalibus

232 3455 505 3543 impedimentum
516 3452 676 3522 dirimens
691 3453 841 3544 publicae
856 3452 1085 3521 honestatisad
1099 3450 1162 3542 pri·

231 3567 322 3615 mum
337 3559 466 3618 tantum
491 3548 631 3636 gradum
652 3547 878 3618 contrahatur.
910 3546 993 3615 lllud
1014 3554 1065 3615 est
1085 3544 1159 3613 huic
