2642 4175
280 361 348 420 328
618 373 785 419 caenam.

296 471 400 541 Porro
422 482 632 579 potestatem
645 470 753 553 hanc,
775 490 886 560 aeque
900 490 963 559 per
982 472 1179 560 usurpatio-

234 586 325 649 nem,
347 564 472 649 insciis,
494 566 544 634 vel
568 565 690 644 insitis,
711 585 749 633 ac
769 564 1025 635 reclamantibus
1046 565 1179 634 Princi-

236 659 357 749 pibus,
378 679 489 748 neque
505 679 545 728 ea
564 657 756 747 Principum
778 657 983 746 indulgentia
1004 659 1104 728 tacita
1126 660 1179 727 rel
1298 643 1299 648 ¹

236 768 414 841 expressa,
441 753 476 820 in
505 751 685 821 Ecclesiam
706 771 879 833 manasse,
900 751 958 819 sed
984 751 1017 819 ei
1036 750 1176 819 omnino
1299 803 1300 830 ι

235 847 417 935 propriam,
440 857 474 914 et
492 864 509 912 a
530 845 660 914 Christo
680 844 832 914 collatam
854 862 948 926 esse,
971 854 1041 912 tam
1060 844 1177 912 multis

237 938 311 1007 aliis
329 937 532 1026 gravusimis
550 937 761 1019 rationibus,
784 950 855 1007 tum
876 936 1055 1025 praecipua
1076 958 1114 1006 ιι
1133 957 1176 1006 ιο

236 1032 427 1116 deducitur,
449 1032 537 1121 quod
559 1032 672 1101 nullus
693 1030 870 1099 monstrari
888 1040 996 1118 potest
1016 1028 1176 1119 Princeps

236 1124 467 1208 Christianus,
500 1125 557 1215 qui
591 1126 633 1194 dc
664 1124 725 1193 hac
757 1134 930 1213 praetensa
960 1123 1177 1211 usurpatione
1300 1123 1301 1128 ’

236 1219 339 1289 suerit
360 1238 508 1307 unquam
541 1229 761 1307 conquestus,
783 1236 894 1307 neque
914 1215 1075 1306 assignari
1094 1227 1177 1284 tem·

238 1331 300 1400 pus
320 1322 439 1400 potest,
462 1332 529 1402 quo
550 1312 695 1401 primum
718 1310 866 1400 coeperit
885 1311 967 1379 liaeo
987 1308 1175 1398 usurpatio,

238 1423 350 1492 neque
376 1404 451 1487 via,
479 1425 539 1475 seu
566 1405 714 1473 medium
741 1403 905 1486 indicari,
931 1422 991 1491 per
1010 1402 1097 1491 qnod
1118 1422 1179 1491 po·

240 1495 342 1565 tuerit
361 1496 518 1581 Ecclesia,
539 1498 674 1566 nemine
689 1498 902 1579 reclamante,
925 1495 965 1565 ad
984 1495 1068 1564 hanc
1085 1515 1180 1564 usur·
1302 1559 1303 1570 ,

239 1588 408 1678 pulionem
428 1591 615 1678 pervenire.
639 1589 672 1659 Si
691 1591 767 1681 quis
785 1589 922 1672 diceret,
947 1590 1036 1677 quod
1053 1588 1180 1656 benefi-
1302 1601 1303 1614 ¹

241 1681 292 1749 cio
309 1681 467 1751 ialsarum
484 1683 719 1767 decretalium,
742 1705 828 1772 quae
845 1682 977 1751 saeculo
998 1702 1086 1750 nono
1103 1701 1181 1770 pro·

240 1774 397 1856 dierunt,
426 1775 568 1846 Ecclesia
589 1776 676 1846 hanc
694 1777 757 1845 sihi
777 1776 1007 1845 auctoritatem
1029 1791 1181 1844 asserue-

239 1869 312 1950 rit,
348 1869 522 1939 manifesto
558 1871 811 1941 convinceretur
849 1868 1027 1938 mendacii
1062 1867 1181 1955 :Longa
1303 1871 1304 1876 ’

241 1959 330 2029 enim
350 1975 428 2031 ante
446 1984 572 2033 nonum
601 1966 772 2033 saeculum
803 1962 948 2031 Ecclesia
980 1981 1058 2031 snas
1090 1960 1181 2046 leges

242 2052 404 2137 ediderat,
427 2077 514 2147 quae
534 2056 784 2128 matrimonium
802 2056 836 2124 in
852 2054 951 2125 certis
968 2053 1183 2123 circumstan-

242 2146 297 2217 tiis
316 2148 500 2220 irritarent.
523 2152 559 2219 ld
578 2162 689 2240 patet,
712 2161 782 2219 tum
802 2170 841 2218 ex
862 2148 1008 2238 antiquis
1028 2145 1182 2217 Patribus
1304 2132 1305 2137 ἵ

241 2241 472 2330 Athenagora,
499 2256 532 2314 et
561 2243 726 2331 Origene,
757 2255 827 2311 tum
854 2243 954 2312 etiam
980 2263 1017 2310 ιι
1043 2239 1180 2310 vetustis

242 2335 403 2440 conciliis,
427 2336 643 2419 illiberitano,
668 2336 864 2418 llilevitano,
884 2346 918 2403 ιι
932 2333 1182 2422 Carthaginien

243 2426 284 2509 si,
306 2440 377 2497 tum
399 2430 545 2519 denique
572 2451 611 2500 ιι
640 2428 698 2498 88.
730 2428 792 2497 ΡΡ.
822 2428 868 2509 4,
893 2426 966 2497 5et
992 2426 1178 2508 dsaeculi,

242 2539 364 2608 nempe
394 2520 535 2605 Siricio,
567 2522 815 2603 lnnocentiol,
838 2523 945 2590 Leone
973 2533 1007 2590 et
1023 2518 1182 2607 Gregorio

243 2611 372 2699 Magno.
393 2613 568 2684 Praeterea
586 2617 698 2685 nullus
716 2613 875 2705 appellari
895 2625 1002 2704 potest
1016 2612 1184 2702 Princeps,

244 2704 302 2792 qui
319 2706 468 2775 omnium
483 2709 612 2797 primus
625 2707 792 2778 Ecclesiae
807 2707 1019 2797 privilegium
1039 2705 1184 2788 dederit,

244 2807 283 2865 ιιι
307 2796 543 2886 impedimenta
562 2801 812 2871 matrimonium
844 2800 1034 2869 dirimentis
1062 2798 1182 2867 consti-

247 2901 342 2960 tuere
362 2905 484 2980 posset.
507 2895 576 2965 lmo
607 2895 779 2984 Principes
797 2893 990 3001 saepissime
1007 2893 1186 2961 laudarunt

245 3003 302 3052 eas
323 2984 489 3057 Ecclesiae
508 2988 622 3076 leges,
646 3010 732 3077 quae
750 2986 1023 3070 matrimonium,
1041 2986 1185 3073 eiusque

247 3075 486 3165 impedimenta
512 3081 745 3188 respicerent,
775 3093 809 3149 et
828 3080 875 3148 ad
905 3079 979 3148 illas
997 3098 1056 3147 sua
1079 3077 1184 3147 edicta

247 3171 526 3256 mniormaront3
555 3173 634 3244 ad
625 3194 731 3264 ipsam
764 3171 931 3241 Ecclesiae
954 3170 1184 3240 auctoritatem

236 3265 494 3353 confugerunt,
528 3267 555 3336 si
587 3268 673 3337 iorte
701 3266 981 3354 dispensationem
1003 3263 1044 3333 ab
1074 3263 1185 3352 aliquo

246 3355 508 3460 impedimento,
536 3381 602 3449 qua
632 3360 868 3450 illigarentur,
898 3358 1050 3429 abunere
1076 3357 1186 3425 volne-

246 3447 338 3515 rint
330 3452 529 3556 ,conceptis
548 3452 674 3542 pariter
695 3452 825 3535 verbis,
851 3472 887 3520 se
906 3450 1023 3520 edictis
1041 3448 1186 3537 lapibus·

247 3558 315 3627 que
335 3543 415 3626 suis,
435 3545 547 3614 civiles
567 3547 738 3615 dumtaxat
758 3543 963 3615 matrimonii
983 3543 1121 3613 allectus
1139 3548 1186 3609 at·
