2642 4175
236 364 301 422 216
398 354 401 360 ’
571 378 674 425 onrur
691 379 738 424 ut.

101 477 103 480 ’
189 476 298 549 testati
314 475 445 547 obnoxii
463 496 590 560 sumus,
608 475 672 545 nisi
691 495 806 544 eorum
824 475 984 546 voluntati
1001 475 1130 547 obtem-

189 591 356 662 peremus.
372 570 490 661 ltaque
505 591 543 639 ex
563 582 653 639 metu
674 568 882 640 reverentiali
899 570 987 639 fitius
998 591 1049 639 ex.
1067 592 1123 660 gr.

190 663 439 735 matrimonium
460 664 546 734 inire
565 663 710 744 dicitur,
734 663 866 752 quaudo
887 663 1005 734 oblatis
1029 685 1126 754 apa-

188 771 240 829 tre
259 758 385 849 nuptiis
411 779 478 827 non
499 759 599 828 audet
618 757 857 827 contradicere:
880 756 914 826 iu
932 778 1054 849 easque
1071 758 1126 827 iu-

188 851 254 921 uito
274 852 385 921 animo
405 864 437 922 et
458 851 553 942 quasi
573 862 706 922 coactus
725 850 900 931 consentit,
915 862 984 919 tum
1003 852 1044 921 ob
1065 874 1128 942 pu·
1175 879 1183 911 ι

186 948 302 1015 dorem
321 957 355 1017 et
369 948 600 1030 reverentiam,
620 965 706 1035 quae
726 944 803 1013 tiliis
823 944 1019 1015 naturaliter
1038 944 1126 1015 inest

190 1057 302 1109 coram
323 1039 528 1129 parentibus,
551 1038 743 1109 tumetium
765 1037 808 1107 ob
825 1038 994 1123 timorem,
1022 1059 1124 1128 quem

190 1134 307 1203 eadem
323 1136 506 1204 reverentia
525 1133 663 1215 inducit,
680 1153 722 1201 ue
742 1131 776 1201 iu
791 1132 894 1221 patris
907 1131 1123 1203 offensionem

191 1227 358 1311 incurrat,
380 1227 421 1296 ab
442 1248 549 1317 eoque
571 1228 762 1297 mulctetur.
789 1226 870 1294 Mala
891 1238 1016 1310 autern,
1037 1247 1125 1316 quae

190 1342 228 1390 ex
249 1320 438 1390 huiusmodi
459 1321 604 1388 tiliorum
630 1319 817 1390 resistentia
839 1334 974 1389 manare
993 1322 1121 1402 solent,

190 1414 317 1484 diversa
337 1426 435 1495 sunt,
458 1426 581 1484 attenta
604 1413 936 1503 parentum-indole;
959 1413 1016 1482 aiii
1035 1434 1128 1482 mue·

190 1527 301 1577 rorem
322 1527 360 1575 ex
393 1507 537 1576 filiorum
569 1508 755 1577 resistentia
777 1520 971 1597 conceptum
993 1506 1125 1577 tristitia

193 1601 362 1670 dumtaxat
393 1601 502 1671 vultus
540 1602 774 1684 manifestant;
810 1600 866 1669 alii
900 1601 934 1668 in
973 1601 1129 1689 querelas

192 1704 372 1783 erumpunt
392 1697 593 1785 quandoque
612 1694 790 1784 graviores,
809 1695 1009 1784 quaudoque
1031 1694 1130 1763 levio·

191 1807 270 1871 res;
292 1787 348 1856 aiii
370 1788 514 1879 denique
534 1788 680 1878 querelis
708 1788 894 1875 adiungunt
921 1807 1071 1875 asperam
1094 1808 1129 1856 a·

191 1880 290 1969 gendi
312 1881 488 1965 rationem,
508 1883 615 1950 minas
631 1881 818 1961 verberum,
837 1881 1036 1949 minuendae
1053 1880 1132 1950 hae*

194 1975 368 2059 reditatis,
392 1976 539 2066 aliasque
568 1995 686 2064 graves
706 1986 739 2045 et
759 1974 897 2044 iniustas
915 1974 1126 2055 vexationes3

192 2067 278 2160 quae
298 2069 408 2139 omnia
438 2069 526 2139 iuxta
558 2070 703 2140 diversas
737 2089 953 2159 personarum
986 2067 1129 2137 circum·

190 2162 328 2233 stantias
343 2165 577 2254 perpendenda
598 2177 688 2248 suut,
713 2173 749 2233 ut
767 2163 871 2253 probe
890 2161 1067 2246 iudicetur,
1087 2182 1129 2230 an

193 2268 302 2329 metus
315 2258 395 2326 levis
413 2257 524 2339 suerit,
546 2279 588 2327 au
607 2259 728 2347 gravis.
750 2255 937 2326 Generatim
955 2267 1066 2325 tamen
1079 2255 1130 2323 di·

193 2350 333 2418 cendum
363 2361 414 2419 est
444 2362 570 2419 metum
607 2351 857 2421 reverentiaiem
893 2348 1080 2419 seiunctum
1112 2370 1129 2417 a

192 2443 409 2527 verberibus,
443 2443 581 2514 minisve
613 2443 792 2534 grauibus,
814 2443 863 2512 vel
884 2441 1129 2512 cohabitatione

194 2536 318 2604 difficili
337 2548 370 2606 et
389 2537 565 2606 admodum
586 2540 742 2623 molesta,
765 2536 869 2607 aliove
886 2535 976 2625 gravi
997 2535 1129 2625 pericu·

195 2629 241 2717 lo,
263 2629 513 2699 matrimonium
533 2653 599 2702 nou
617 2631 788 2715 dirimere,
804 2643 873 2699 tum
894 2629 971 2719 quia
990 2629 1131 2718 eiusge·
1215 2682 1219 2691 .

193 2723 283 2792 neris
301 2735 407 2794 metus
442 2724 602 2795 invirum
631 2726 828 2816 prudentem
856 2733 1131 2812 constantemque

194 2835 261 2885 non
281 2817 380 2901 cadit,
402 2831 472 2889 tum
495 2821 574 2909 quia
595 2840 739 2909 aequum
757 2829 817 2900 est,
832 2827 871 2885 ut
889 2815 948 2885 fitii
968 2815 1129 2884 voluntati

197 2923 374 2997 parentum
401 2913 627 3003 obsequuntur
643 2923 789 2983 enmetu
812 2910 955 3000 quodum
969 2928 1130 2978 reveren·

194 3000 264 3070 tiali
281 3025 289 3071 :
309 3019 463 3094 parentes
496 3007 583 3078 enim
605 3005 803 3076 oculatiores
827 3024 899 3073 esse
922 3003 1031 3073 solent
1050 3002 1131 3092 ipsis

195 3095 295 3182 filiis,
317 3099 374 3188 qui
407 3101 537 3191 saepius
568 3098 791 3191 experientiae
816 3117 957 3188 parum,
986 3097 1129 3165 multum

103 3221 108 3233 v
194 3209 271 3260 vero
293 3191 440 3263 libidinis
459 3195 604 3274 hahent,
623 3205 657 3264 et
678 3214 776 3264 caeco
796 3193 922 3282 inipetu
943 3189 977 3259 in
996 3189 1131 3280 nuptias

194 3297 371 3371 proruunt.
