2642 4175
473 376 517 420 nn
536 374 750 421 sroueeunns
989 360 1031 421 28
1072 422 1077 434 ,

149 476 229 543 lacta
249 473 447 564 approbare,
470 483 539 542 rata
561 483 594 542 et
610 484 703 563 grata
724 472 891 544 habuisse.
914 472 960 541 Ex
980 473 1080 544 silen-

151 569 193 637 tio
209 588 355 657 namque
375 587 554 637 consensus
569 567 644 642 iure
657 567 776 637 merito
792 567 1028 657 praesumitur;
1045 568 1081 637 iu

151 683 246 743 casu,
264 662 293 730 si
314 672 489 752 parentum
508 681 647 752 suorum
667 661 788 730 lactum
801 661 863 730 sibi
876 660 1079 750 displiceret,

150 767 297 825 mentm
321 773 418 824 enam
438 756 569 844 aperire
596 765 813 837 tenerentur,
842 773 886 823 ne
904 765 1080 844 parentum

150 849 244 931 dicta,
268 860 327 917 ant
347 860 417 918 acta
437 861 652 918 contemnere
670 848 871 930 viderentur,
894 869 1018 938 eosque
1048 848 1081 917 in

149 943 335 1031 periculum
356 943 491 1032 aliquod
511 944 736 1025 adducerent,
758 953 815 1009 aut
833 943 975 1011 aliorum
996 942 1081 1011 odiis

149 1046 362 1126 exponerem.
392 1035 496 1104 Porro
528 1036 650 1106 decisio
683 1034 841 1104 Bouilecii
864 1034 952 1125 lllll.
972 1035 1081 1106 locum

150 1130 206 1199 sibi
218 1129 365 1198 vindicat
381 1141 448 1198 tam
461 1141 614 1219 respectu
630 1129 790 1212 liliorum,
806 1149 906 1217 qnam
922 1128 1079 1211 tiliarum3

151 1223 211 1293 sine
228 1222 387 1313 puberes,
403 1224 469 1293 sive
489 1224 691 1312 impuberes,
707 1224 775 1293 sire
792 1221 990 1309 emancipati
1008 1221 1084 1298 sint,

150 1318 213 1387 sire
230 1337 312 1399 non;
327 1317 477 1406 loquitur
493 1320 580 1386 enim
601 1317 784 1407 generatim
800 1327 833 1385 et
849 1316 1000 1385 absolute
1013 1313 1084 1384 sine

147 1431 255 1493 sexus,
278 1421 337 1479 aut
363 1411 561 1481 conditionis
580 1412 791 1481 distinctione
804 1431 867 1500 pro
884 1411 967 1498 liliis
982 1410 1085 1498 pobe-

147 1506 235 1573 n‘bos
255 1512 285 1571 et
313 1505 550 1594 impuberibus.
571 1505 721 1595 Itemque
742 1526 779 1574 ea
800 1515 945 1593 potestas
976 1503 1084 1572 valide

150 1597 365 1668 contrahendi
394 1618 454 1686 pro
474 1598 551 1668 liliis
572 1599 781 1670 attribuenda
808 1609 858 1666 est
888 1617 956 1666 non
975 1593 1083 1666 solum

149 1696 253 1780 patri,
275 1692 453 1764 sedetiam
474 1694 583 1775 matri,
608 1706 679 1762 tum
700 1693 777 1782 qnia
797 1692 831 1760 in
850 1690 905 1759 cit.
927 1711 1002 1779 esp.
1022 1689 1085 1760 Bo-

150 1785 261 1854 nilncii
282 1784 364 1852 Vlll.
381 1786 422 1853 de
440 1787 634 1874 parentibus
655 1807 765 1856 sermo
783 1797 844 1869 est,
862 1789 929 1874 quo
947 1785 1086 1853 vocabu

149 1880 181 1946 lo
201 1891 344 1967 uterque
374 1899 493 1967 parens
512 1881 729 1968 designetur,
751 1893 821 1948 tum
852 1879 930 1968 quia
961 1872 1084 1946 decisio

151 1970 318 2041 Pontificis
338 1972 456 2042 nititur
475 1985 541 2043 tam
558 1976 755 2056 reverentia,
774 1992 861 2063 quae
891 1971 1085 2060 parentibus

148 2065 293 2136 natureli
314 2065 388 2135 iure
404 2068 557 2151 debetur,
581 2090 678 2158 quam
699 2078 836 2157 paterno
857 2085 994 2147 amore,
1017 2086 1083 2154 quo

152 2172 306 2247 parentes
317 2172 407 2229 recte
422 2161 499 2231 filiis
520 2163 694 2230 consulere
714 2170 983 2249 praesumuntur:
1000 2178 1086 2245 quae

149 2255 288 2343 quidem
298 2253 443 2324 rationes
457 2255 492 2323 in
506 2255 669 2323 matribus
683 2273 817 2344 quoque
833 2252 988 2318 militane
1002 2251 1087 2319 Non·

147 2348 229 2415 nulli
250 2346 406 2416 Doctores
425 2361 544 2436 putant
564 2369 601 2417 ea
623 2349 707 2419 luris
738 2345 955 2438 dispositione
980 2345 1085 2413 conti·

149 2441 221 2509 neri
242 2442 343 2510 etiam
364 2452 509 2526 tutores,
528 2454 724 2524 citratores,
753 2454 786 2511 et
821 2440 903 2509 alios
924 2439 999 2529 ,qni
1034 2459 1086 2527 pa·

151 2546 281 2620 rentum
307 2536 380 2603 loco
401 2548 503 2617 sunt,
522 2548 560 2605 ut
576 2536 727 2605 videlicet
747 2547 837 2605 tutor
864 2554 924 2623 pro
944 2533 1083 2621 pupillo,

150 2638 282 2696 curator
301 2649 362 2716 pro
377 2629 507 2701 minore
519 2642 694 2719 praesente
708 2642 741 2699 et
752 2650 819 2699 non
838 2627 1085 2697 contradicente

150 2721 254 2789 valide
285 2722 450 2809 sponsalia
484 2725 693 2793 contrabant.
716 2726 757 2791 At
787 2722 950 2792 sententia
981 2721 1084 2789 multo

151 2813 355 2901 probabilior
382 2818 573 2900 contendit,
600 2819 682 2889 illud
715 2837 787 2885 esee
816 2815 1032 2906 praecipuum
1054 2825 1086 2883 et

151 2908 293 2996 speciale
321 2909 356 2976 in
376 2910 593 2997 parentibus,
613 2912 704 3000 qnod
737 2910 826 2979 srlios
857 2908 985 2998 possint
1013 2907 1085 2976 sine

151 3019 264 3070 eorum
286 3003 453 3085 mundato,
475 3015 533 3073 aut
552 3022 703 3094 expressa
724 3003 959 3072 ratihabitione
979 3001 1053 3068 adl
1074 3038 1085 3052 ·

151 3107 241 3165 tures
260 3094 395 3184 nupties
424 3097 597 3186 obligare,
619 3109 690 3167 tum
711 3098 789 3186 quia
818 3097 955 3165 citatum
986 3105 1087 3180 caput

151 3184 310 3259 Bonilacii
330 3188 411 3257 lllll.
427 3191 470 3259 de
490 3192 568 3260 solis
585 3192 779 3281 parentibus
798 3189 895 3258 verba
914 3186 1002 3264 lecit,
1014 3198 1085 3254 turn

153 3282 228 3368 quia
250 3283 418 3351 tutoribus
437 3283 577 3374 aliisque
598 3306 665 3353 non
685 3285 801 3353 eedem
825 3277 1009 3351 reverentia
1028 3278 1086 3348 de·

152 3372 246 3444 betur
265 3396 304 3443 ac
333 3377 546 3464 parentibus,
575 3391 645 3446 tom
668 3378 801 3445 demum
822 3375 901 3465 quia
925 3372 1010 3440 alius
1037 3387 1087 3441 est

153 3485 243 3537 emor
263 3479 298 3538 et
314 3469 517 3557 providentia
535 3481 711 3561 parentum
732 3490 809 3557 erga
830 3469 929 3549 tilios,
948 3486 987 3533 ac
1002 3475 1086 3532 tuto·

152 3579 224 3631 tum
245 3573 503 3632 eteuratorum.
