2642 4175
491 394 652 441 arennmx
671 395 705 440 11.

515 572 676 650 sunnam

545 683 665 804 sttpss¹

290 926 293 933 ,
473 853 649 922 Catharina
677 854 716 922 N.

258 960 420 1135 *Melaina
440 1067 478 1137 N.
577 1107 624 1117 —
701 959 866 1134 druolrius
884 1064 923 1133 N.

271 1171 434 1347 Heniieus
454 1280 493 1349 N.
577 1319 623 1330 -—
741 1171 882 1348 Oraliix.

346 1384 388 1451 lll

315 1488 433 1559 Orator

159 1697 188 1749 in
200 1698 242 1749 iris
260 1698 382 1766 precibus
406 1700 522 1753 additum
541 1710 578 1754 est
602 1703 817 1771 impedimentum
831 1702 992 1770 cognationis
1009 1701 1066 1771 spi-

126 1776 239 1837 ritualis,
257 1775 284 1825 in
302 1792 354 1843 quo
372 1776 420 1843 ipsi
438 1775 570 1830 Ordinerii
589 1779 688 1847 ubique
706 1782 761 1832 sere
779 1788 887 1848 possunt
905 1778 1067 1846 dispensare,

126 1868 158 1904 ne
175 1870 189 1903 a
210 1853 331 1904 memoria
351 1853 463 1917 euoidot,
482 1855 568 1906 omnia
585 1856 664 1907 simul
678 1857 862 1923 impedimenta
881 1857 908 1905 in
924 1854 1015 1906 eodem
1033 1854 1068 1906 li·

127 1928 194 1981 bello
218 1928 331 1997 supplici
344 1930 453 1997 exprimi
475 1928 581 1994 dehere,
600 1933 661 1998 quia
682 1934 763 1983 maior
780 1931 824 1981 ille
843 1946 968 1981 numerus
985 1932 1069 1997 impe-

127 2002 302 2056 dimentorum
316 2004 403 2056 reddit
419 2004 638 2072 dispensationem
650 2006 758 2058 obtentu
777 2005 958 2056 difficiliorem.
979 2004 1068 2056 Affini-

129 2081 189 2131 tstis
208 2097 237 2132 aa
256 2081 488 2149 consanguinitatis
506 2082 642 2135 vinculum
662 2081 799 2150 multiplex
812 2098 865 2133 esse
877 2090 971 2148 potest,
989 2079 1070 2148 idque

129 2159 181 2208 sive
199 2174 230 2208 ex
249 2174 312 2220 uno,
331 2159 386 2209 sive
400 2175 431 2209 ex
444 2159 546 2211 diverso
564 2160 668 2227 stipite:
687 2168 713 2210 et
730 2157 836 2210 tetidem
855 2167 917 2210 tuno
935 2159 1070 2210 constituit

129 2234 232 2286 vincula
258 2236 402 2286 necessario
420 2234 600 2303 exprimenda,
618 2245 647 2288 ut
665 2236 750 2288 valeat
766 2236 934 2302 dispensatio.
952 2232 1018 2285 Vide
1036 2234 1067 2287 P.

130 2308 273 2360 Corradum
286 2326 330 2378 op.
344 2313 388 2361 eit.
407 2311 425 2361 Ι.
438 2315 464 2374 7,
482 2327 508 2361 e.
527 2316 553 2372 n,
567 2327 595 2362 n.
609 2316 653 2375 8l,
664 2311 733 2363 Seitz
746 2309 913 2377 Derstellung
931 2308 977 2359 der
989 2308 1070 2362 Kotlr.

131 2386 372 2455 Kirehendiseiplin
389 2404 418 2438 se
435 2386 536 2438 natiso.
558 2391 635 2451 isso,
654 2406 682 2457 p.
696 2391 757 2449 626,
776 2396 800 2438 et
818 2385 875 2438 Van
893 2387 930 2437 lle
943 2384 1027 2453 Burgt
1038 2386 1070 2437 de

131 2463 246 2529 dispens.
269 2461 439 2530 Sylvaedneis
459 2468 536 2515 isne.

164 2536 277 2603 Quando
290 2538 383 2606 copule
401 2538 512 2590 earnalis
530 2539 598 2591 inter
615 2547 729 2591 oratores
744 2538 831 2590 laeum
849 2554 901 2589 non
918 2538 1022 2601 hebuit,
1036 2539 1071 2589 il-

131 2612 178 2664 lud
195 2613 245 2665 hoc
262 2614 317 2664 lere
336 2613 412 2665 modo
429 2615 526 2681 poterit
543 2616 611 2667 inter
628 2631 718 2668 causas
735 2613 880 2666 declarari:
898 2616 995 2678 publiea
1010 2621 1072 2667 nata

133 2696 294 2753 conversatio,
312 2694 360 2742 vel:
379 2696 457 2742 alsnia
472 2697 582 2756 partiam
600 2694 775 2757 familiaritas,
793 2695 840 2743 hae
863 2709 940 2756 araas
957 2697 1008 2743 sina
1026 2709 1071 2743 ee-

52 2764 54 2769 ’
131 2770 194 2831 puta
211 2770 318 2828 carnali,
337 2782 369 2817 ne
381 2767 477 2818 Romae
495 2768 578 2820 ullum
601 2768 711 2820 dubium
730 2767 827 2818 moveri
839 2776 918 2834 queat
935 2768 968 2818 de
984 2773 1073 2819 inian-

133 2846 212 2908 aendu
228 2847 396 2907 reparatione,
414 2843 454 2895 rel
473 2842 505 2893 de
517 2846 682 2894 interdicendo
699 2858 849 2909 quocumque
866 2847 957 2893 tracta.
