2642 4175
24 1 37 487 l
506 374 667 419 mannam
685 376 708 420 1.
960 364 1026 422 459

24 492 25 513 ¹
138 484 228 545 suut.
250 472 297 541 Ex
317 472 438 562 quihus
461 471 541 541 satis
572 483 686 560 aperte
715 485 890 561 apparete
911 473 979 543 uio.
1001 475 1076 562 lage

139 578 326 638 astantum
346 564 474 635 admitti
496 565 748 654 impedimenta,
769 567 907 655 quaein
927 589 958 637 c.
979 566 1075 635 XVlll

139 660 274 732 Levitici
293 660 535 748 exprimuntur.

184 754 224 822 ln
242 753 363 824 Codice
382 752 468 822 civili
485 750 526 821 de
539 750 696 838 gradihus
709 773 777 822 non
792 765 842 823 est
859 774 982 833 sermo,
996 753 1073 844 quie

140 848 176 916 in
197 846 326 937 nuptiis
346 844 580 917 menenensis
596 858 764 934 spectatur
781 857 921 931 tantum,
943 868 984 915 an
1004 867 1077 937 per·

23 990 25 1045 l
141 961 246 1011 sonae
265 940 324 1030 qui
353 938 558 1009 connubium
578 938 665 1008 inire
693 941 829 1019 volunt,
848 951 1023 1030 parentum
1043 952 1076 1010 et

23 1048 25 1065 ³
139 1035 328 1104 liberorum
361 1034 470 1103 locum
505 1032 644 1102 invicem
677 1034 865 1116 obtineant,
895 1044 929 1102 et
957 1034 1077 1105 tratres

139 1141 174 1199 at
193 1148 327 1197 sorores
347 1128 426 1196 sint.
448 1125 576 1196 Gradus
597 1138 708 1195 autem
729 1128 937 1216 potissimum
958 1147 1076 1197 uume-

23 1246 24 1263 2
141 1233 274 1305 rantur,
303 1222 353 1291 vel
374 1241 472 1290 rausa
491 1219 718 1302 haereditatis,
746 1241 807 1289 seu
833 1220 1076 1291 haereditatum

23 1352 25 1395 ,
138 1316 183 1384 ab
200 1316 381 1395 intestato,
402 1314 453 1383 vel
486 1334 584 1382 causa
609 1315 813 1396 tutelarum,
850 1325 884 1385 et
911 1314 1075 1383 honorum

23 1404 25 1419 ¹
139 1409 372 1497 possessionis.
392 1407 472 1479 lude
492 1406 576 1477 ratio
594 1419 744 1497 apparet,
765 1429 825 1476 cur
844 1408 879 1477 in
895 1428 1076 1477 numeren-

137 1504 192 1573 dis
209 1501 369 1590 gradihus
391 1501 443 1570 lex
465 1500 568 1571 ciuilis
588 1522 605 1569 a
627 1502 786 1571 canonico
807 1501 881 1572 iure
897 1502 1073 1591 discrepat.

67 1670 71 1681 ,
139 1596 203 1667 Lex
224 1595 330 1665 ciuilis
347 1594 438 1664 enim
466 1615 531 1663 non
562 1605 671 1683 potest
696 1595 915 1684 dignoscere,
942 1595 1017 1685 quis
1036 1596 1078 1665 sit

98 1688 103 1699 ’
140 1690 315 1771 defuncto,
338 1689 387 1758 rel
404 1688 532 1777 pupillo
551 1700 692 1776 agnatus
712 1700 770 1759 aut
789 1702 948 1779 cognatus
968 1692 1077 1779 proxi·

141 1804 230 1865 mus,
248 1783 310 1873 qui
329 1782 525 1852 remotiores
544 1783 706 1863 excludat,
724 1782 787 1851 uisi
804 1783 980 1872 utriusque
996 1784 1077 1853 late·

141 1877 187 1947 ris
207 1896 366 1966 personas
386 1886 561 1945 enumeret
588 1896 625 1944 ac
640 1889 824 1965 percurrat,
842 1888 875 1945 et
893 1878 936 1945 ita
955 1878 1079 1964 gradus

139 1970 329 2058 cognoscit,
352 1990 390 2037 ae
409 1968 444 2037 in
464 1968 604 2056 siugulis
624 1969 775 2057 personis
798 1970 966 2057 praefigit,
996 1970 1079 2040 adeo

143 2075 179 2133 ut
198 2074 246 2134 lot
262 2064 385 2133 distent
405 2062 492 2131 inter
512 2082 547 2131 se
579 2061 761 2150 gradibus,
794 2073 876 2152 quot
901 2083 961 2132 eae
980 2075 1075 2146 suut,

140 2159 275 2247 dempto
295 2157 418 2245 stipite.
441 2156 495 2225 lus
512 2176 589 2224 voro
608 2156 805 2225 canonicum
823 2178 841 2228 e
861 2166 987 2239 contra,
1008 2177 1079 2244 gra·

142 2250 204 2320 dus
224 2262 406 2339 computat,
429 2248 633 2319 matrimonii
654 2269 773 2333 causa,
798 2250 888 2338 quod
907 2249 979 2319 sine
998 2252 1079 2318 dua·

140 2344 205 2416 bne
223 2342 373 2434 personis
387 2343 537 2413 contrahi
551 2363 618 2412 non
632 2353 757 2433 potcst3
773 2343 847 2412 ideo
862 2342 920 2412 SS.
930 2343 1081 2413 (lenones

144 2439 226 2507 duas
245 2438 281 2507 in
302 2457 368 2520 uno
388 2437 493 2526 gradu
523 2457 681 2526 personas
701 2437 957 2507 constituerunt.
980 2440 1078 2507 dece·
1108 2443 1115 2456 '
1152 2501 1157 2530 ἶ

144 2530 192 2599 dit
209 2530 304 2614 illud,
328 2532 428 2620 quod,
456 2530 530 2600 iure
547 2531 719 2611 canonico,
738 2551 911 2621 personae,
934 2533 975 2601 de
996 2553 1078 2622 qua·

23 2659 25 2712 t
145 2644 219 2694 rum
239 2624 365 2714 nuptiis
385 2625 576 2714 quaeritur,
598 2626 638 2693 ad
660 2627 847 2716 proximum
867 2647 1077 2696 communem

23 2769 24 2796 2
146 2717 291 2806 stipitem
315 2719 519 2790 reseruntur.
544 2718 633 2788 Haeo
658 2740 754 2789 causa
791 2731 842 2789 est
876 2721 1078 2790 matrimonii

147 2811 362 2899 impediendi,
384 2823 418 2882 et
437 2812 470 2880 in
490 2811 560 2901 ipso
580 2813 680 2881 simul
700 2812 828 2882 collecti
849 2814 1080 2883 existimentur

23 2923 24 2978 ὲ
147 2911 273 2987 omnes,
296 2904 355 2995 qui
372 2915 450 2973 sunt
467 2904 501 2974 in
520 2905 625 2974 altero
644 2908 767 2987 latere,
788 2905 914 2996 quique
934 2927 1000 2975 non
1020 2927 1079 2975 nu·

23 3027 25 3092 5
58 3067 60 3072 ,
149 3009 332 3082 merantur,
352 2998 491 3087 proinde
505 3018 607 3067 uuum
623 3000 856 3068 tantummodo
868 3009 1079 3087 computatur

23 3105 24 3118 ¹
147 3090 250 3172 letum
271 3103 306 3161 et
325 3089 478 3180 persona,
497 3093 537 3160 de
551 3113 616 3181 qua
636 3092 759 3181 agitur,
777 3103 907 3162 tantum
927 3092 1025 3161 distat
1036 3093 1079 3161 ab

23 3243 24 3272 ,
147 3183 301 3254 omnihus
316 3185 454 3255 alterius
473 3185 621 3275 aequalis
641 3186 756 3256 lateris
775 3186 926 3276 personis
939 3206 1079 3254 nonnu-

23 3305 24 3352 l
147 3277 295 3362 maratis,
314 3289 479 3368 quantum
498 3280 597 3351 dietat
615 3300 633 3349 a
650 3280 774 3369 stipite.

23 3375 24 3380 ’
193 3370 281 3455 Tria,
304 3370 469 3456 hocloco,
490 3373 607 3462 quaeri
624 3386 781 3463 possunt;
804 3372 840 3441 1⁰
861 3393 902 3442 au
925 3371 1079 3461 cognatio

143 3484 237 3536 mara
252 3465 577 3556 naturalislegaliter
588 3487 655 3538 non
675 3468 785 3556 agnita
803 3466 1075 3557 impedimentum

144 3558 328 3646 prodeunti
347 3558 383 3628 Ψ
400 3580 443 3629 an
460 3559 602 3632 eumue
622 3561 783 3634 naturalis
802 3561 1077 3651 impedimentum
