2642 4175
289 398 354 457 iod
620 409 722 455 carun
741 410 788 454 ur.

238 508 309 581 ctio
336 507 395 599 qui
416 509 602 579 humanum
631 528 737 597 genos
765 507 806 576 ab
840 505 977 578 interitu
1006 506 1177 578 vindicare

237 616 385 692 possent.
399 602 493 684 Quod
507 623 585 672 vero
597 613 725 691 spectat
740 602 781 671 ad
798 614 948 671 caeteros
962 602 1088 691 gradus
1097 623 1176 692 pro

237 696 393 768 ximiores
418 697 525 766 iioeae
557 706 668 767 rectae
685 695 836 785 quaestio
856 706 931 776 est,
952 696 994 765 de
1013 716 1079 785 qua
1097 695 1174 767 vide

239 789 381 881 Sylvium
396 791 454 881 qui
468 789 666 879 negativam,
677 802 711 859 et
724 788 857 859 Scotum
871 788 930 878 qai
943 788 1171 860 affirmativam

236 896 351 956 tuetur
381 885 595 956 sententiam.
626 882 724 953 Sotus
748 903 825 955 vero
854 882 984 952 duobos
1015 884 1175 975 duntaxat

235 979 405 1067 prioribus
423 978 581 1067 gradibus
604 977 678 1046 iure
698 988 839 1047 naturae
857 975 1028 1067 prohiberi
1048 977 1107 1047 ait.
1122 980 1171 1048 du

235 1073 335 1142 ctiam
352 1074 386 1142 iu
399 1072 635 1143 remotioribus
651 1070 821 1160 gradibus,
835 1092 883 1140 ex.
900 1092 953 1157 gr.
972 1071 1058 1140 uitra
1074 1092 1171 1161 quar·

190 1166 193 1169 ’
236 1178 306 1236 tum
320 1168 370 1236 vel
382 1167 536 1257 quintum
551 1165 844 1254 gradum,nuptiae
857 1166 944 1233 inter
958 1166 1171 1236 ascendeutes
1224 1182 1225 1185 ’

234 1272 269 1330 et
288 1262 526 1331 descendentes
546 1257 691 1329 naturali
711 1259 785 1328 iure
806 1258 920 1328 irritae
939 1259 1028 1342 sint,
1049 1259 1172 1330 aeriter

235 1354 405 1444 disputant
421 1353 556 1442 quidam
572 1352 740 1436 Doctores,
756 1352 949 1443 praesertim
972 1351 1119 1423 Sanebea
1137 1366 1171 1423 et

233 1446 405 1529 Gonzales;
419 1448 478 1516 lite
497 1467 577 1516 sane
591 1446 712 1530 inutili,
729 1447 807 1515 dum
824 1447 1000 1516 bominum
1019 1446 1084 1517 vita
1100 1447 1171 1516 bre

232 1540 304 1610 vior
323 1552 385 1611 est.
400 1540 537 1629 Nuptias
556 1540 590 1608 iu
608 1540 701 1610 nuile
717 1541 823 1628 gradu
843 1539 1104 1624 ascendentium,
1122 1540 1170 1611 vel

232 1635 504 1704 descendentium
534 1634 575 1704 de
602 1634 677 1703 iure
696 1633 845 1722 gentium
874 1633 1056 1704 consistere
1082 1634 1168 1703 baud
1293 1666 1295 1671 ·

232 1748 328 1817 posse
340 1739 481 1799 testatur
493 1727 601 1797 L.ult.
613 1728 648 1797 ff.
659 1728 700 1797 de
716 1727 774 1797 rit.
785 1727 948 1817 Nupt.bis
960 1727 1081 1798 verbis:
1097 1727 1167 1797 «De

232 1822 305 1892 iure
323 1822 473 1909 gentium
494 1822 657 1891 incestum
675 1821 863 1906 committit,
883 1822 941 1912 qui
963 1821 998 1890 in
1017 1822 1124 1911 gradu
1138 1842 1169 1891 a·

229 1915 459 1986 scendontium
476 1918 527 1984 vel
545 1915 817 1985 descendentium
837 1936 974 1985 uxorem
994 1914 1165 1999 duxerim»
1297 1948 1298 1969 κ

231 2021 265 2080 et
283 2010 317 2079 in
338 2009 372 2077 L.
395 2010 543 2079 Nuarvaa
568 2009 602 2078 ff.
632 2010 706 2080 eod.
731 2009 779 2078 sic
799 2010 966 2100 legimus:
992 2034 1007 2077 r
1030 2009 1182 2101 Nuptias-

230 2104 413 2175 oonsistere
443 2126 510 2174 non
531 2126 626 2195 posse
657 2104 744 2175 inter
764 2126 820 2174 eas
840 2125 1011 2194 personas,
1027 2104 1167 2194 quaein

229 2217 371 2268 numero
391 2212 567 2288 parentum
585 2199 808 2268 liberorumve
824 2210 912 2280 sunt,
931 2198 998 2268 sive
1015 2196 1167 2288 proximi,

230 2292 298 2362 sive
318 2293 488 2362 ulterioris
507 2293 633 2382 gradus
652 2313 760 2383 usque
781 2294 814 2361 in
834 2292 1016 2362 infinitum.
1040 2316 1056 2358 s
1080 2292 1166 2362 Gou-

231 2386 480 2474 nabiaquoque
501 2386 657 2475 inprime
678 2386 782 2475 gradu
804 2386 913 2457 lineae
927 2385 1165 2466 transversale,

232 2479 296 2548 boo
315 2489 365 2548 est
383 2478 525 2548 fratrum
550 2490 584 2548 et
602 2500 783 2563 sororum,
807 2481 874 2551 sive
907 2479 1058 2569 germani
1088 2479 1165 2561 siut,

230 2573 299 2642 sive
319 2570 454 2653 uterini,
474 2573 548 2661 lege
569 2585 708 2644 naturae
732 2575 823 2645 nulla
843 2586 877 2643 et
895 2573 987 2642 irrita
1008 2593 1082 2643 esse
1100 2573 1170 2663 pie·

229 2666 327 2755 'rique
346 2663 503 2735 Doctores
522 2666 721 2750 existimant,
738 2667 932 2758 praesertim
947 2667 1049 2757 quod,
1061 2664 1169 2736 missis

232 2759 305 2829 aiiis
337 2759 557 2847 argumentis,
581 2762 698 2851 pudori
728 2774 761 2832 et
788 2760 993 2832 reverentiae
1026 2760 1168 2830 ueturaii
1260 2787 1266 2794 ·

231 2851 442 2924 matrimonio
461 2853 651 2924 huiusmodi
670 2856 752 2924 adeo
771 2868 976 2944 repugnant,
1001 2865 1039 2923 ut
1057 2854 1169 2924 nudae
1191 2893 1202 2918 .

229 2958 358 3036 gentes,
380 2945 444 3017 uisi
464 2945 608 3018 incultae
627 2959 662 3019 et
680 2949 854 3033 barbarae,
874 2949 989 3019 eadem
1008 2946 1168 3038 permee-

231 3040 311 3111 rint.
333 3039 454 3110 Verum
473 3029 657 3126 validiora,
678 3042 713 3112 ni
733 3042 904 3128 fallimur,
928 3063 967 3112 ea
1000 3052 1167 3114 neomuto

230 3147 320 3219 suni,
341 3156 428 3225 quae
447 3136 635 3207 contrariae
651 3136 839 3207 sententiae
859 3135 1029 3221 assistunt,
1051 3147 1171 3206 eima

231 3228 389 3300 trimouia
418 3230 537 3300 iratres
567 3229 656 3300 inter
683 3243 717 3301 et
737 3252 870 3301 sorores
900 3242 1067 3301 contracta
1099 3250 1167 3300 noa

230 3342 305 3394 esse
322 3323 398 3393 iure
417 3336 557 3395 naturae
581 3325 676 3395 irrita
698 3336 732 3396 et
750 3324 841 3394 nulia
871 3325 1103 3395 demonstrare
1122 3323 1168 3393 vi·

231 3415 367 3485 dentur.
387 3416 473 3487 Sane
505 3417 590 3500 ratio
623 3417 693 3508 ipsa
714 3430 747 3489 et
764 3419 887 3488 buum
918 3429 1007 3488 stant
1025 3440 1087 3508 pro
1108 3417 1169 3487 bac

172 3529 179 3540 ‘
231 3508 407 3581 sententia.
431 3510 527 3580 Ratio
547 3512 696 3601 quidem,
713 3534 755 3583 eo
774 3514 862 3604 quod
876 3513 984 3603 pudor
996 3512 1054 3581 ibe
1072 3523 1105 3582 et
1121 3529 1169 3582 re

231 3602 377 3672 verentia
395 3604 569 3690 naturalis,
585 3627 673 3697 quae
690 3608 910 3678 interimeres
926 3618 960 3677 et
975 3625 1109 3680 sorores
1123 3605 1170 3674 ia·
