2642 4175
309 286 374 344 270
468 349 473 354 ,
645 299 747 344 carun
765 300 813 344 111.

258 410 354 468 sente
376 398 513 488 nuptiae
539 396 803 481 contrabantur,
827 399 1038 487 exprimitur,
1070 399 1194 489 signiti-

259 503 366 561 cctur.
388 491 451 573 Qut
471 491 559 562 enim
578 501 736 581 poterunt
749 491 789 560 dc
802 503 970 562 contracto
985 493 1193 564 matrimonio

104 613 107 623 ¹
154 637 157 644 .
197 605 201 616 ’
258 584 486 655 testimonium
520 584 687 655 Ecclesiae
707 585 870 665 reddere,
896 585 959 656 nisi
980 587 1059 676 quid
1080 607 1193 676 agere·

261 690 318 748 tur
339 678 578 750 intellexerint?
594 703 609 746 ‹
624 678 743 748 Coram
761 678 847 747 Titio
865 679 992 769 aliquid
1004 681 1112 750 lacere
1125 680 1192 750 ius·

260 792 316 840 sus
335 792 402 841 nou
423 772 552 842 ridetur
585 782 759 861 praesente
780 791 818 840 eo
848 771 989 857 secisse,
1011 773 1075 842 nisi
1095 773 1127 842 id
1146 774 1193 842 in·

263 866 402 955 telligau
424 866 537 955 itaque
554 865 580 933 si
600 864 757 944 luciosus,
771 877 828 933 aut
841 864 947 936 iulans
965 867 1020 951 sit,
1042 878 1101 936 ant
1118 867 1192 937 dor-

260 959 342 1028 miat
362 980 428 1028 non
447 960 579 1029 videtur·
598 978 709 1027 coram
730 958 857 1042 iecisse,
884 983 899 1024 s
919 972 955 1031 ut
974 960 1135 1032 babemus
1158 961 1191 1029 iu

259 1051 297 1121 L.
315 1053 484 1123 Contuli
509 1051 605 1122 dell.
630 1050 664 1120 S
677 1051 958 1132 QuamobremS.
980 1054 1018 1123 d.
1039 1055 1075 1123 C.
1098 1053 1187 1123 add

257 1146 396 1215 dubium
419 1147 527 1216 eidem
542 1145 749 1236 propositum
767 1145 808 1213 ab
825 1144 987 1237 Episcopo
1001 1145 1189 1217 biennensi
1215 1195 1220 1202 ·

261 1263 276 1306 ‹
301 1238 333 1309 Si
356 1239 515 1309 Sacerdos
543 1238 705 1321 adiuerit,
728 1236 813 1306 nibil
833 1250 942 1310 tamen
970 1261 1190 1330 eorumquae

259 1333 454 1439 agebantur,
473 1332 565 1412 vidit,
585 1349 695 1422 neque
720 1331 869 1416 audirit;
892 1346 1004 1402 utrum
1039 1335 1104 1403 tale
1125 1354 1191 1403 ma·

258 1426 452 1495 trimnnium
467 1426 575 1495 valide
590 1423 818 1507 contrabatur,
836 1425 884 1495 vel
898 1427 1009 1516 potins
1020 1439 1188 1517 tamquam

256 1518 329 1592 sine
347 1517 524 1588 Sacerdote
545 1518 671 1602 nullius
687 1517 730 1587 sit
749 1518 905 1607 ponderis
922 1533 956 1591 et
975 1521 1188 1589 moscentii»

258 1612 450 1701 respondit:
475 1611 578 1680 «Non
608 1613 730 1695 valere,
752 1612 779 1681 si
802 1610 961 1683 Sacerdos
980 1634 1046 1682 non
1064 1615 1193 1683 intelle·

257 1705 328 1788 xit,
351 1704 416 1773 nisi
438 1716 550 1773 tamen
573 1704 758 1774 affectasset
784 1726 851 1775 nou
873 1705 1072 1794 intelligere.
1098 1706 1192 1775 »Po-
1295 1793 1296 1796 Ἴ

256 1809 380 1867 strema
403 1798 485 1867 baec
506 1797 537 1866 S.
561 1798 598 1868 C.
618 1799 730 1883 verba,
751 1819 854 1888 quum
876 1801 975 1889 paulo
991 1799 1191 1870 subobscura

256 1891 336 1974 sint,
358 1891 483 1962 allabre
502 1891 707 1981 explicantur
728 1913 744 1960 a
764 1891 943 1963 Benedicto
962 1892 1028 1961 xlv
1059 1894 1119 1962 lib.
1149 1890 1192 1961 l3

258 1985 301 2054 de
336 1983 459 2076 Synod.
493 1985 642 2054 Dioeccs.
665 2006 737 2075 cap.
773 1983 818 2054 id
849 1985 901 2055 bis
927 1987 1031 2059 ferme
1060 1986 1189 2056 verbis:

262 2104 277 2145 a
298 2078 400 2149 Verus
418 2079 540 2148 borum
555 2078 732 2149 verborum
746 2101 863 2151 sensus
876 2094 926 2150 est
947 2081 1192 2151 matrimonium

257 2173 405 2243 validum
426 2175 510 2256 lore,
533 2174 621 2263 qnod
642 2172 845 2242 celebratum
881 2173 982 2243 luerit
1007 2195 1118 2244 coram
1139 2196 1194 2264 pa·
1294 2174 1295 2221 l

259 2266 375 2351 rocho,
399 2266 456 2356 qui
482 2285 544 2335 nec
563 2266 667 2349 vidit,
688 2287 749 2335 nec
778 2266 962 2348 intellexit,
983 2267 1010 2337 si
1043 2268 1114 2358 ipse
1132 2267 1192 2336 sibi

257 2359 292 2429 in
314 2381 413 2430 causa
435 2359 509 2443 luit,
532 2370 649 2429 utnon
669 2359 795 2429 videret
814 2380 876 2429 nec
895 2360 1108 2449 intelligeret,
1125 2382 1195 2450 pro·

260 2466 375 2542 pterea
392 2454 480 2543 quod
502 2453 551 2520 rel
577 2473 675 2522 aures
693 2453 755 2522 sibi
776 2452 989 2538 obstruxerit,
1010 2455 1193 2524 pellaciam

260 2546 431 2626 velaverit,
448 2564 490 2612 ne
504 2545 621 2615 audire
638 2547 688 2614 vel
709 2546 857 2636 aspicere
877 2559 1067 2635 cogeretur.
1085 2548 1195 2637 Neque

261 2639 351 2707 enim
375 2638 443 2706 ulla
464 2637 579 2707 haberi
606 2639 705 2708 debet
729 2640 814 2708 ratio
846 2640 1015 2710 allectatae
1041 2639 1194 2729 ignoran-

260 2731 460 2814 lucillius,
483 2731 540 2822 qni
567 2753 642 2802 cum
667 2732 779 2802 ridere
815 2744 849 2802 et
878 2734 994 2803 audire
1026 2735 1195 2804 commode

260 2836 384 2914 posset,
407 2824 477 2914 ipse
502 2824 565 2894 sibi
585 2826 810 2896 voluntarium
836 2827 946 2915 posuit
977 2827 1195 2918 impedimen·

259 2930 342 3001 tum,
364 2919 549 2989 nerideret
579 2919 803 3010 audiretque,
824 2941 934 3011 neque
955 2941 1101 3011 aequum
1137 2929 1193 2999 est,

260 3023 297 3082 nt
316 3011 357 3080 ab
378 3011 517 3081 arbitrio
539 3012 694 3101 laetoque
725 3013 859 3101 parochi
869 2944 1029 3104 qpendeat
1059 3014 1193 3084 liberta·

221 3116 226 3123 “
259 3117 324 3174 tem
347 3106 549 3176 matrimonii
579 3105 757 3194 impedire
779 3107 1037 3177 »Adnitendum
1059 3107 1191 3198 quidem

259 3200 405 3289 parocho
425 3220 485 3288 pro
505 3198 629 3267 uiribus
651 3211 713 3281 est,
734 3212 771 3270 nt
799 3200 990 3269 huiusmodi
1023 3201 1194 3270 matrimo-

258 3292 312 3361 nia
332 3292 404 3363 lieri
426 3291 612 3382 probibeat,
635 3293 807 3382 multoque
825 3294 930 3383 magis
950 3294 1058 3363 eidem
1079 3313 1192 3363 caven·

258 3385 337 3452 dum
354 3397 415 3469 est,
432 3406 474 3455 ne
492 3406 609 3455 eorum
624 3386 840 3456 celebrationi
862 3387 1080 3456 voluntariam
1099 3406 1192 3476 prae·

256 3478 398 3547 santiam
419 3479 582 3549 exhibeat.
606 3478 650 3548 Er
673 3479 725 3550 lris
744 3491 854 3550 tamen
884 3480 948 3550 boc
966 3479 1193 3552 tantummodo

1256 3687 1261 3706 ,
