2642 4175
307 379 372 436 252
641 388 743 435 caron
760 390 807 435 111.

259 509 329 565 tum
350 493 397 562 illi
414 493 549 562 demum
571 491 630 581 qui
654 490 794 559 Paroclri
818 489 904 559 vices
924 501 1052 578 agunt,
1073 492 1122 562 uti
1143 493 1199 562 vi·

260 587 341 658 carii
361 585 527 677 perpetui,
548 586 600 655 vel
623 585 834 674 temporales.
856 583 897 652 Hi
918 584 1006 654 enim
1027 606 1143 657 omnes
1163 601 1199 657 et

259 681 365 751 valide
385 693 418 750 et
447 677 538 748 licite
559 678 772 748 matrimonio
793 676 951 748 assistunt
968 699 1106 747 suorum
1137 702 1197 770 pa·

260 773 495 844 rochianorum
526 793 593 842 non
612 772 724 842 minus
753 772 788 839 in
807 771 960 860 paroecia
981 792 1020 841 ac
1036 772 1193 857 dioecesi,
1314 773 1316 800 ²

260 867 431 937 sedetiam
447 880 537 938 extra
559 865 728 955 propriam
745 864 931 954 paroeciam
950 886 988 934 ac
1006 865 1197 949 dioecesim,

261 961 339 1052 quia
356 961 459 1030 Cone.
472 959 561 1028 Trid.
576 959 797 1048 praesentiam
815 956 953 1027 Perochi
967 959 1111 1048 exposcit
1123 960 1196 1030 siue

261 1057 328 1125 olla
351 1054 520 1125 mentione
540 1052 629 1137 loci,
652 1052 687 1120 in
708 1073 774 1142 quo
797 1051 1046 1121 matrimonium
1064 1064 1195 1123 coutra-

259 1149 366 1218 hitur.
382 1147 422 1215 Hi
442 1167 558 1217 omnes
576 1145 745 1216 licentiam
765 1145 940 1215 assistendi
960 1146 1040 1215 dare
1058 1158 1197 1235 possunt

260 1242 334 1312 aliis
360 1240 567 1332 Presbyteris
592 1239 660 1309 sive
678 1239 918 1322 saecularibus,
938 1238 1005 1308 sive
1028 1240 1195 1328 regulari·

261 1336 335 1404 hus.
358 1334 451 1403 Circa
471 1333 558 1403 hauc
575 1332 819 1422 delegationem
839 1353 919 1422 prae
936 1332 1042 1401 oculis
1067 1344 1117 1402 est
1135 1332 1196 1401 ha·

261 1427 368 1497 banda
401 1426 607 1508 declaratio,
630 1448 730 1516 quam
759 1427 860 1496 refert
879 1424 1038 1495 Gonzalez
1058 1428 1096 1495 ad
1120 1447 1193 1516 reg.

261 1519 296 1603 8,
317 1521 418 1609 gloss.
437 1517 496 1603 dl,
519 1539 553 1588 n.
575 1517 597 1587 5
618 1519 670 1587 liis
688 1519 810 1590 verbis:
832 1518 937 1589 «Non
957 1519 1078 1589 sufficit
1094 1519 1196 1590 tacita

262 1614 410 1697 licentia,
432 1634 518 1702 quae
535 1613 675 1683 resultat
691 1633 730 1683 ex
746 1612 1123 1703 tolerantia‚requiritur
1140 1634 1198 1683 ve-

261 1728 299 1776 ro
318 1707 369 1776 vel
388 1705 577 1775 commissio
607 1706 835 1793 generalised
856 1706 1116 1776 administranda
1137 1705 1198 1776 Sa·

264 1810 445 1882 eramenta,
467 1800 516 1869 uel
535 1798 563 1868 si
583 1799 666 1868 haec
685 1799 781 1883 absit,
804 1819 955 1888 expressa
976 1800 1025 1868 rel
1042 1801 1198 1889 specialis

261 1892 407 1962 licentia.
433 1916 448 1958 u
470 1892 550 1962 llide
570 1893 761 1981 Fagnanum
783 1914 814 1961 c.
835 1892 928 1973 Quou
958 1911 1052 1962 nouis
1076 1915 1111 1961 n.
1134 1891 1194 1978 32,

263 1997 296 2055 et
309 1985 389 2056 Bau.
399 1985 466 2055 lllll
480 1987 726 2057 Coust.Nm1au
739 2005 928 2070 alderman,
940 1985 983 2054 l7
993 1988 1076 2076 Aug.
1088 1984 1194 2056 1743.

261 2077 399 2172 Oportet
418 2093 541 2165 autem,
564 2093 601 2149 ut
619 2080 761 2170 delegati
783 2079 984 2152 Sacerdotali
1004 2080 1198 2153 charactere

263 2175 411 2264 insigniti
431 2175 511 2245 sint.
530 2174 623 2243 Hanc
648 2176 738 2244 enim
765 2175 959 2265 qualitatem
981 2176 1014 2243 in
1034 2175 1197 2263 delegatis

261 2270 302 2338 ad
317 2269 536 2338 assistendum
554 2268 765 2338 matrimonio
778 2268 969 2337 Tridentiua
985 2267 1136 2360 Spnodus
1149 2268 1199 2337 di·
1314 2256 1315 2321 ἒ

262 2374 351 2445 serte
371 2360 527 2450 postulat.
550 2361 707 2430 Eamdem
727 2381 804 2430 vero
825 2361 1017 2451 qualitatem
1039 2382 1113 2430 cum
1136 2360 1198 2454 Sy·

262 2455 368 2523 nodus
389 2454 422 2522 in
442 2453 591 2523 Parooho
611 2475 677 2523 uon
698 2454 846 2545 requirat
863 2507 872 2537 ,
891 2476 966 2524 cum
988 2455 1125 2543 insuper
1144 2477 1198 2525 as·

262 2546 409 2617 sistentia
431 2545 569 2616 Parochi
590 2568 657 2617 non
677 2549 720 2618 sit
737 2560 830 2618 actus
849 2548 988 2632 ordinis,
1005 2561 1063 2617 aut
1078 2549 1120 2618 ab
1141 2571 1197 2618 or·

262 2641 340 2709 diue
360 2641 518 2730 pendeus,
541 2642 597 2710 sed
618 2642 844 2712 testimouium
867 2642 1096 2711 authenticum
1117 2663 1197 2712 con·

262 2732 387 2816 stituat,
403 2734 456 2802 cui
468 2733 550 2803 tides
567 2734 741 2817 habeatur,
753 2735 829 2804 inde
845 2734 882 2804 srt
894 2745 932 2803 ut
946 2733 1127 2820 Perochus,
1138 2736 1198 2826 qui

263 2827 411 2895 nondum
435 2826 594 2897 Sacerdos
618 2840 692 2912 est,
728 2827 939 2897 matrimonio
968 2829 1073 2918 possit
1092 2839 1126 2898 et
1144 2851 1198 2899 va·

264 2919 331 2989 lide
348 2931 381 2990 et
401 2920 491 2991 licite
512 2921 684 2991 interesse.
700 2921 814 2991 Valide
833 2921 934 2991 etiam
950 2922 1073 2991 assistit
1089 2922 1202 2992 matri·

265 3013 378 3084 monio
394 3013 563 3084 Perochus
580 3016 751 3085 dumtaxat
769 3015 980 3099 aestimatus,
999 3015 1054 3084 cui
1072 3016 1201 3088 scilicet

265 3106 427 3177 Parochia
448 3107 590 3177 invalide
609 3109 727 3179 collatu
748 3120 798 3177 est
825 3109 868 3178 ob
894 3107 1059 3178 delectum
1090 3110 1201 3178 occul·

264 3212 349 3286 turn,
371 3201 428 3291 qui
449 3202 672 3271 communiter
687 3215 798 3272 tamen
817 3214 851 3271 et
869 3203 966 3291 vulgo
983 3223 1081 3272 verus
1101 3202 1203 3273 Paro·

265 3295 348 3365 chus
367 3293 587 3379 existimatur,
609 3307 689 3365 tunc
706 3294 793 3365 euim
814 3296 857 3365 ob
877 3315 1090 3365 communem
1109 3317 1203 3366 erro·
1313 3370 1314 3399 p

267 3408 337 3457 rem
368 3400 403 3459 et
433 3387 558 3459 bonum
588 3388 758 3479 publicum
792 3389 843 3459 lex
873 3389 1006 3477 supplet
1033 3391 1202 3460 delectum

267 3478 367 3563 tituli,
388 3484 526 3569 Argum.
548 3481 583 3549 t.
605 3480 790 3552 Barlaamus
819 3482 853 3552 n.
874 3483 915 3551 de
934 3480 1027 3551 Offic.
1049 3482 1203 3553 Praetor.

267 3570 428 3643 Similiter
456 3572 624 3645 Parorbus
655 3575 956 3646 excommunicatus
977 3575 1076 3646 etiarn
1098 3575 1208 3647 vitan·
