2642 4175
608 371 710 418 cnl‘uu
728 371 775 415 ΙΙΙ.

645 560 737 650 ors.

459 717 503 774 Ile
522 716 720 786 sponsalibus
749 718 786 774 tle
805 718 926 773 loturo.

275 878 387 949 'lertio
407 877 585 969 sponsalia
608 880 647 946 de
666 881 778 967 sutoro
798 899 872 946 cum
899 898 964 946 uno
998 878 1077 947 inita
1100 879 1163 946 im·

229 973 378 1060 pediunt,
401 972 581 1080 quominus
601 971 692 1041 licite
711 991 786 1039 cum
809 972 914 1039 altero
932 973 1068 1060 nuptiae
1084 972 1163 1039 iniri

230 1065 366 1153 possint,
385 1065 449 1132 nisi
469 1066 519 1133 vel
541 1075 657 1135 mutuo
678 1084 867 1145 consensu,
885 1066 936 1133 vei
963 1084 1022 1152 per
1042 1065 1164 1133 iudicis

228 1158 426 1227 sententiam
447 1159 554 1225 soluta
577 1156 713 1226 inerint
736 1157 816 1225 Nem
844 1157 901 1246 qui
923 1156 1120 1245 prioribus
1112 1178 1164 1225 rn-

230 1251 331 1338 tegris
354 1251 564 1357 sponsalibus
584 1251 681 1318 alteri
701 1242 856 1331 nuberet,
874 1252 982 1319 dotum
1006 1249 1135 1318 fidem
1127 1271 1162 1317 m

232 1365 268 1411 re
286 1343 376 1432 gravi
398 1342 592 1430 frangeret,
617 1344 705 1432 quod
728 1342 881 1411 illicitum
920 1353 953 1411 et
982 1343 1163 1425 iniustum,

231 1436 480 1503 matrimonium
500 1448 610 1504 tomen
631 1448 740 1504 ratum
762 1449 865 1516 esset,
888 1436 1038 1525 illudque
1062 1436 1166 1505 indis·

229 1528 371 1596 solubile
402 1527 436 1594 in
467 1528 568 1611 locis,
591 1528 646 1596 ubi
668 1529 768 1599 Gonc.
791 1529 881 1596 l'rid.
915 1529 1085 1597 decretum
1122 1531 1165 1607 66

229 1620 492 1689 clandestinitste
525 1641 590 1689 non
623 1635 673 1690 est
708 1622 987 1711 promulgatum,
1028 1643 1090 1710 qun
1123 1624 1167 1691 de

230 1735 266 1781 re
283 1713 356 1781 vide
384 1714 634 1783 instructionem
666 1714 698 1782 S.
721 1715 757 1783 C.
779 1715 819 1783 dc
838 1715 1052 1803 Propagama
1086 1715 1168 1784 Fide

229 1803 410 1875 661866.
434 1805 466 1873 Si
486 1808 527 1874 de
546 1808 749 1896 sponsalium
767 1808 938 1876 existentia
961 1809 1010 1875 vel
1029 1808 1169 1876 dissolu-

229 1898 320 1968 tione
339 1898 476 1966 dubium
497 1912 656 1987 exurgat,
681 1913 715 1968 61
732 1901 894 1988 oppositio
915 1900 1077 1969 malitioso
1097 1921 1167 1969 non

230 1992 273 2059 sit
292 1992 453 2070 dicenda,
474 1993 513 2060 66
537 1993 733 2081 Episcopum
765 2013 920 2062 recursus
940 1992 1020 2074 irat,
1049 1995 1105 2083 qui
1128 2016 1168 2062 ex

231 2106 371 2154 numero
388 2085 540 2174 pluribus
562 2086 670 2156 causis
691 2084 777 2154 iuS
802 2087 837 2155 C
862 2089 899 2154 C
924 2086 1054 2174 agitatis
1074 2109 1165 2170 eom
1223 2103 1229 2108 ·

231 2199 329 2267 quam
350 2180 445 2267 sequi
466 2178 564 2248 debet
589 2180 707 2267 egendi
736 2199 886 2247 normam
906 2180 1001 2248 iecile
1030 2180 1169 2250 haurire

231 2273 362 2358 poterit.
390 2274 510 2340 Confer
536 2275 614 2338 bota
644 2293 682 2340 ex
716 2271 757 2339 iis
790 2274 941 2361 decerpto
976 2286 1038 2342 etc.
1059 2274 1123 2340 vol.
1144 2274 1163 2338 1

231 2295 515 2453 116166618656.
537 2360 605 2430 336
626 2377 659 2431 61
684 2365 762 2432 insc.
784 2364 818 2446 9,
840 2385 894 2432 an
915 2362 1058 2454 18666.
1083 2364 1166 2447 565,

231 2456 451 2523 ubireiertur
482 2453 634 2523 cousaS
656 2457 692 2525 C.
713 2457 750 2525 C
773 2417 1171 2541 6161.1865,6116161

229 2560 405 2628 auctores,
437 2547 687 2638 llutscbterop
708 2549 764 2618 cit
783 2562 808 2619 t.
829 2548 850 2616 6
865 2511 1015 2638 ‚52105
1037 2550 1169 2639 Bargen

234 2639 448 2708 «instructio
477 2640 617 2728 practica
640 2642 681 2710 66
711 2641 830 2730 Spons.
859 2653 893 2711 et
918 2642 992 2710 lint.
1016 2644 1166 2711 blonocb.

230 2727 400 2798 18601
339 2730 417 2813 1.1,
438 2730 546 2821 mos
562 2732 738 2804 Caeterum
756 2735 796 2819 66
811 2734 1047 2824 sponsalibus
1039 2757 1103 2803 rom
1122 2737 1172 2804 di-

228 2823 335 2890 ximus
356 2755 457 2892 sctisp
455 2847 636 2915 superque.

648 3039 665 3127 g
687 3039 747 3107 11.

551 3191 596 3247 lle
615 3192 685 3247 soto
700 3192 845 3263 simplici.

273 3337 432 3417 Quartum
455 3336 599 3427 denique
613 3338 887 3427 impedimentum
903 3350 1075 3432 6616611611
1090 3346 1172 3412 sim·

222 3428 302 3516 plen
319 3430 476 3500 castitatis
498 3433 547 3500 vel
566 3453 738 3520 nunquam
768 3433 933 3517 nubendi,
957 3450 1014 3503 aut
1030 3436 1172 3524 religio·

224 3536 301 3591 nem
321 3521 540 3613 ingrediendi,
557 3535 613 3595 ont
626 3522 761 3595 Sacrum
778 3524 933 3597 Ordinem
949 3528 1170 3618 suscipiendi;
