2642 4175
376 382 422 426 ua.
440 382 892 430 narnumumsmanarmosu
994 373 1033 428 17
1040 373 1057 431 9

92 517 97 522 1
137 461 267 552 'nesae
288 491 389 562 sunt,
411 481 500 549 unde
520 479 618 552 sicuti
639 482 681 576 ob
709 480 794 551 hanc
820 482 924 572 ipsam
946 504 1104 567 causam,

155 577 292 648 scilicet
310 576 436 643 electae
457 594 644 663 personae,
666 571 802 654 vitiatur
832 576 1100 662 matrimonium,

157 671 188 738 si
209 674 245 738 in
266 669 337 757 ipsa
358 687 499 757 persona
518 679 675 750 erretur,
698 668 746 737 sic
766 669 901 739 vitiatur
928 684 1019 740 actus
1033 694 1107 762 pa,

157 762 256 845 trini,
280 763 337 851 qui
368 762 454 831 circa
480 762 827 851 snsceptipersonam
855 776 962 847 erret,
989 766 1107 854 proin-

155 858 274 946 cleqnc
293 855 421 924 nullam
444 855 514 945 ipse
534 856 765 941 cognationem
786 858 965 928 contrahit.
984 859 1102 929 Exem-

157 952 256 1037 plum
279 948 448 1018 affinitatis
467 970 534 1018 non
554 949 667 1032 officit,
683 951 761 1039 quia
779 950 1006 1041 affinitasguon
1026 974 1103 1041 pen·

155 1045 218 1113 det
240 1042 284 1112 ab
301 1043 498 1125 intentione,
520 1044 577 1113 sed
597 1063 637 1112 ex
652 1043 770 1133 copula
791 1044 910 1113 oritur.

103 1197 106 1204 ,
206 1136 332 1217 Quaeri
354 1136 392 1203 7⁰
411 1147 529 1225 potest,
553 1151 735 1205 ammanus
754 1136 876 1226 patrini
898 1136 1021 1226 expleri
1041 1159 1102 1226 per

156 1241 415 1317 procuratorem
436 1229 566 1318 possit?
591 1231 675 1300 Cum
697 1231 874 1300 manifeste
892 1232 1098 1315 ostendatur,

157 1335 195 1392 ut
215 1335 348 1394 caetera
368 1323 584 1405 omittamus,
606 1325 717 1412 praxis
736 1346 854 1413 regum
884 1325 1098 1414 praesertim,

157 1418 363 1508 principum,
386 1418 596 1506 aliorumque
607 1417 880 1507 magistratuum,
901 1419 959 1509 qui
980 1441 1039 1508 per
1056 1420 1102 1490 le·

155 1524 266 1596 gatos,
277 1532 335 1581 seu
353 1532 414 1599 per
431 1509 677 1600 procuratores,
694 1511 818 1587 sciente
834 1523 867 1582 et
886 1513 1099 1602 permittente

155 1605 331 1688 Ecclesia,
355 1626 476 1674 munus
507 1605 596 1674 istud
628 1606 722 1674 obire
753 1607 1008 1689 consueverint,
1031 1619 1097 1677 tota

154 1698 384 1769 controversia
418 1699 484 1766 hnc
516 1699 626 1779 redit,
654 1699 730 1788 quis
749 1720 869 1791 nempe
889 1721 929 1770 eo
948 1721 1026 1769 casu
1044 1722 1102 1770 co-

155 1794 349 1879 gnationem
382 1793 567 1861 contrahat.
589 1792 747 1861 Nonnulli
768 1816 785 1862 a
805 1806 926 1864 neutro
946 1796 1098 1863 contrahi

155 1898 359 1968 autumant;
381 1886 515 1974 quidam
538 1906 556 1954 e
575 1886 740 1955 diametro
760 1887 945 1977 oppositam
964 1900 1098 1957 sentcn-

155 1980 239 2048 tiam
272 1980 415 2068 amplexi
435 1980 594 2062 luerunt,
621 1991 808 2049 asserentes
839 1993 1043 2069 utrumque,
1067 1993 1101 2050 et

157 2075 372 2159 mandantem
397 2083 431 2142 ct
449 2084 702 2162 procuratorem
720 2074 951 2161 cognationem
968 2087 1099 2144 contra-

156 2168 254 2237 here.
272 2168 344 2237 Nou
364 2169 461 2256 pauci
479 2190 496 2236 a
517 2169 826 2255 scloprocuratore
846 2187 919 2236 eam
947 2168 1098 2236 contrahi

156 2263 389 2344 arbitrantur,
412 2261 470 2350 qui
490 2261 597 2330 tribus
625 2260 827 2342 momentis,
853 2259 961 2349 primo
981 2260 1097 2328 saltem

157 2368 294 2445 aspectu
313 2375 380 2424 nnn
402 2354 678 2436 contemnendis,
713 2353 914 2428 innituntur.
948 2353 1096 2422 Primum

158 2462 364 2519 momentum
395 2448 601 2518 constituunt
621 2448 654 2516 in
675 2448 874 2536 quibusdam
896 2447 979 2517 iuris
999 2468 1099 2517 cano·

157 2543 223 2611 uici
240 2543 397 2625 textibus,
414 2542 536 2630 quibus
554 2544 708 2629 coguatio
728 2541 790 2612 ista
808 2542 958 2612 contrahi
976 2543 1098 2611 dicitur

121 2668 131 2680 ·
160 2638 268 2720 abeo,
290 2636 349 2725 qui
365 2636 515 2724 suscipit,
532 2647 637 2718 tenet,
651 2637 749 2718 lavat,
766 2636 870 2726 tangit
884 2636 1098 2726 baptizatum,

158 2732 208 2800 vel
226 2734 476 2801 confirmatum.
493 2729 597 2798 Verba
613 2741 725 2798 autem
742 2731 836 2808 haec,
852 2731 1010 2820 inquiunt
1024 2729 1098 2819 ipsi,

159 2824 335 2913 designant
353 2822 517 2893 actionem
534 2825 757 2911 personalem,
774 2844 860 2913 quac
881 2824 914 2892 in
934 2825 1005 2893 solo
1026 2845 1100 2912 pro·

159 2929 313 2988 curatore
333 2916 535 2997 verificatur,
550 2937 618 2985 non
639 2917 674 2984 in
693 2919 917 2998 mandanta,a
938 2938 1005 3006 quo
1027 2937 1099 3005 pro·

159 3023 293 3082 curator
326 3009 551 3079 constituitur.
575 3009 765 3080 Secundum
798 3022 1004 3080 momentum
1023 3010 1099 3078 fun-

159 3106 237 3177 dant
255 3106 291 3174 in
312 3104 454 3191 paritate
470 3125 478 3185 ;
499 3104 652 3191 cognatio
670 3103 759 3171 enim
780 3103 963 3191 spiritualis
981 3104 1097 3190 aequi-

159 3211 297 3286 paratur
313 3197 471 3279 naturali,
488 3217 560 3286 cap.
576 3196 728 3264 Destruit
748 3194 772 3263 4
789 3197 831 3263 de
852 3195 1044 3284 Baptismo,
1067 3206 1100 3263 et

157 3292 391 3382 cognationem
405 3292 557 3378 legalem
578 3289 741 3372 imitatur,
763 3310 835 3376 cap.
858 3288 916 3356 lm
931 3306 1096 3369 ursaceus,
1186 3334 1189 3340 «

157 3398 189 3456 et
205 3389 289 3457 Can.
311 3384 398 3454 Poss
419 3382 621 3477 susannam
640 3381 663 3449 5
685 3403 779 3452 caus.
800 3381 858 3466 30,
879 3405 914 3472 q.
935 3381 968 3451 3.
995 3380 1098 3455 Sicuti

144 3476 236 3570 ergo
253 3479 411 3568 cognatio
430 3477 592 3546 naturalis
612 3496 649 3544 ac
665 3477 783 3566 legalis
803 3497 872 3547 nott
891 3477 1010 3560 oritur,
1033 3476 1098 3544 nisi

152 3595 191 3665 er
224 3573 360 3645 actione
391 3571 558 3661 personali
591 3569 696 3659 ipsias
730 3571 922 3659 generantis
953 3583 986 3640 et
1021 3571 1103 3663 ado-
