2642 4175
293 378 335 435 76
641 389 743 434 caaur
761 389 782 433 1.

245 490 420 558 Praeterea
452 499 610 556 statutum
636 498 823 576 opportune
842 500 915 570 est,
948 500 985 556 ut
1005 496 1183 578 antequam

246 581 523 672 proclamationes
547 580 647 660 liant,
667 580 834 650 Porcellus
856 604 870 647 r
895 593 965 650 tum
995 601 1181 671 sponsum,

248 688 318 744 tum
338 695 491 765 sponsam
510 674 649 745 seorsim
671 686 778 756 caute,
798 686 832 744 et
851 685 887 743 ut
905 674 1039 757 dieitur,
1064 675 1103 743 ad
1125 697 1184 744 au·

249 789 303 838 ras
321 770 478 859 exploret,
502 788 543 837 en
563 767 698 858 aliquod
718 780 752 837 et
780 768 874 837 cuius
894 767 1027 856 generis
1044 767 1186 858 impedi·

251 873 399 931 mentum
423 863 511 931 inter
530 883 587 931 eos
604 862 786 931 intercedat
809 886 823 929 r
844 874 877 930 at
904 862 930 930 si
955 861 1035 951 quid
1061 862 1186 951 nuptiis
1246 905 1254 910 -

247 956 380 1025 obstare
417 955 666 1046 deprehendat,
697 955 806 1025 dilatis
839 954 1183 1045 proclamationibus,

248 1049 343 1117 idad
375 1049 547 1138 proprium
573 1049 755 1118 antistitem
785 1049 915 1118 deferre
944 1059 1099 1131 tenetur,
1128 1050 1186 1138 qui

248 1154 349 1232 prout
365 1163 418 1211 res
438 1142 703 1232 expostulaverit,
720 1163 781 1232 pro
800 1142 1007 1225 auctoritate,
1024 1143 1188 1212 muneris·

248 1257 315 1328 qne
331 1236 382 1304 sui
403 1236 513 1305 debito
531 1236 726 1324 providebit.

298 1327 401 1397 Porro
422 1349 461 1397 ex
480 1329 596 1398 eodem
616 1328 904 1398 denuntiationum
918 1328 983 1397 line
998 1327 1076 1398 satis
1091 1327 1189 1398 intel·

251 1420 410 1511 ligimus,
430 1442 489 1490 cur
507 1443 544 1491 en
564 1423 696 1492 decreto
716 1423 909 1491 Tridentino
935 1421 1007 1491 steri
1028 1422 1187 1491 debeant:

251 1515 290 1582 1⁰
305 1525 381 1582 ante
402 1516 650 1584 matrimonium
666 1516 949 1598 contrahendum
969 1513 1005 1581 Ψ
1020 1537 1037 1583 a
1055 1515 1190 1605 proprio

254 1608 432 1696 utriusque
464 1609 691 1681 contrahentis
720 1609 894 1694 Parooho,
927 1609 978 1677 vel
1003 1609 1044 1677 ab
1063 1609 1127 1677 alio
1149 1611 1191 1678 de

160 1755 165 1760 .
253 1701 328 1770 eius
356 1701 488 1770 lieentia
504 1726 514 1786 ;
544 1700 581 1770 3⁰
610 1724 720 1771 curam
757 1705 879 1793 populo
910 1702 1076 1792 frequenti
1104 1702 1192 1772 inter

252 1794 429 1864 ldissarum
448 1796 627 1880 solemnia,
650 1797 714 1866 hoo
741 1809 791 1866 est
815 1797 849 1865 iu
868 1796 962 1866 llissa
982 1795 1189 1886 parochiali,

254 1888 427 1958 autetiam
449 1891 657 1959 conventuali
677 1914 686 1974 ;
707 1889 743 1957 lv⁰
763 1890 869 1959 tribus
889 1889 1053 1959 continuis
1073 1889 1192 1959 diebus

252 1981 400 2064 lestinis,
424 2004 509 2072 quae
542 1984 742 2054 continuitas
771 1984 814 2052 ita
847 1995 898 2052 est
925 1983 1136 2072 accipienda,
1157 1997 1194 2052 ut

254 2075 310 2145 alii
330 2076 404 2146 festi
422 2077 492 2147 dies
511 2078 705 2167 praesertim
721 2077 876 2147 dominici
892 2076 979 2146 inter
992 2098 1090 2146 unam
1111 2077 1194 2147 alte·

253 2191 393 2261 remque
411 2172 697 2242 denuntiationem
714 2192 781 2241 non
804 2171 1021 2240 intercedant.
1041 2169 1076 2238 5ο
1095 2170 1194 2239 Dani·

253 2268 319 2354 que
335 2265 538 2333 denuntiatis
555 2265 746 2334 nominibus
761 2285 990 2355 personarum,
1010 2265 1096 2333 inter
1109 2286 1194 2354 quas

255 2358 505 2426 matrimonium
527 2358 710 2426 ineundum
731 2371 792 2427 est.
815 2357 1124 2427 Denuntiationibus
1143 2371 1194 2428 te-

256 2470 348 2518 mere
367 2449 538 2537 neglectis,
560 2452 645 2520 valet
668 2451 803 2541 quidem
824 2451 1090 2535 matrimonium,
1111 2444 1196 2520 attass

256 2562 333 2610 men
355 2541 418 2610 hoc
438 2544 537 2611 medo
553 2546 786 2615 contrahentes
799 2566 904 2636 poena
923 2544 1085 2614 afficiendi
1102 2558 1192 2627 sunt,

256 2637 436 2724 prolesque
458 2635 590 2705 interim
617 2649 787 2729 suscepta,
813 2639 840 2708 si
862 2638 1110 2707 matrimonium
1129 2641 1196 2708 rei·

259 2748 316 2816 psa
338 2729 468 2797 nullum
485 2730 546 2814 sit,
569 2731 741 2822 illegitima
761 2742 937 2816 censetur,
960 2752 997 2800 ex
1018 2742 1194 2820 parentum

259 2821 348 2890 bona
369 2821 446 2905 lide,
467 2835 524 2892 aut
541 2824 727 2912 ignorantia
748 2828 877 2895 nullum
892 2825 1086 2894 'subsidium
1105 2825 1197 2894 habi·

256 2924 351 2995 turn,
372 2926 408 2985 ut
428 2916 575 3006 loquitur
592 2917 731 3009 caput3
754 2921 795 2989 de
815 2920 980 2990 Clandest.
1000 2920 1194 3009 Desponsat.

258 3005 428 3078 Paroohus
455 3011 554 3079 etiarn
588 3012 693 3083 libere
714 3013 765 3082 his
797 3011 1018 3082 matrimoniis
1040 3013 1196 3091 assistens

258 3103 298 3170 ad
313 3101 496 3173 triennium
512 3107 667 3194 suspendi
684 3106 830 3190 iubetur,
850 3106 981 3195 gravius
997 3107 1196 3196 puniendus,

259 3194 288 3264 si
308 3197 425 3285 culpae
454 3198 595 3288 qualitas
617 3200 854 3289 postulaverit,
876 3200 934 3269 cit.
957 3220 1029 3290 cap.
1060 3198 1094 3269 3.
1117 3199 1197 3268 llide

258 3292 341 3357 Ben.
362 3290 429 3358 XlV
445 3292 486 3360 de
507 3291 584 3383 Syn.
609 3294 632 3363 l.
658 3292 715 3376 tn,
734 3314 765 3362 o.
785 3292 855 3378 ld,
874 3316 908 3383 p,
931 3291 971 3378 l,
1001 3292 1058 3362 ubi
1087 3314 1197 3362 sermo

258 3391 311 3450 est
337 3382 378 3452 de
411 3385 549 3473 poenis,
580 3408 667 3475 quae
698 3388 836 3457 testibus
870 3387 1011 3475 irrogari
1045 3400 1196 3477 possunt.
1281 3432 1298 3443 -

259 3473 411 3564 ltemque
431 3478 459 3546 si
496 3499 636 3568 sponsus
655 3491 689 3550 et
719 3500 837 3570 sponsa
858 3481 1003 3549 diversas
1023 3479 1199 3569 parochias

261 3565 433 3654 incolant,
455 3584 575 3643 neuter
592 3573 758 3643 Paruulus
775 3575 929 3644 assistere
945 3574 1070 3664 nuptiis
1088 3574 1200 3652 debet,
