<?xml version="1.0" encoding="UTF-8"?>
<!DOCTYPE html PUBLIC "-//W3C//DTD XHTML 1.0 Transitional//EN"
    "http://www.w3.org/TR/xhtml1/DTD/xhtml1-transitional.dtd">
<html xmlns="http://www.w3.org/1999/xhtml" xml:lang="en" lang="en">
 <head>
  <title>
</title>
<meta http-equiv="Content-Type" content="text/html;charset=utf-8" />
  <meta name='ocr-system' content='tesseract 3.04.00' />
  <meta name='ocr-capabilities' content='ocr_page ocr_carea ocr_par ocr_line ocrx_word'/>
</head>
<body>
  <div class='ocr_page' id='page_1' title='image "./septimiimariaev00veccgoog_0444.png"; bbox 0 0 2642 4175; ppageno 0'>
   <div class='ocr_carea' id='block_1_1' title="bbox 275 346 778 411">
    <p class='ocr_par' dir='ltr' id='par_1_1' title="bbox 275 346 778 411">
     <span class='ocr_line' id='line_1_1' title="bbox 275 346 778 411; baseline 0.004 -3"><span class='ocrx_word' id='word_1_1' title='bbox 275 346 345 408; x_wconf 80' lang='lat'><strong>420</strong></span> <span class='ocrx_word' id='word_1_2' title='bbox 612 363 717 411; x_wconf 72' lang='lat' dir='ltr'><strong>wur-</strong></span> <span class='ocrx_word' id='word_1_3' title='bbox 732 365 778 410; x_wconf 72' lang='grc' dir='ltr'><strong>ιν.</strong></span> 
     </span>
    </p>
   </div>
   <div class='ocr_carea' id='block_1_2' title="bbox 223 459 1170 3081">
    <p class='ocr_par' dir='ltr' id='par_1_2' title="bbox 223 459 1170 2127">
     <span class='ocr_line' id='line_1_2' title="bbox 271 459 1170 554; baseline 0.003 -20"><span class='ocrx_word' id='word_1_4' title='bbox 271 464 372 535; x_wconf 83' lang='lat' dir='ltr'><strong>Pium</strong></span> <span class='ocrx_word' id='word_1_5' title='bbox 392 481 494 552; x_wconf 89' lang='lat' dir='ltr'><strong>porro</strong></span> <span class='ocrx_word' id='word_1_6' title='bbox 518 471 621 544; x_wconf 84' lang='lat' dir='ltr'><strong>suut,</strong></span> <span class='ocrx_word' id='word_1_7' title='bbox 646 482 734 551; x_wconf 84' lang='lat' dir='ltr'><strong>quae</strong></span> <span class='ocrx_word' id='word_1_8' title='bbox 769 459 956 550; x_wconf 81' lang='lat' dir='ltr'><strong>impediunt</strong></span> <span class='ocrx_word' id='word_1_9' title='bbox 983 461 1170 554; x_wconf 81' lang='lat' dir='ltr'><strong>quominus</strong></span> 
     </span>
     <span class='ocr_line' id='line_1_3' title="bbox 223 555 1165 650; baseline 0.002 -24"><span class='ocrx_word' id='word_1_10' title='bbox 223 556 392 650; x_wconf 80' lang='lat' dir='ltr'><strong>separatio</strong></span> <span class='ocrx_word' id='word_1_11' title='bbox 407 577 447 626; x_wconf 84' lang='lat' dir='ltr'><strong>ex</strong></span> <span class='ocrx_word' id='word_1_12' title='bbox 463 575 563 625; x_wconf 82' lang='lat' dir='ltr'><strong>eausa</strong></span> <span class='ocrx_word' id='word_1_13' title='bbox 584 555 739 627; x_wconf 88' lang='lat' dir='ltr'><strong>adulterii</strong></span> <span class='ocrx_word' id='word_1_14' title='bbox 759 567 861 645; x_wconf 84' lang='lat' dir='ltr'><strong>queat</strong></span> <span class='ocrx_word' id='word_1_15' title='bbox 878 558 1004 629; x_wconf 86' lang='lat' dir='ltr'><strong>induci.</strong></span> <span class='ocrx_word' id='word_1_16' title='bbox 1022 557 1068 629; x_wconf 83' lang='lat' dir='ltr'><strong>Et</strong></span> <span class='ocrx_word' id='word_1_17' title='bbox 1084 556 1121 631; x_wconf 72' lang='lat'><strong>1⁰</strong></span> <span class='ocrx_word' id='word_1_18' title='bbox 1138 562 1165 629; x_wconf 86' lang='lat' dir='ltr'><strong>si</strong></span> 
     </span>
     <span class='ocr_line' id='line_1_4' title="bbox 225 648 1168 731; baseline 0 -8"><span class='ocrx_word' id='word_1_19' title='bbox 225 650 479 723; x_wconf 75' lang='lat' dir='ltr'><strong>aetusoarnalis</strong></span> <span class='ocrx_word' id='word_1_20' title='bbox 496 669 562 720; x_wconf 87' lang='lat' dir='ltr'><strong>non</strong></span> <span class='ocrx_word' id='word_1_21' title='bbox 575 648 678 719; x_wconf 86' lang='lat' dir='ltr'><strong>luerit</strong></span> <span class='ocrx_word' id='word_1_22' title='bbox 690 663 958 731; x_wconf 69' lang='lat' dir='ltr'><strong>consummatum</strong></span> <span class='ocrx_word' id='word_1_23' title='bbox 976 650 1012 719; x_wconf 70' lang='lat'><strong>2⁰</strong></span> <span class='ocrx_word' id='word_1_24' title='bbox 1026 652 1054 720; x_wconf 86' lang='lat' dir='ltr'><strong>si</strong></span> <span class='ocrx_word' id='word_1_25' title='bbox 1069 654 1168 723; x_wconf 89' lang='lat' dir='ltr'><strong>adal·</strong></span> 
     </span>
     <span class='ocr_line' id='line_1_5' title="bbox 225 744 1168 836; baseline 0.001 -20"><span class='ocrx_word' id='word_1_26' title='bbox 225 745 347 819; x_wconf 85' lang='lat' dir='ltr'><strong>terium</strong></span> <span class='ocrx_word' id='word_1_27' title='bbox 363 744 410 813; x_wconf 83' lang='lat' dir='ltr'><strong>ab</strong></span> <span class='ocrx_word' id='word_1_28' title='bbox 427 755 571 833; x_wconf 76' lang='lat' dir='ltr'><strong>auoque</strong></span> <span class='ocrx_word' id='word_1_29' title='bbox 588 744 730 832; x_wconf 76' lang='lat' dir='ltr'><strong>ooniuge</strong></span> <span class='ocrx_word' id='word_1_30' title='bbox 747 755 914 833; x_wconf 81' lang='lat' dir='ltr'><strong>patratum</strong></span> <span class='ocrx_word' id='word_1_31' title='bbox 934 745 996 827; x_wconf 88' lang='lat' dir='ltr'><strong>sit,</strong></span> <span class='ocrx_word' id='word_1_32' title='bbox 1017 746 1096 836; x_wconf 87' lang='lat' dir='ltr'><strong>quia</strong></span> <span class='ocrx_word' id='word_1_33' title='bbox 1111 768 1168 836; x_wconf 93' lang='lat' dir='ltr'><strong>pa·</strong></span> 
     </span>
     <span class='ocr_line' id='line_1_6' title="bbox 224 839 1169 926; baseline 0.002 -18"><span class='ocrx_word' id='word_1_34' title='bbox 224 840 274 909; x_wconf 89' lang='lat' dir='ltr'><strong>ria</strong></span> <span class='ocrx_word' id='word_1_35' title='bbox 289 839 432 909; x_wconf 85' lang='lat' dir='ltr'><strong>erimina</strong></span> <span class='ocrx_word' id='word_1_36' title='bbox 450 846 565 908; x_wconf 89' lang='lat' dir='ltr'><strong>mutua</strong></span> <span class='ocrx_word' id='word_1_37' title='bbox 584 839 854 926; x_wconf 77' lang='lat' dir='ltr'><strong>compensatione</strong></span> <span class='ocrx_word' id='word_1_38' title='bbox 874 840 1061 920; x_wconf 84' lang='lat' dir='ltr'><strong>tolluntur,</strong></span> <span class='ocrx_word' id='word_1_39' title='bbox 1090 862 1119 910; x_wconf 84' lang='lat' dir='ltr'><strong>e.</strong></span> <span class='ocrx_word' id='word_1_40' title='bbox 1142 840 1169 909; x_wconf 74' lang='lat' dir='ltr'><strong>la</strong></span> 
     </span>
     <span class='ocr_line' id='line_1_7' title="bbox 224 928 1164 1024; baseline 0.002 -22"><span class='ocrx_word' id='word_1_41' title='bbox 224 935 266 1004; x_wconf 91' lang='lat' dir='ltr'><strong>de</strong></span> <span class='ocrx_word' id='word_1_42' title='bbox 285 932 450 1014; x_wconf 81' lang='lat' dir='ltr'><strong>birontiis,</strong></span> <span class='ocrx_word' id='word_1_43' title='bbox 472 942 506 1001; x_wconf 89' lang='lat' dir='ltr'><strong>et</strong></span> <span class='ocrx_word' id='word_1_44' title='bbox 525 952 554 1000; x_wconf 88' lang='lat' dir='ltr'><strong>e.</strong></span> <span class='ocrx_word' id='word_1_45' title='bbox 575 928 598 999; x_wconf 82' lang='lat'><strong>6</strong></span> <span class='ocrx_word' id='word_1_46' title='bbox 618 944 651 1001; x_wconf 91' lang='lat' dir='ltr'><strong>et</strong></span> <span class='ocrx_word' id='word_1_47' title='bbox 672 930 691 998; x_wconf 88' lang='grc'><strong>7</strong></span> <span class='ocrx_word' id='word_1_48' title='bbox 707 933 749 1001; x_wconf 90' lang='lat' dir='ltr'><strong>de</strong></span> <span class='ocrx_word' id='word_1_49' title='bbox 762 932 928 1014; x_wconf 82' lang='lat' dir='ltr'><strong>Adulter.;</strong></span> <span class='ocrx_word' id='word_1_50' title='bbox 945 932 1014 1002; x_wconf 89' lang='lat' dir='ltr'><strong>imo</strong></span> <span class='ocrx_word' id='word_1_51' title='bbox 1029 933 1058 1002; x_wconf 87' lang='lat' dir='ltr'><strong>si</strong></span> <span class='ocrx_word' id='word_1_52' title='bbox 1075 945 1164 1024; x_wconf 87' lang='lat' dir='ltr'><strong>post·</strong></span> 
     </span>
     <span class='ocr_line' id='line_1_8' title="bbox 225 1024 1163 1117; baseline 0.001 -21"><span class='ocrx_word' id='word_1_53' title='bbox 225 1047 325 1117; x_wconf 89' lang='lat' dir='ltr'><strong>quam</strong></span> <span class='ocrx_word' id='word_1_54' title='bbox 359 1025 481 1095; x_wconf 87' lang='lat' dir='ltr'><strong>mulier</strong></span> <span class='ocrx_word' id='word_1_55' title='bbox 499 1025 565 1094; x_wconf 90' lang='lat' dir='ltr'><strong>iam</strong></span> <span class='ocrx_word' id='word_1_56' title='bbox 586 1046 604 1093; x_wconf 92' lang='lat' dir='ltr'><strong>a</strong></span> <span class='ocrx_word' id='word_1_57' title='bbox 635 1024 705 1095; x_wconf 84' lang='lat' dir='ltr'><strong>viro</strong></span> <span class='ocrx_word' id='word_1_58' title='bbox 725 1027 768 1095; x_wconf 91' lang='lat' dir='ltr'><strong>ob</strong></span> <span class='ocrx_word' id='word_1_59' title='bbox 790 1025 991 1095; x_wconf 73' lang='lat' dir='ltr'>adulterium</span> <span class='ocrx_word' id='word_1_60' title='bbox 1011 1040 1163 1116; x_wconf 79' lang='lat' dir='ltr'><strong>separata</strong></span> 
     </span>
     <span class='ocr_line' id='line_1_9' title="bbox 224 1118 1164 1206; baseline -0.002 -15"><span class='ocrx_word' id='word_1_61' title='bbox 224 1132 285 1204; x_wconf 85' lang='lat' dir='ltr'><strong>est,</strong></span> <span class='ocrx_word' id='word_1_62' title='bbox 307 1119 358 1189; x_wconf 84' lang='lat' dir='ltr'><strong>uir</strong></span> <span class='ocrx_word' id='word_1_63' title='bbox 378 1121 411 1188; x_wconf 91' lang='lat' dir='ltr'><strong>iu</strong></span> <span class='ocrx_word' id='word_1_64' title='bbox 431 1119 519 1189; x_wconf 90' lang='lat' dir='ltr'><strong>idem</strong></span> <span class='ocrx_word' id='word_1_65' title='bbox 540 1118 704 1206; x_wconf 79' lang='lat' dir='ltr'><strong>flagitium</strong></span> <span class='ocrx_word' id='word_1_66' title='bbox 733 1119 884 1201; x_wconf 90' lang='lat' dir='ltr'><strong>labatur,</strong></span> <span class='ocrx_word' id='word_1_67' title='bbox 912 1119 1164 1191; x_wconf 76' lang='lat' dir='ltr'><strong>matrimonium</strong></span> 
     </span>
     <span class='ocr_line' id='line_1_10' title="bbox 224 1210 1167 1305; baseline 0.003 -23"><span class='ocrx_word' id='word_1_68' title='bbox 224 1213 519 1301; x_wconf 77' lang='lat' dir='ltr'><strong>redintegrandum</strong></span> <span class='ocrx_word' id='word_1_69' title='bbox 537 1225 599 1289; x_wconf 84' lang='lat' dir='ltr'><strong>est,</strong></span> <span class='ocrx_word' id='word_1_70' title='bbox 620 1234 649 1282; x_wconf 88' lang='lat' dir='ltr'><strong>e.</strong></span> <span class='ocrx_word' id='word_1_71' title='bbox 672 1211 694 1281; x_wconf 86' lang='lat'>5</span> <span class='ocrx_word' id='word_1_72' title='bbox 714 1213 755 1281; x_wconf 89' lang='lat' dir='ltr'><strong>de</strong></span> <span class='ocrx_word' id='word_1_73' title='bbox 776 1213 942 1283; x_wconf 84' lang='lat' dir='ltr'><strong>Divertiis.</strong></span> <span class='ocrx_word' id='word_1_74' title='bbox 976 1210 1013 1281; x_wconf 78' lang='lat'><strong>3⁰</strong></span> <span class='ocrx_word' id='word_1_75' title='bbox 1032 1212 1067 1283; x_wconf 91' lang='lat' dir='ltr'><strong>Si</strong></span> <span class='ocrx_word' id='word_1_76' title='bbox 1083 1236 1167 1305; x_wconf 83' lang='lat' dir='ltr'><strong>pars</strong></span> 
     </span>
     <span class='ocr_line' id='line_1_11' title="bbox 224 1306 1163 1395; baseline 0.003 -20"><span class='ocrx_word' id='word_1_77' title='bbox 224 1309 383 1377; x_wconf 81' lang='lat' dir='ltr'><strong>iunonem</strong></span> <span class='ocrx_word' id='word_1_78' title='bbox 402 1306 602 1395; x_wconf 78' lang='lat' dir='ltr'><strong>culpabilem</strong></span> <span class='ocrx_word' id='word_1_79' title='bbox 636 1328 770 1376; x_wconf 88' lang='lat' dir='ltr'><strong>eausam</strong></span> <span class='ocrx_word' id='word_1_80' title='bbox 791 1307 947 1375; x_wconf 90' lang='lat' dir='ltr'><strong>adulterii</strong></span> <span class='ocrx_word' id='word_1_81' title='bbox 966 1307 1110 1390; x_wconf 76' lang='lat' dir='ltr'><strong>dederit,</strong></span> <span class='ocrx_word' id='word_1_82' title='bbox 1131 1331 1163 1378; x_wconf 87' lang='lat' dir='ltr'><strong>c.</strong></span> 
     </span>
     <span class='ocr_line' id='line_1_12' title="bbox 225 1399 1163 1490; baseline 0.002 -20"><span class='ocrx_word' id='word_1_83' title='bbox 225 1401 258 1485; x_wconf 81' lang='lat' dir='ltr'><strong>b,</strong></span> <span class='ocrx_word' id='word_1_84' title='bbox 277 1403 319 1472; x_wconf 88' lang='lat' dir='ltr'><strong>de</strong></span> <span class='ocrx_word' id='word_1_85' title='bbox 338 1420 378 1470; x_wconf 92' lang='lat' dir='ltr'><strong>eo</strong></span> <span class='ocrx_word' id='word_1_86' title='bbox 399 1400 457 1490; x_wconf 89' lang='lat' dir='ltr'><strong>qui</strong></span> <span class='ocrx_word' id='word_1_87' title='bbox 477 1420 615 1489; x_wconf 77' lang='lat' dir='ltr'><strong>unguor.</strong></span> <span class='ocrx_word' id='word_1_88' title='bbox 634 1400 672 1468; x_wconf 81' lang='lat' dir='ltr'><strong>lt⁰</strong></span> <span class='ocrx_word' id='word_1_89' title='bbox 687 1399 720 1468; x_wconf 88' lang='lat' dir='ltr'><strong>Si</strong></span> <span class='ocrx_word' id='word_1_90' title='bbox 735 1402 866 1470; x_wconf 80' lang='lat' dir='ltr'><strong>adulter</strong></span> <span class='ocrx_word' id='word_1_91' title='bbox 883 1401 1003 1469; x_wconf 86' lang='lat' dir='ltr'><strong>obvim</strong></span> <span class='ocrx_word' id='word_1_92' title='bbox 1021 1402 1163 1483; x_wconf 89' lang='lat' dir='ltr'><strong>illatam,</strong></span> 
     </span>
     <span class='ocr_line' id='line_1_13' title="bbox 224 1494 1165 1584; baseline 0.001 -21"><span class='ocrx_word' id='word_1_93' title='bbox 224 1507 283 1565; x_wconf 86' lang='lat' dir='ltr'><strong>aut</strong></span> <span class='ocrx_word' id='word_1_94' title='bbox 297 1494 503 1584; x_wconf 85' lang='lat' dir='ltr'><strong>probabilem</strong></span> <span class='ocrx_word' id='word_1_95' title='bbox 520 1494 755 1583; x_wconf 81' lang='lat' dir='ltr'><strong>ignorantiam,</strong></span> <span class='ocrx_word' id='word_1_96' title='bbox 772 1495 885 1584; x_wconf 88' lang='lat' dir='ltr'><strong>alique</strong></span> <span class='ocrx_word' id='word_1_97' title='bbox 902 1506 996 1583; x_wconf 87' lang='lat' dir='ltr'><strong>pacto</strong></span> <span class='ocrx_word' id='word_1_98' title='bbox 1012 1496 1165 1564; x_wconf 82' lang='lat' dir='ltr'><strong>excusari</strong></span> 
     </span>
     <span class='ocr_line' id='line_1_14' title="bbox 225 1588 1166 1678; baseline 0.001 -21"><span class='ocrx_word' id='word_1_99' title='bbox 225 1590 339 1678; x_wconf 84' lang='lat' dir='ltr'><strong>possit,</strong></span> <span class='ocrx_word' id='word_1_100' title='bbox 360 1588 458 1655; x_wconf 86' lang='lat' dir='ltr'><strong>veluti</strong></span> <span class='ocrx_word' id='word_1_101' title='bbox 489 1588 516 1656; x_wconf 91' lang='lat' dir='ltr'><strong>si</strong></span> <span class='ocrx_word' id='word_1_102' title='bbox 546 1589 668 1657; x_wconf 90' lang='lat' dir='ltr'><strong>mulier</strong></span> <span class='ocrx_word' id='word_1_103' title='bbox 698 1589 728 1656; x_wconf 82' lang='lat' dir='ltr'><strong>ri</strong></span> <span class='ocrx_word' id='word_1_104' title='bbox 755 1610 911 1678; x_wconf 91' lang='lat' dir='ltr'><strong>oppressa</strong></span> <span class='ocrx_word' id='word_1_105' title='bbox 931 1588 1046 1669; x_wconf 86' lang='lat' dir='ltr'><strong>luerit,</strong></span> <span class='ocrx_word' id='word_1_106' title='bbox 1068 1590 1166 1658; x_wconf 89' lang='lat' dir='ltr'><strong>siuir</strong></span> 
     </span>
     <span class='ocr_line' id='line_1_15' title="bbox 224 1682 1160 1770; baseline 0.002 -21"><span class='ocrx_word' id='word_1_107' title='bbox 224 1687 380 1770; x_wconf 88' lang='lat' dir='ltr'><strong>deeeptus</strong></span> <span class='ocrx_word' id='word_1_108' title='bbox 400 1682 497 1749; x_wconf 89' lang='lat' dir='ltr'><strong>aliam</strong></span> <span class='ocrx_word' id='word_1_109' title='bbox 519 1682 694 1751; x_wconf 87' lang='lat' dir='ltr'><strong>mulierem</strong></span> <span class='ocrx_word' id='word_1_110' title='bbox 716 1703 968 1770; x_wconf 68' lang='lat' dir='ltr'><strong>praetoresue</strong></span> <span class='ocrx_word' id='word_1_111' title='bbox 991 1682 1160 1765; x_wconf 88' lang='lat' dir='ltr'><strong>babuerit,</strong></span> 
     </span>
     <span class='ocr_line' id='line_1_16' title="bbox 224 1775 1165 1859; baseline 0.002 -15"><span class='ocrx_word' id='word_1_112' title='bbox 224 1777 251 1844; x_wconf 87' lang='lat' dir='ltr'><strong>si</strong></span> <span class='ocrx_word' id='word_1_113' title='bbox 271 1776 401 1856; x_wconf 84' lang='lat' dir='ltr'><strong>coniux,</strong></span> <span class='ocrx_word' id='word_1_114' title='bbox 419 1775 561 1843; x_wconf 86' lang='lat' dir='ltr'><strong>alterum</strong></span> <span class='ocrx_word' id='word_1_115' title='bbox 583 1777 645 1845; x_wconf 89' lang='lat' dir='ltr'><strong>rita</strong></span> <span class='ocrx_word' id='word_1_116' title='bbox 667 1777 817 1844; x_wconf 82' lang='lat' dir='ltr'><strong>lunatum</strong></span> <span class='ocrx_word' id='word_1_117' title='bbox 839 1775 1043 1859; x_wconf 78' lang='lat' dir='ltr'><strong>existimem,</strong></span> <span class='ocrx_word' id='word_1_118' title='bbox 1065 1799 1165 1846; x_wconf 88' lang='lat' dir='ltr'><strong>novas</strong></span> 
     </span>
     <span class='ocr_line' id='line_1_17' title="bbox 225 1868 1164 1959; baseline 0.001 -22"><span class='ocrx_word' id='word_1_119' title='bbox 225 1871 356 1959; x_wconf 88' lang='lat' dir='ltr'><strong>nuptias</strong></span> <span class='ocrx_word' id='word_1_120' title='bbox 376 1868 519 1938; x_wconf 87' lang='lat' dir='ltr'><strong>iniverit.</strong></span> <span class='ocrx_word' id='word_1_121' title='bbox 544 1868 578 1937; x_wconf 81' lang='grc' dir='ltr'><strong>5ο</strong></span> <span class='ocrx_word' id='word_1_122' title='bbox 597 1870 747 1957; x_wconf 87' lang='lat' dir='ltr'><strong>Denique</strong></span> <span class='ocrx_word' id='word_1_123' title='bbox 779 1868 806 1937; x_wconf 83' lang='lat' dir='ltr'><strong>si</strong></span> <span class='ocrx_word' id='word_1_124' title='bbox 832 1890 908 1957; x_wconf 89' lang='lat' dir='ltr'><strong>pars</strong></span> <span class='ocrx_word' id='word_1_125' title='bbox 929 1869 1089 1940; x_wconf 86' lang='lat' dir='ltr'><strong>innocens</strong></span> <span class='ocrx_word' id='word_1_126' title='bbox 1108 1892 1164 1939; x_wconf 87' lang='lat' dir='ltr'><strong>ac-</strong></span> 
     </span>
     <span class='ocr_line' id='line_1_18' title="bbox 224 1963 1162 2052; baseline 0.001 -21"><span class='ocrx_word' id='word_1_127' title='bbox 224 1970 361 2051; x_wconf 85' lang='lat' dir='ltr'><strong>ceptam·</strong></span> <span class='ocrx_word' id='word_1_128' title='bbox 381 1963 422 2031; x_wconf 90' lang='lat' dir='ltr'><strong>ab</strong></span> <span class='ocrx_word' id='word_1_129' title='bbox 454 1963 604 2033; x_wconf 89' lang='lat' dir='ltr'><strong>adultero</strong></span> <span class='ocrx_word' id='word_1_130' title='bbox 626 1964 782 2031; x_wconf 88' lang='lat' dir='ltr'><strong>iniuriam</strong></span> <span class='ocrx_word' id='word_1_131' title='bbox 816 1963 883 2032; x_wconf 88' lang='lat' dir='ltr'><strong>siue</strong></span> <span class='ocrx_word' id='word_1_132' title='bbox 903 1984 1071 2052; x_wconf 87' lang='lat' dir='ltr'><strong>expresse,</strong></span> <span class='ocrx_word' id='word_1_133' title='bbox 1092 1964 1162 2032; x_wconf 86' lang='lat' dir='ltr'><strong>sive</strong></span> 
     </span>
     <span class='ocr_line' id='line_1_19' title="bbox 226 2056 524 2127; baseline -0.01 -1"><span class='ocrx_word' id='word_1_134' title='bbox 226 2058 323 2127; x_wconf 84' lang='lat' dir='ltr'><strong>meite</strong></span> <span class='ocrx_word' id='word_1_135' title='bbox 341 2056 524 2126; x_wconf 88' lang='lat' dir='ltr'><strong>remiserit.</strong></span> 
     </span>
    </p>

    <p class='ocr_par' dir='ltr' id='par_1_3' title="bbox 223 2150 1169 3081">
     <span class='ocr_line' id='line_1_20' title="bbox 271 2150 1163 2240; baseline 0.001 -21"><span class='ocrx_word' id='word_1_136' title='bbox 271 2151 360 2222; x_wconf 88' lang='lat' dir='ltr'><strong>Haee</strong></span> <span class='ocrx_word' id='word_1_137' title='bbox 389 2153 430 2219; x_wconf 90' lang='lat' dir='ltr'><strong>de</strong></span> <span class='ocrx_word' id='word_1_138' title='bbox 462 2150 604 2220; x_wconf 87' lang='lat' dir='ltr'><strong>divortio</strong></span> <span class='ocrx_word' id='word_1_139' title='bbox 636 2160 799 2240; x_wconf 87' lang='lat' dir='ltr'><strong>perpetuo</strong></span> <span class='ocrx_word' id='word_1_140' title='bbox 820 2173 858 2218; x_wconf 85' lang='lat' dir='ltr'><strong>ex</strong></span> <span class='ocrx_word' id='word_1_141' title='bbox 887 2172 985 2221; x_wconf 86' lang='lat' dir='ltr'><strong>eausa</strong></span> <span class='ocrx_word' id='word_1_142' title='bbox 1006 2152 1163 2221; x_wconf 89' lang='lat' dir='ltr'><strong>adulterii</strong></span> 
     </span>
     <span class='ocr_line' id='line_1_21' title="bbox 225 2244 1164 2332; baseline -0.001 -16"><span class='ocrx_word' id='word_1_143' title='bbox 225 2246 305 2316; x_wconf 84' lang='lat' dir='ltr'><strong>satis</strong></span> <span class='ocrx_word' id='word_1_144' title='bbox 331 2247 417 2314; x_wconf 86' lang='lat' dir='ltr'><strong>dicta</strong></span> <span class='ocrx_word' id='word_1_145' title='bbox 445 2244 535 2313; x_wconf 87' lang='lat' dir='ltr'><strong>sint:</strong></span> <span class='ocrx_word' id='word_1_146' title='bbox 558 2264 648 2313; x_wconf 87' lang='lat' dir='ltr'><strong>nunu</strong></span> <span class='ocrx_word' id='word_1_147' title='bbox 682 2246 895 2332; x_wconf 82' lang='lat' dir='ltr'><strong>exponendae</strong></span> <span class='ocrx_word' id='word_1_148' title='bbox 931 2258 1009 2314; x_wconf 89' lang='lat' dir='ltr'><strong>sunt</strong></span> <span class='ocrx_word' id='word_1_149' title='bbox 1042 2265 1164 2315; x_wconf 88' lang='lat' dir='ltr'><strong>eausae</strong></span> 
     </span>
     <span class='ocr_line' id='line_1_22' title="bbox 226 2337 1163 2427; baseline 0.002 -21"><span class='ocrx_word' id='word_1_150' title='bbox 226 2359 311 2427; x_wconf 76' lang='lat' dir='ltr'><strong>quae</strong></span> <span class='ocrx_word' id='word_1_151' title='bbox 331 2337 513 2427; x_wconf 89' lang='lat' dir='ltr'><strong>temporale</strong></span> <span class='ocrx_word' id='word_1_152' title='bbox 534 2338 622 2408; x_wconf 87' lang='lat' dir='ltr'><strong>inter</strong></span> <span class='ocrx_word' id='word_1_153' title='bbox 642 2337 804 2425; x_wconf 83' lang='lat' dir='ltr'><strong>coniuges</strong></span> <span class='ocrx_word' id='word_1_154' title='bbox 823 2339 1001 2407; x_wconf 86' lang='lat' dir='ltr'><strong>divortium</strong></span> <span class='ocrx_word' id='word_1_155' title='bbox 1022 2338 1163 2408; x_wconf 84' lang='lat' dir='ltr'><strong>induce·</strong></span> 
     </span>
     <span class='ocr_line' id='line_1_23' title="bbox 226 2432 1160 2521; baseline 0.002 -22"><span class='ocrx_word' id='word_1_156' title='bbox 226 2452 263 2500; x_wconf 89' lang='lat' dir='ltr'><strong>re</strong></span> <span class='ocrx_word' id='word_1_157' title='bbox 283 2432 409 2501; x_wconf 84' lang='lat' dir='ltr'><strong>valent..</strong></span> <span class='ocrx_word' id='word_1_158' title='bbox 430 2432 551 2500; x_wconf 82' lang='lat' dir='ltr'><strong>Adesse</strong></span> <span class='ocrx_word' id='word_1_159' title='bbox 587 2432 699 2519; x_wconf 89' lang='lat' dir='ltr'><strong>plures</strong></span> <span class='ocrx_word' id='word_1_160' title='bbox 724 2452 839 2501; x_wconf 81' lang='lat' dir='ltr'><strong>causas</strong></span> <span class='ocrx_word' id='word_1_161' title='bbox 875 2432 1095 2521; x_wconf 84' lang='lat' dir='ltr'><strong>separationis</strong></span> <span class='ocrx_word' id='word_1_162' title='bbox 1119 2434 1160 2501; x_wconf 90' lang='lat' dir='ltr'><strong>ad</strong></span> 
     </span>
     <span class='ocr_line' id='line_1_24' title="bbox 227 2525 1161 2613; baseline 0 -21"><span class='ocrx_word' id='word_1_163' title='bbox 227 2536 353 2593; x_wconf 86' lang='lat' dir='ltr'><strong>eertum</strong></span> <span class='ocrx_word' id='word_1_164' title='bbox 375 2526 607 2613; x_wconf 82' lang='lat' dir='ltr'><strong>incertumque</strong></span> <span class='ocrx_word' id='word_1_165' title='bbox 637 2534 778 2612; x_wconf 79' lang='lat' dir='ltr'><strong>lempna,</strong></span> <span class='ocrx_word' id='word_1_166' title='bbox 800 2525 920 2594; x_wconf 87' lang='lat' dir='ltr'><strong>veritas</strong></span> <span class='ocrx_word' id='word_1_167' title='bbox 952 2537 1001 2594; x_wconf 91' lang='lat' dir='ltr'><strong>est</strong></span> <span class='ocrx_word' id='word_1_168' title='bbox 1020 2526 1161 2595; x_wconf 84' lang='lat' dir='ltr'><strong>nathali-</strong></span> 
     </span>
     <span class='ocr_line' id='line_1_25' title="bbox 223 2617 1169 2708; baseline 0.001 -23"><span class='ocrx_word' id='word_1_169' title='bbox 223 2638 277 2697; x_wconf 83' lang='lat' dir='ltr'><strong>ea,</strong></span> <span class='ocrx_word' id='word_1_170' title='bbox 299 2629 333 2686; x_wconf 89' lang='lat' dir='ltr'><strong>et</strong></span> <span class='ocrx_word' id='word_1_171' title='bbox 353 2639 370 2685; x_wconf 90' lang='lat' dir='ltr'><strong>u</strong></span> <span class='ocrx_word' id='word_1_172' title='bbox 393 2618 492 2686; x_wconf 85' lang='lat' dir='ltr'><strong>Cone.</strong></span> <span class='ocrx_word' id='word_1_173' title='bbox 515 2618 605 2686; x_wconf 82' lang='lat' dir='ltr'><strong>Trid.</strong></span> <span class='ocrx_word' id='word_1_174' title='bbox 629 2619 764 2687; x_wconf 88' lang='lat' dir='ltr'><strong>delinita</strong></span> <span class='ocrx_word' id='word_1_175' title='bbox 785 2640 867 2688; x_wconf 90' lang='lat' dir='ltr'><strong>sess.</strong></span> <span class='ocrx_word' id='word_1_176' title='bbox 888 2619 994 2702; x_wconf 85' lang='lat' dir='ltr'><strong>XXIV,</strong></span> <span class='ocrx_word' id='word_1_177' title='bbox 1015 2640 1046 2687; x_wconf 85' lang='lat' dir='ltr'><strong>e.</strong></span> <span class='ocrx_word' id='word_1_178' title='bbox 1070 2617 1104 2687; x_wconf 86' lang='lat'><strong>8.</strong></span> <span class='ocrx_word' id='word_1_179' title='bbox 1123 2619 1169 2708; x_wconf 75' lang='lat' dir='ltr'><strong>In</strong></span> 
     </span>
     <span class='ocr_line' id='line_1_26' title="bbox 226 2711 1159 2800; baseline 0.003 -22"><span class='ocrx_word' id='word_1_180' title='bbox 226 2711 335 2798; x_wconf 84' lang='lat' dir='ltr'><strong>speeie</strong></span> <span class='ocrx_word' id='word_1_181' title='bbox 354 2722 499 2800; x_wconf 86' lang='lat' dir='ltr'><strong>quatuor</strong></span> <span class='ocrx_word' id='word_1_182' title='bbox 519 2722 629 2780; x_wconf 89' lang='lat' dir='ltr'><strong>autem</strong></span> <span class='ocrx_word' id='word_1_183' title='bbox 650 2726 885 2783; x_wconf 78' lang='lat' dir='ltr'><strong>recensentur:</strong></span> <span class='ocrx_word' id='word_1_184' title='bbox 908 2713 933 2780; x_wconf 93' lang='lat' dir='ltr'><strong>l.</strong></span> <span class='ocrx_word' id='word_1_185' title='bbox 960 2725 1012 2782; x_wconf 90' lang='lat' dir='ltr'><strong>est</strong></span> <span class='ocrx_word' id='word_1_186' title='bbox 1045 2714 1159 2781; x_wconf 88' lang='lat' dir='ltr'><strong>baere-</strong></span> 
     </span>
     <span class='ocr_line' id='line_1_27' title="bbox 227 2804 1158 2893; baseline -0.001 -20"><span class='ocrx_word' id='word_1_187' title='bbox 227 2807 283 2887; x_wconf 88' lang='lat' dir='ltr'><strong>sis‚</strong></span> <span class='ocrx_word' id='word_1_188' title='bbox 306 2816 339 2873; x_wconf 89' lang='lat' dir='ltr'><strong>et</strong></span> <span class='ocrx_word' id='word_1_189' title='bbox 358 2806 462 2873; x_wconf 91' lang='lat' dir='ltr'><strong>multo</strong></span> <span class='ocrx_word' id='word_1_190' title='bbox 487 2804 592 2893; x_wconf 77' lang='lat' dir='ltr'><strong>magis</strong></span> <span class='ocrx_word' id='word_1_191' title='bbox 617 2806 779 2892; x_wconf 82' lang='lat' dir='ltr'><strong>apostasia</strong></span> <span class='ocrx_word' id='word_1_192' title='bbox 807 2829 823 2875; x_wconf 92' lang='lat' dir='ltr'><strong>a</strong></span> <span class='ocrx_word' id='word_1_193' title='bbox 854 2807 917 2875; x_wconf 83' lang='lat' dir='ltr'><strong>fide</strong></span> <span class='ocrx_word' id='word_1_194' title='bbox 945 2804 1158 2875; x_wconf 89' lang='lat' dir='ltr'><strong>matrimonio</strong></span> 
     </span>
     <span class='ocr_line' id='line_1_28' title="bbox 227 2898 1162 2988; baseline 0.003 -22"><span class='ocrx_word' id='word_1_195' title='bbox 227 2899 478 2988; x_wconf 88' lang='lat' dir='ltr'><strong>superveniens,</strong></span> <span class='ocrx_word' id='word_1_196' title='bbox 499 2898 577 2987; x_wconf 86' lang='lat' dir='ltr'><strong>quia</strong></span> <span class='ocrx_word' id='word_1_197' title='bbox 606 2920 643 2967; x_wconf 82' lang='lat' dir='ltr'><strong>ex</strong></span> <span class='ocrx_word' id='word_1_198' title='bbox 660 2898 903 2981; x_wconf 82' lang='lat' dir='ltr'><strong>cohabitatione</strong></span> <span class='ocrx_word' id='word_1_199' title='bbox 923 2922 998 2968; x_wconf 88' lang='lat' dir='ltr'><strong>eum</strong></span> <span class='ocrx_word' id='word_1_200' title='bbox 1019 2900 1162 2969; x_wconf 88' lang='lat' dir='ltr'><strong>baereti-</strong></span> 
     </span>
     <span class='ocr_line' id='line_1_29' title="bbox 227 2993 1160 3081; baseline 0.001 -21"><span class='ocrx_word' id='word_1_201' title='bbox 227 3013 266 3061; x_wconf 86' lang='lat' dir='ltr'><strong>eo</strong></span> <span class='ocrx_word' id='word_1_202' title='bbox 286 2994 335 3060; x_wconf 91' lang='lat' dir='ltr'><strong>vel</strong></span> <span class='ocrx_word' id='word_1_203' title='bbox 362 3004 507 3081; x_wconf 88' lang='lat' dir='ltr'><strong>apostata</strong></span> <span class='ocrx_word' id='word_1_204' title='bbox 529 2993 621 3060; x_wconf 88' lang='lat' dir='ltr'><strong>ualde</strong></span> <span class='ocrx_word' id='word_1_205' title='bbox 657 2993 839 3062; x_wconf 90' lang='lat' dir='ltr'><strong>timendum</strong></span> <span class='ocrx_word' id='word_1_206' title='bbox 869 2995 943 3077; x_wconf 87' lang='lat' dir='ltr'><strong>est,</strong></span> <span class='ocrx_word' id='word_1_207' title='bbox 963 3015 1007 3063; x_wconf 90' lang='lat' dir='ltr'><strong>ne</strong></span> <span class='ocrx_word' id='word_1_208' title='bbox 1039 2995 1160 3064; x_wconf 83' lang='lat' dir='ltr'><strong>coniux</strong></span> 
     </span>
    </p>
   </div>
   <div class='ocr_carea' id='block_1_3' title="bbox 226 3086 1307 3175">
    <p class='ocr_par' dir='ltr' id='par_1_4' title="bbox 226 3086 1307 3175">
     <span class='ocr_line' id='line_1_30' title="bbox 226 3086 1307 3175; baseline 0 -21"><span class='ocrx_word' id='word_1_209' title='bbox 226 3086 419 3169; x_wconf 79' lang='lat' dir='ltr'><strong>catholicus,</strong></span> <span class='ocrx_word' id='word_1_210' title='bbox 438 3086 576 3175; x_wconf 89' lang='lat' dir='ltr'><strong>eiusque</strong></span> <span class='ocrx_word' id='word_1_211' title='bbox 590 3086 701 3174; x_wconf 89' lang='lat' dir='ltr'><strong>proles</strong></span> <span class='ocrx_word' id='word_1_212' title='bbox 712 3099 931 3174; x_wconf 82' lang='lat' dir='ltr'><strong>pervertatur.</strong></span> <span class='ocrx_word' id='word_1_213' title='bbox 954 3087 1041 3167; x_wconf 80' lang='lat' dir='ltr'><strong>Quin</strong></span> <span class='ocrx_word' id='word_1_214' title='bbox 1056 3108 1158 3156; x_wconf 89' lang='lat' dir='ltr'><strong>omne</strong></span> <span class='ocrx_word' id='word_1_215' title='bbox 1190 3118 1193 3124; x_wconf 33' lang='lat' dir='ltr'>v</span> <span class='ocrx_word' id='word_1_216' title='bbox 1306 3091 1307 3098; x_wconf 77' lang='grc'>’</span> 
     </span>
    </p>
   </div>
   <div class='ocr_carea' id='block_1_4' title="bbox 228 3180 1158 3269">
    <p class='ocr_par' dir='ltr' id='par_1_5' title="bbox 228 3180 1158 3269">
     <span class='ocr_line' id='line_1_31' title="bbox 228 3180 1158 3269; baseline 0 -20"><span class='ocrx_word' id='word_1_217' title='bbox 228 3180 413 3269; x_wconf 82' lang='lat' dir='ltr'><strong>perieulum</strong></span> <span class='ocrx_word' id='word_1_218' title='bbox 432 3180 580 3261; x_wconf 85' lang='lat' dir='ltr'><strong>animae,</strong></span> <span class='ocrx_word' id='word_1_219' title='bbox 604 3200 679 3248; x_wconf 88' lang='lat' dir='ltr'><strong>eum</strong></span> <span class='ocrx_word' id='word_1_220' title='bbox 701 3197 831 3268; x_wconf 78' lang='lat' dir='ltr'><strong>&#39;nempe</strong></span> <span class='ocrx_word' id='word_1_221' title='bbox 863 3181 981 3250; x_wconf 83' lang='lat' dir='ltr'><strong>coniux</strong></span> <span class='ocrx_word' id='word_1_222' title='bbox 1013 3181 1158 3252; x_wconf 88' lang='lat' dir='ltr'><strong>alterurn</strong></span> 
     </span>
    </p>
   </div>
   <div class='ocr_carea' id='block_1_5' title="bbox 227 3274 1160 3645">
    <p class='ocr_par' dir='ltr' id='par_1_6' title="bbox 227 3274 1160 3645">
     <span class='ocr_line' id='line_1_32' title="bbox 227 3274 1160 3363; baseline 0 -21"><span class='ocrx_word' id='word_1_223' title='bbox 227 3275 401 3362; x_wconf 81' lang='lat' dir='ltr'><strong>coniugem</strong></span> <span class='ocrx_word' id='word_1_224' title='bbox 422 3276 462 3342; x_wconf 87' lang='lat' dir='ltr'><strong>ad</strong></span> <span class='ocrx_word' id='word_1_225' title='bbox 480 3294 578 3361; x_wconf 80' lang='lat' dir='ltr'><strong>grave</strong></span> <span class='ocrx_word' id='word_1_226' title='bbox 594 3274 728 3362; x_wconf 82' lang='lat' dir='ltr'><strong>aliquod</strong></span> <span class='ocrx_word' id='word_1_227' title='bbox 748 3285 918 3363; x_wconf 83' lang='lat' dir='ltr'><strong>peceatum</strong></span> <span class='ocrx_word' id='word_1_228' title='bbox 939 3284 1160 3363; x_wconf 84' lang='lat' dir='ltr'><strong>provocatat-</strong></span> 
     </span>
     <span class='ocr_line' id='line_1_33' title="bbox 228 3368 1156 3454; baseline -0.001 -20"><span class='ocrx_word' id='word_1_229' title='bbox 228 3385 294 3454; x_wconf 81' lang='lat' dir='ltr'><strong>que</strong></span> <span class='ocrx_word' id='word_1_230' title='bbox 311 3368 461 3454; x_wconf 88' lang='lat' dir='ltr'><strong>impellit,</strong></span> <span class='ocrx_word' id='word_1_231' title='bbox 480 3369 599 3436; x_wconf 86' lang='lat' dir='ltr'><strong>iustam</strong></span> <span class='ocrx_word' id='word_1_232' title='bbox 625 3368 764 3454; x_wconf 88' lang='lat' dir='ltr'><strong>praebet</strong></span> <span class='ocrx_word' id='word_1_233' title='bbox 790 3389 922 3437; x_wconf 84' lang='lat' dir='ltr'><strong>cansam</strong></span> <span class='ocrx_word' id='word_1_234' title='bbox 956 3368 1156 3436; x_wconf 87' lang='lat' dir='ltr'><strong>divertendi.</strong></span> 
     </span>
     <span class='ocr_line' id='line_1_34' title="bbox 228 3460 1159 3548; baseline 0.001 -22"><span class='ocrx_word' id='word_1_235' title='bbox 228 3460 336 3538; x_wconf 81' lang='lat' dir='ltr'><strong>Ouum</strong></span> <span class='ocrx_word' id='word_1_236' title='bbox 349 3461 436 3527; x_wconf 86' lang='lat' dir='ltr'><strong>euim</strong></span> <span class='ocrx_word' id='word_1_237' title='bbox 457 3462 600 3531; x_wconf 87' lang='lat' dir='ltr'><strong>naturali</strong></span> <span class='ocrx_word' id='word_1_238' title='bbox 615 3460 775 3540; x_wconf 80' lang='lat' dir='ltr'><strong>etdiviun</strong></span> <span class='ocrx_word' id='word_1_239' title='bbox 791 3462 864 3531; x_wconf 87' lang='lat' dir='ltr'><strong>iure</strong></span> <span class='ocrx_word' id='word_1_240' title='bbox 882 3482 949 3530; x_wconf 88' lang='lat' dir='ltr'><strong>non</strong></span> <span class='ocrx_word' id='word_1_241' title='bbox 967 3462 1066 3531; x_wconf 91' lang='lat' dir='ltr'><strong>modo</strong></span> <span class='ocrx_word' id='word_1_242' title='bbox 1083 3480 1159 3548; x_wconf 87' lang='lat' dir='ltr'><strong>per·</strong></span> 
     </span>
     <span class='ocr_line' id='line_1_35' title="bbox 229 3551 1157 3645; baseline 0.003 -27"><span class='ocrx_word' id='word_1_243' title='bbox 229 3551 378 3636; x_wconf 90' lang='lat' dir='ltr'><strong>missum,</strong></span> <span class='ocrx_word' id='word_1_244' title='bbox 400 3553 457 3621; x_wconf 89' lang='lat' dir='ltr'><strong>sed</strong></span> <span class='ocrx_word' id='word_1_245' title='bbox 480 3554 579 3622; x_wconf 88' lang='lat' dir='ltr'><strong>etiam</strong></span> <span class='ocrx_word' id='word_1_246' title='bbox 608 3556 798 3623; x_wconf 90' lang='lat' dir='ltr'><strong>mandatum</strong></span> <span class='ocrx_word' id='word_1_247' title='bbox 821 3556 887 3639; x_wconf 91' lang='lat' dir='ltr'><strong>sit,</strong></span> <span class='ocrx_word' id='word_1_248' title='bbox 913 3566 950 3623; x_wconf 92' lang='lat' dir='ltr'><strong>nt</strong></span> <span class='ocrx_word' id='word_1_249' title='bbox 968 3555 1157 3645; x_wconf 88' lang='lat' dir='ltr'><strong>periculum</strong></span> 
     </span>
    </p>
   </div>
   <div class='ocr_carea' id='block_1_6' title="bbox 0 0 1328 4175">
    <p class='ocr_par' dir='ltr' id='par_1_7' title="bbox 0 0 1328 4175">
     <span class='ocr_line' id='line_1_36' title="bbox 0 0 1328 4175; baseline 0 0"><span class='ocrx_word' id='word_1_250' title='bbox 0 0 1328 4175; x_wconf 95' lang='lat' dir='ltr'><strong> </strong></span> 
     </span>
    </p>
   </div>
  </div>
 </body>
</html>
