2642 4175
262 279 330 337 400
534 291 537 297 ’
598 289 700 334 carun
720 290 762 335 tv.

215 390 421 460 societatem.
440 390 480 457 tt
500 387 587 477 perit
603 388 660 456 illa
680 387 819 456 muetos
843 387 1026 471 indiuidua,
1047 388 1075 457 si
1097 410 1159 458 na-

216 497 289 554 tura
308 502 366 554 sua
388 480 638 551 matrimonium
653 481 765 549 dirimi
780 492 906 570 posset,
922 481 1071 571 tepescit,
1086 482 1158 551 imo

215 584 301 666 pene
318 575 522 664 extinguitur
539 596 645 657 aanor,
659 595 718 645 seo
740 577 931 643 animorum
949 575 1155 659 coniunctio,

215 670 242 739 si
263 669 320 739 uni
340 670 483 739 liberum
504 668 546 737 sit
562 668 604 737 ab
620 668 727 737 altero
747 668 930 751 discedere;
947 681 1062 739 contra
1076 688 1157 739 uero

212 763 392 833 necessitas
410 762 543 832 unionis
558 761 689 830 firmius
704 761 835 829 animos
853 761 998 831 devincit
1011 777 1045 831 et
1058 763 1155 850 ligat.

213 856 307 938 Quod
327 878 405 927 roro
425 855 630 925 matrimonii
651 855 751 923 baem
772 866 917 944 spectat,
941 856 970 924 is
998 875 1157 944 praeser-

215 951 273 1018 tinr
293 964 343 1023 est
362 951 396 1021 in
414 961 502 1020 recta
523 949 628 1039 prolis
647 948 855 1030 educatione,
878 967 964 1038 quae
984 968 1067 1017 sane
1085 949 1158 1018 rin-

214 1044 325 1112 culurn
359 1045 447 1114 inter
478 1042 636 1131 coniuge-a
667 1041 801 1109 firmum
822 1060 862 1110 ec
879 1054 1080 1131 perpetuum
1099 1062 1158 1111 ex·

212 1137 330 1226 poscit.
355 1137 527 1219 Quomodo
547 1137 635 1204 enirn
656 1134 852 1208 certuserit
870 1135 974 1223 prolis
994 1148 1102 1224 pater,
1126 1136 1156 1204 si

212 1251 244 1299 r.
265 1251 298 1320 g.
321 1230 445 1300 mulier
462 1229 595 1317 saepius
616 1229 655 1297 ad
675 1228 809 1297 libitam
839 1228 1025 1316 moedicia,
1047 1229 1157 1316 pluri-

206 1323 276 1393 'bus
294 1324 369 1394 aliis
389 1322 640 1411 coniungatur?
667 1320 747 1401 Quis
775 1321 901 1410 prolem
923 1333 1020 1390 antea
1040 1340 1157 1391 susce·

212 1428 303 1506 ptam
326 1416 453 1488 nutriet
464 1427 499 1485 et
515 1414 687 1485 educabit?
698 1413 777 1495 Quis
793 1432 895 1504 porro
914 1415 1050 1499 iuturus
1068 1429 1157 1484 esset

212 1510 455 1579 discordiarum
476 1508 552 1577 truie
571 1529 640 1578 non
661 1520 788 1577 tantum
809 1508 845 1576 in
863 1507 1012 1590 lamiliis,
1034 1509 1092 1577 sed
1118 1508 1157 1578 in

212 1602 384 1692 republica
419 1601 597 1685 universa,
619 1602 649 1671 si
668 1601 828 1671 dissoluto
849 1600 997 1690 coniugii
1016 1602 1156 1670 loedere

213 1707 246 1764 et
264 1694 386 1765 molior
404 1694 475 1764 siae
494 1694 577 1777 viro,
600 1706 633 1764 et
663 1697 774 1784 proles
793 1695 864 1764 sine
894 1705 987 1763 certe
1006 1708 1102 1784 patre
1121 1709 1157 1783 et

213 1788 324 1859 debita
344 1788 540 1858 educatione
560 1788 718 1858 destituta
753 1788 1032 1877 relinqueretur?
1055 1787 1155 1856 llisce

212 1882 417 1970 gravissimis
438 1882 676 1965 incommodis,
698 1893 736 1949 ut
755 1892 943 1971 opportune
962 1883 1156 1951 consulere·

211 1987 278 2059 tor,
300 1977 516 2046 asserendum
543 1975 698 2056 ridetur,
720 1976 809 2064 quod
827 1975 897 2064 ipsa
917 1987 1058 2044 naturae
1077 1974 1154 2063 lege

212 2068 258 2139 itn
276 2066 424 2160 coniugii
435 2089 546 2139 nexus
564 2069 668 2139 fuerit
684 2068 846 2152 lirmatus,
863 2069 1008 2144 utnulla
1025 2067 1156 2159 privata

211 2165 409 2240 auctoritate
442 2175 542 2254 queat
575 2162 751 2252 disrumpi.
774 2162 857 2234 Vide
886 2163 927 2229 de
948 2160 1073 2234 Benald
1095 2183 1151 2251 op.

211 2256 260 2324 Do
283 2257 414 2328 divorce
434 2279 477 2327 au
495 2256 724 2326 dixneuridme
749 2256 861 2325 siecle.
882 2255 975 2324 Haec
994 2276 1075 2324 sane
1093 2276 1155 2323 na-

213 2361 307 2419 turae
333 2352 441 2438 legem
469 2351 525 2419 din
552 2361 768 2419 semoverunt
797 2348 962 2432 Romani,
985 2348 1153 2439 siquidem

211 2456 368 2512 narrante
397 2443 602 2512 Tertulliano
637 2464 668 2512 c.
703 2442 724 2511 5
751 2442 980 2533 dpolngetici,
1003 2464 1066 2532 per
1084 2440 1153 2510 000

211 2535 286 2603 fere
309 2556 413 2604 annos
432 2537 563 2604 nullum
585 2538 675 2625 apud
698 2536 786 2626 ipsos
815 2535 914 2604 soluti
945 2535 1153 2604 matrimonii

213 2638 340 2715 prostat
365 2630 566 2717 exemplum.
602 2654 616 2696 r
640 2628 703 2698 Ubi
729 2629 882 2724 est,sait
911 2628 998 2697 idem
1019 2628 1153 2697 Tertul-

210 2720 341 2807 lianus,
364 2721 503 2792 lelioitas
528 2723 583 2791 illa
616 2722 903 2792 matrimoniorum
936 2721 977 2789 de
999 2721 1151 2790 moribus

211 2815 329 2905 utique
359 2827 575 2906 prosperata,
603 2836 668 2905 qua
699 2836 887 2905 perennes
917 2812 1153 2883 noeaoeane

212 2910 342 2978 condita
363 2911 494 2978 nullum
518 2910 694 2998 repudium
728 2911 846 2978 domus
872 2907 1042 2976 sensilia
1078 2906 1153 2974 Pri·

213 3023 288 3070 mus
321 3003 472 3086 omnium·
503 3023 639 3071 uxorem
674 3022 768 3070 suam
801 3001 993 3091 repudiasse
1027 3002 1155 3087 legitor

213 3094 353 3185 Spurius
371 3097 524 3165 Calvinus
541 3095 726 3166 sterilitatis
743 3116 853 3177 cansa,
873 3093 982 3183 inquit
998 3094 1154 3161 Valerius

213 3189 371 3259 llanimus
386 3191 409 3257 l.
432 3189 467 3271 0,
486 3212 516 3258 c.
532 3189 565 3274 l,
589 3190 677 3279 tqoi,
696 3189 805 3277 pergit
822 3188 1011 3271 historiens,
1032 3207 1153 3277 quam·

156 3359 159 3360 a
213 3303 312 3372 quam
334 3284 498 3352 tolerabili
523 3303 621 3351 causa
642 3293 753 3351 motus
773 3280 1153 3370 ridebatur,reprehen·

214 3376 306 3445 siene
321 3388 432 3445 tameo
454 3396 520 3446 non
538 3375 656 3457 caruit,
673 3376 751 3465 quia
769 3395 830 3444 nee
846 3375 1061 3463 cupiditatem
1080 3372 1153 3462 qui·

213 3469 286 3537 dem
309 3469 492 3540 liberorum
514 3469 680 3558 coniugali
711 3470 787 3537 fidei
818 3468 972 3558 anteponi
995 3467 1152 3536 debuisse
