2642 4175
490 381 652 425 uenenum
671 382 705 425 11.
955 369 1021 428 513

138 474 274 562 puniam
294 476 482 567 impetrata,
502 479 559 547 sed
580 478 734 561 invalide,
753 477 891 550 Sanctae
912 479 1006 551 Sedis
1024 484 1071 552 di·

51 600 54 607 ’
137 573 343 657 spensatione
360 571 502 640 Perinde
522 572 628 639 volere
645 593 823 660 procurare
839 575 1010 662 dignetur.

191 663 266 732 Vel:
283 663 391 747 Quane
421 665 608 733 humillime
634 667 821 755 supplicant
848 667 1069 740 Dominationi

139 753 294 836 Vestrae,
324 772 360 829 ut
388 780 449 847 pro
470 761 669 849 impetrata,
690 761 747 828 sed
764 760 922 844 invalide,
945 762 1000 832 illa
1020 762 1071 830 di·

137 851 348 1009 {pensatione
362 852 502 941 gratiam
518 853 661 922 Perinde
672 853 781 921 ouleoe
798 854 877 944 ipsis
889 875 1070 944 procurare

159 956 303 1032 ignetur.

193 1038 299 1108 Causa
322 1051 394 1109 est:
418 1037 578 1111 Scandala
601 1051 632 1108 et
649 1039 841 1127 gravissima
869 1042 954 1111 mala
976 1063 1072 1132 prae·

136 1130 328 1202 scindenda.

414 1238 468 1308 die
564 1237 687 1307 mensis
894 1242 973 1310 anui

368 1385 435 1454 NN.
458 1384 686 1455 Confessanius
708 1387 867 1463 eeclesiae

426 1604 781 1618 ψ

132 1807 212 1880 ΧΙΧ.
233 1810 352 1880 Altero
370 1813 515 1898 formula
531 1814 664 1900 petendi
682 1813 931 1902 dispensationis
951 1788 1071 1884 oonuo-

179 1905 373 1974 lidotionem
394 1926 453 1993 pen
473 1903 621 1972 Peninus
640 1905 783 1973 Vannnn.

216 2131 445 2201 lllustnissime
468 2152 506 2200 ao
524 2130 809 2200 Reverendissime
827 2131 986 2214 Domine,

177 2345 291 2415 'Titius
312 2356 346 2415 et
364 2345 472 2427 Titia,
492 2343 657 2412 Dioecesis
678 2355 811 2417 nostrae
830 2343 979 2428 subditi,
1002 2365 1073 2413 ma·

21 2471 22 2520 ς
138 2438 331 2509 trimonium
353 2438 439 2506 inire
456 2438 644 2521 intendunt,
664 2459 739 2505 oum
760 2440 892 2508 obtenta
909 2437 1076 2527 dispensa·

21 2581 22 2608 ,
138 2531 228 2602 tione
250 2533 314 2601 luni
343 2530 477 2602 interni.
499 2533 635 2616 dtvem
653 2533 744 2601 nulla
765 2545 814 2602 est
835 2533 889 2600 illa
909 2529 1076 2621 dispensa·

21 2621 22 2674 ἕ
139 2624 196 2707 tio,
215 2626 294 2717 quia
312 2626 411 2696 simul
429 2625 589 2695 existebat
604 2626 880 2712 impedimentum
903 2626 1073 2715 publicum

140 2719 309 2788 affinitatis
334 2720 469 2788 secundi
489 2722 612 2807 gradus
631 2720 791 2808 aequalis,
813 2721 920 2789 lineae
940 2722 1075 2790 collate·

139 2814 230 2897 ralis
254 2824 363 2881 ortum
382 2834 400 2881 e
416 2814 533 2901 copula
553 2813 730 2882 fornicaria
747 2814 824 2883 Titii
842 2835 919 2881 eum
937 2834 1073 2882 consan-

140 2908 261 2991 guinea
277 2906 382 2975 Titiae
396 2906 430 2973 in
451 2908 566 2975 eodem
581 2909 698 2995 gradu,
716 2929 801 2996 quae
822 2907 1076 2996 quampluri-bus

93 3025 95 3030 ·
142 3011 191 3067 est
207 3013 298 3069 nota.

187 3094 314 3176 Quare,
338 3090 415 3182 quia
437 3090 502 3160 iam
524 3092 564 3161 ab
584 3093 761 3181 apostolica
787 3092 917 3162 Datania
943 3093 1075 3180 dispen·
1099 3175 1103 3178 ι

142 3187 225 3256 satio
246 3188 346 3275 petite
368 3198 417 3255 est
441 3206 542 3274 super
572 3186 629 3254 illo
660 3186 896 3276 impedimento
917 3187 1073 3276 publico,

143 3276 330 3349 humillime
365 3280 552 3369 supplicant
585 3280 832 3350 lllustrissimee
853 3281 1074 3350 Dominationi

142 3368 299 3452 Vestrae,
320 3384 356 3441 ut
374 3395 434 3462 pso
455 3374 654 3462 impetrata,
677 3376 733 3443 sed
756 3374 921 3456 invalide,
940 3373 1002 3442 fori
1025 3374 1075 3442 in·
1193 3411 1198 3420 ·

142 3469 227 3535 tenni
258 3466 526 3554 dispensatione,
551 3488 567 3535 a
590 3464 688 3536 Sama
723 3466 978 3536 Paenitentiania
999 3488 1076 3556 gna-

143 3556 221 3630 tiam
241 3561 383 3630 Perinde
401 3560 527 3641 volere,
548 3560 627 3650 ipsis
647 3581 828 3650 procurare
846 3560 1014 3649 dignetur.

240 3692 278 3746 De
295 3689 457 3746 Matrimonia
948 3741 953 3748 ,
975 3694 1008 3741 33
