2642 4175
497 404 658 449 xrrnmoxx
676 404 698 449 1.
950 395 1015 452 469

131 503 220 573 civili
238 502 486 571 matrimonium
498 501 709 571 contrahunt.
724 501 840 591 Agitur
853 502 908 573 bic
920 504 1068 575 deiuris·

133 597 291 679 dictione,
303 597 431 665 ratione
445 617 672 684 personarum,
690 607 722 665 et
742 609 868 665 certum
884 610 933 669 est
949 599 1064 667 mutri-

134 691 285 760 monium
307 690 421 780 impeti
434 711 541 780 posse,
559 702 733 779 propterea
760 692 848 780 quod
872 692 982 780 sponsi
1003 714 1066 762 neo

132 783 352 866 domicilium,
372 805 433 853 uec
446 784 556 854 sedern
571 784 759 853 Florentiae
773 783 913 873 amplius
928 784 1063 855 babent.

133 878 206 947 Non
225 879 344 946 desunt
361 889 470 946 tamen
490 888 652 959 auctores,
686 877 743 966 qui
773 877 996 959 arbitrantur,
1014 899 1066 947 sa·

135 972 239 1061 pienti
260 970 379 1040 iudicis
400 971 619 1040 aestimationi
647 972 799 1040 relictum
831 992 925 1054 esse,
955 986 1012 1054 ut,
1035 993 1068 1040 o

1185 448 1206 485 0

136 1065 271 1133 mnibus
291 1075 413 1134 attente
445 1063 675 1147 consideratis,
696 1064 897 1133 matrimonii
918 1065 1067 1134 validitas
1187 1146 1190 1159 Ι

130 1159 347 1241 decernatur,
374 1158 402 1227 si
435 1158 476 1227 de
506 1158 636 1247 publico
665 1157 867 1227 matrimonii
896 1158 1067 1228 existentia

29 1326 31 1345 Ξ
132 1253 215 1322 sotis
236 1263 376 1320 constet.

181 1342 218 1414 3.
239 1345 353 1415 Casus.
374 1342 531 1416 Claudius
550 1355 583 1413 et
602 1343 748 1424 Claudia,
776 1343 903 1413 incolae
929 1345 1066 1415 Floren-

135 1439 209 1523 tiui‚
232 1438 368 1508 servatis
387 1437 565 1517 servandis,
586 1438 619 1506 in
646 1439 743 1506 domo
765 1440 990 1525 communali,
1012 1461 1068 1508 cu·

136 1555 208 1602 ram
227 1531 364 1601 alterius
378 1531 439 1599 loci
461 1531 612 1600 ministro
640 1532 738 1614 civili,
769 1554 930 1622 quocum
954 1533 1067 1603 intima

133 1625 367 1696 coniunctione
388 1624 526 1694 devincti
549 1638 653 1710 erant,
670 1627 861 1714 coniugium
884 1627 1063 1697 iniverunt.

136 1720 253 1809 Agitur
273 1720 328 1787 bic
344 1720 383 1787 de
403 1718 544 1787 ministri
567 1719 818 1801 iurisdictione,
838 1722 967 1790 ratione
987 1721 1063 1790 loci.

135 1814 253 1882 Nullus
274 1812 461 1901 ambigendi
483 1813 573 1881 locus
590 1813 814 1902 relinquitur,
842 1815 923 1903 quin
956 1814 1070 1883 matri·

136 1908 287 1975 monium
308 1906 432 1974 aboleri
464 1906 591 1993 possit;
613 1918 663 1974 ast
682 1906 873 1995 quaeritur,
894 1927 935 1974 sn
957 1928 1071 1975 neces·

134 2001 224 2070 serio
239 2000 364 2068 iudices
379 1998 511 2067 irritum
530 2019 601 2068 esse
621 1999 868 2067 matrimonium
890 2000 1070 2068 decernere

138 2094 312 2164 debeant‘l
331 2094 376 2162 De
397 2094 458 2162 bac
478 2094 673 2182 quaestione
695 2093 813 2180 triplex
832 2094 924 2161 adest
944 2105 1072 2161 senten·

136 2190 198 2259 tia.
222 2186 331 2256 Prima
354 2199 465 2276 neget,
488 2207 527 2255 eo
548 2188 635 2276 quod
658 2186 830 2274 dispositio
860 2197 923 2255 art.
945 2183 990 2254 93
1019 2207 1073 2276 ap-

137 2282 256 2371 plicari
275 2277 505 2351 tantummodo
526 2281 624 2351 debet
654 2282 827 2363 ministro,
851 2279 909 2368 qui
946 2281 1073 2348 ratione

133 2396 294 2470 personae
313 2374 575 2443 iurisdictionem
604 2374 715 2443 babet.
750 2373 898 2442 Secunda
929 2374 1074 2443 affirmat

138 2470 288 2551 omnino,
308 2468 340 2535 in
355 2488 431 2536 casu
451 2488 522 2537 esse
542 2468 791 2537 matrimonium
810 2467 968 2537 radicitus
997 2467 1072 2536 irri-

139 2577 223 2645 tum,
247 2561 324 2652 quis
343 2560 493 2630 minister
512 2573 601 2632 extra
638 2561 843 2632 territorium
865 2562 927 2632 sibi
963 2561 1073 2630 subie-

29 2633 31 2744 ἶ
137 2669 230 2726 ctum
249 2668 299 2725 est
318 2656 455 2744 simplex
469 2655 638 2743 privatus,
661 2658 810 2745 adeoque
828 2657 952 2742 nullam
985 2655 1072 2724 actui

140 2752 203 2818 vim
221 2749 371 2818 ooolerre
388 2760 505 2837 potest.
526 2749 635 2818 Tertia
657 2750 790 2818 tandem
824 2749 969 2817 admittit
1005 2770 1074 2816 rna-

141 2843 336 2911 trimonium
371 2841 503 2931 probari
541 2862 659 2928 posse,
689 2842 746 2910 sed
787 2840 886 2909 simul
918 2840 1074 2930 prudenti

29 2951 30 3014 ]
142 2937 290 3006 iudicum
309 2935 447 3004 arbitrio
468 2954 605 3024 prorsus
632 2933 813 3023 permittit,
835 2945 894 3017 ut,
919 2933 1074 3002 omnibus

29 3059 31 3120 3
140 3040 267 3099 attento
289 3028 444 3117 inspectis
457 3079 471 3116 ,y
485 3028 732 3116 matrimonium
762 3028 869 3117 ipsum
905 3026 954 3094 vel
986 3026 1075 3094 infir·

29 3135 30 3148 ³
142 3134 236 3192 ruent
253 3121 303 3190 vel
322 3123 531 3191 confirment.
563 3122 643 3190 Vide
663 3122 812 3191 llercadd
843 3133 868 3189 t.
889 3120 921 3201 l,
939 3141 971 3208 p.
994 3118 1074 3201 tue,
1104 3131 1113 3144 “
1134 3189 1141 3208 ,

29 3259 30 3262 =
142 3215 294 3285 llourlon
316 3227 349 3284 et
369 3211 486 3284 Psillet
505 3217 568 3284 loc.
593 3216 648 3283 cit.

190 3305 285 3377 Unde
305 3329 379 3400 cum
397 3308 549 3378 Carridre
566 3330 600 3377 nt
623 3306 715 3377 tuto
739 3327 913 3397 possumus
930 3304 1074 3386 >conclu·

143 3398 224 3471 dere
249 3403 424 3491 triptotam
442 3424 508 3470 non
537 3404 617 3472 odeo
642 3423 708 3471 esse
737 3402 816 3492 lepis
848 3401 956 3472 civilis
978 3415 1076 3490 ,prae-

142 3496 363 3586 scriptionem,
386 3496 494 3586 quood
510 3495 633 3583 formos
656 3496 832 3585 requisitos
850 3497 888 3563 in
906 3496 1076 3564 matrimo-

142 3591 196 3657 nii
229 3587 453 3671 celebratione,
487 3609 524 3656 oc
554 3589 665 3678 primo
689 3592 795 3676 fronte
814 3590 919 3656 uideri
933 3589 1073 3676 posset.»
