2642 4175
418 337 463 380 nu
479 336 610 380 maruan
629 337 829 382 unsaramma
1005 327 1048 384 89
1104 320 1107 325 '

151 436 219 506 bita
240 446 274 506 et
294 434 481 519 upoussaria
509 433 692 504 intentione
712 435 989 521 administrandi,
1011 438 1098 507 reci·

152 529 336 620 piendiqua
351 528 544 597 huiusmodi
565 527 801 615 Sacramenta,
824 551 891 620 quo
912 552 990 609 casn
1009 533 1097 602 vale·

150 635 206 693 ret
237 623 375 712 quidem
408 622 496 691 iuxta
521 622 581 692 hos
612 635 788 707 auctores,
821 624 1094 708 matrimonium,

152 730 322 808 quatenus
340 727 531 786 contractus
552 727 603 785 est
621 716 787 786 humanus
807 738 846 785 ac
865 717 982 802 oivilis,
1004 739 1097 789 eare-

153 822 206 881 ret
225 822 338 880 tamen
359 809 519 898 dignitate
539 809 756 880 Sacramenti.
787 809 912 880 Similis
931 813 1099 901 repemtur

154 906 243 974 inter
262 905 417 973 dootores
434 903 598 989 scissura3
620 925 661 973 an
683 924 814 993 nempe,
835 906 967 994 quando
987 905 1099 976 Eucle-

152 998 202 1067 sia
223 997 395 1088 prioribus
411 998 552 1067 saeculis
569 998 745 1087 ignorauit,
762 998 910 1086 legitima
927 1000 1099 1068 matrimo-

153 1091 209 1161 nia
228 1091 381 1161 fidelium
405 1110 481 1161 oum
501 1090 715 1173 infidelibus,
736 1112 773 1161 ea
795 1112 870 1161 vera
897 1092 1022 1162 suerint
1042 1091 1100 1161 Sa-

154 1198 325 1255 cramenta
344 1205 383 1254 ea
398 1197 492 1274 parte
508 1185 659 1274 coniugis
675 1185 794 1255 fidelis.
812 1185 884 1254 Non
898 1184 994 1275 pauci
1008 1186 1096 1255 euim
1179 1204 1181 1209 ·

153 1298 231 1349 oum
249 1277 431 1349 Cathariuo
449 1292 483 1348 et
502 1279 672 1348 Dominioo
692 1279 770 1349 Soto
789 1279 821 1348 id
839 1279 1017 1363 affimant,
1041 1280 1098 1348 alii

152 1394 231 1443 varo
251 1394 391 1463 prorsus
409 1372 611 1442 inficiantur.
636 1371 879 1442 scindebantur
898 1373 1044 1464 deniquo
1067 1385 1100 1443 et

154 1466 189 1536 iu
205 1487 248 1536 uo
267 1488 346 1536 casu
366 1520 375 1550 ,
398 1488 464 1557 quo
494 1487 614 1556 nempe
635 1467 883 1536 matrimonium
905 1468 967 1536 snb
987 1468 1101 1537 eondi-

156 1560 248 1630 tioue
264 1573 545 1644 consummatum,
571 1561 760 1630 oondtoone
780 1561 927 1650 impleta,
949 1562 1101 1631 oonrale·

153 1666 236 1738 soat3
257 1653 425 1744 siquidem
443 1655 594 1724 nonnulli
617 1654 867 1724 matrimonium
890 1654 954 1723 hoo
974 1653 1100 1724 habere

153 1749 501 1819 dumtaxatrationem
512 1759 709 1829 commotus,
719 1769 785 1818 oon
795 1747 1011 1833 sacramenti,
1022 1768 1102 1817 oon·

153 1841 349 1923 tendebaut3
368 1842 424 1910 alii
445 1861 521 1911 vero
541 1855 719 1933 utrumque
737 1854 771 1911 et
788 1853 978 1912 oonuaotm
997 1854 1031 1912 et
1047 1841 1101 1911 Sa·

155 1936 320 2006 crementi
340 1935 503 2004 rationem
524 1936 632 2006 eidem
655 1935 867 2006 matrimonio
887 1935 996 2005 inesse
1017 1956 1102 2005 asso-

160 2029 333 2100 vorabant.
351 2028 470 2110 Verum
490 2029 522 2099 in
540 2029 593 2099 lais
611 2029 766 2099 omnihus
779 2028 963 2119 quamlibet
981 2029 1104 2118 ample-

157 2122 201 2192 oti
217 2124 418 2193 senteutiam
437 2125 562 2193 nemini
577 2123 721 2213 amplius
737 2123 832 2204 lieet3
848 2122 1012 2211 siquidem
1026 2122 1105 2190 San·

156 2227 208 2285 ota
225 2215 329 2286 Sedes
343 2217 432 2307 loqui
447 2217 554 2307 coepit
567 2216 736 2298 disertius,
765 2229 798 2286 et
813 2214 1007 2305 praesertim
1025 2214 1103 2283 Pius

156 2308 199 2378 lX
220 2322 337 2399 aperte
358 2312 536 2381 deelaravit
561 2335 576 2379 a
600 2310 829 2380 iuter-lideles
852 2308 1101 2378 matrimonium

160 2424 323 2474 essenon
343 2426 460 2494 posse,
482 2405 564 2494 quin
579 2425 652 2474 uuo
673 2404 859 2493 eodemque
886 2415 1035 2493 tempore
1059 2402 1103 2471 sit

158 2510 448 2567 sacramentum.»
471 2499 516 2567 ld
542 2519 612 2567 rem
629 2499 712 2567 olar.
736 2496 914 2567 Pomone«
937 2496 1102 2566 dellatri-

159 2590 273 2661 monio
292 2591 489 2677 christiano,
511 2592 635 2661 Romae
655 2589 760 2674 1858,
780 2591 839 2660 lib.
860 2590 894 2674 l,
917 2603 997 2661 sect.
1016 2590 1050 2674 l,
1068 2611 1098 2660 e.

159 2683 193 2767 l,
213 2696 279 2753 art.
301 2684 317 2751 l
348 2696 379 2755 et
395 2685 430 2769 d,
453 2685 618 2769 Doctrina,
641 2685 698 2765 ait,
718 2705 804 2775 quaa
821 2686 863 2753 de
880 2695 1050 2755 contractu
1069 2699 1102 2755 et

160 2776 379 2849 Sacramenta
406 2799 508 2848 unam
537 2781 758 2870 eamdemque
791 2797 863 2848 rem
896 2778 1017 2862 efficit,
1050 2790 1101 2847 est

161 2870 314 2940 doctrina
325 2893 415 2956 vero,
429 2885 517 2943 oerta
529 2884 565 2943 et
579 2873 797 2957 catholicam
809 2871 922 2962 opinio
934 2871 1099 2941 contraria

161 2974 214 3034 eat
229 2964 338 3047 ialsa,
364 2966 535 3037 doetrinae
555 2967 755 3056 apostolieae
788 2964 882 3035 Sedis
909 2966 1097 3050 adversans,

160 3077 228 3127 noa
248 3058 389 3148 proinde
414 3062 493 3130 aaut
510 3060 694 3144 catholice,
717 3060 784 3129 imo
804 3060 896 3127 nullo
928 3059 1026 3127 modo
1046 3079 1101 3127 oa·

160 3149 286 3221 thelica
307 3164 370 3222 ast.
397 3176 412 3219 a
437 3178 452 3221 o
475 3154 681 3243 Postquam,
703 3152 816 3222 subdit
845 3150 940 3239 Stupl
966 3148 1098 3234 atta,

161 3243 313 3315 Christus
333 3246 526 3337 coniugium
547 3245 765 3318 sacramentis
787 3263 891 3313 novae
910 3242 995 3331 legis
1010 3242 1101 3313 inse·

162 3337 242 3419 ruit,
259 3352 468 3411 musetum
485 3354 519 3412 et
537 3350 783 3411 sauvamentum
801 3355 958 3427 separare
976 3357 1044 3406 non
1060 3337 1101 3406 li-

162 3442 229 3500 oet.
248 3432 391 3525 Insuper
410 3446 481 3506 tum
502 3434 607 3525 ipsios
631 3445 772 3504 naturae
801 3431 967 3500 humanae
994 3430 1102 3519 digui-

162 3536 224 3606 tas
242 3528 491 3598 tum'saaotitaa
515 3527 664 3616 omingii
698 3526 820 3598 misere
854 3525 1099 3612 pessumdatur,
