2642 4175
292 316 359 382 aad
627 334 732 380 curun
748 335 797 380 111.
1308 371 1309 396 ,

244 435 446 516 constituto,
469 454 508 503 eo
539 432 668 503 scilicet
697 434 820 516 modo,
840 454 907 522 quo
928 435 1095 522 perfectae
1117 434 1189 506 iam

244 530 379 600 tabulae
392 526 527 597 additur
544 528 670 597 caelata
685 547 821 610 corona,
836 528 887 596 vel
904 527 1082 619 phrygium
1101 548 1190 617 opus
1308 595 1309 600 ,

244 622 414 705 vestibus;
450 644 465 686 v
496 622 585 691 unde
610 620 816 690 matrimonii
850 620 1023 704 validitas,
1056 621 1184 705 subdit,

248 741 263 784 a
287 716 483 805 neutiquam
503 735 542 784 ex
560 714 590 783 vi
610 714 811 785 sacramenti
843 715 1099 804 cognoscenda,
1125 717 1187 786 sed
1309 767 1310 772 ,

245 810 332 879 cxvi
352 808 456 878 civilis
473 818 674 892 contractus,
696 829 798 898 quem
815 808 882 878 iam
902 809 1024 878 lactum
1045 820 1079 878 et
1098 809 1185 898 legi·

246 903 379 987 timum,
395 914 428 972 et
441 902 476 970 in
492 923 553 971 suo
574 922 646 972 esse
663 902 887 993 undequaque
907 903 1094 992 perlectum
1108 923 1187 991 sup-

245 997 363 1086 ponit,
395 1007 576 1085 autequam
609 996 825 1085 superveniat
860 1007 1132 1077 sacramentum,
1156 996 1185 1065 si

249 1090 339 1180 quod
358 1103 469 1160 tamen
486 1090 689 1178 supervenit.
704 1112 719 1155 ι
735 1088 803 1158 lam
818 1110 897 1159 vero
912 1088 1097 1166 Concilium
1115 1088 1186 1157 'lri-

249 1185 340 1255 deut.
361 1206 443 1255 sess.
465 1182 559 1252 lxlv
576 1183 611 1252 iu
627 1182 724 1253 Deer.
746 1181 837 1253 Sacr.
859 1183 973 1253 llatr.:
999 1182 1186 1272 cgratiam,

248 1277 317 1361 ait,
339 1300 403 1368 qua
425 1277 614 1346 naturalem
643 1276 739 1345 illum
760 1297 907 1346 amorem
927 1276 1127 1366 perficeret,
1152 1286 1187 1345 et
1311 1337 1312 1358 ,

245 1370 511 1441 indissolubilem
533 1370 694 1439 unitatem
715 1370 939 1454 confirmaret,
957 1370 1186 1459 coniugesque

231 1464 493 1548 sanctificaret,
518 1464 589 1554 ipse
608 1463 758 1534 Christus
786 1464 1030 1534 venerabilium
1066 1463 1186 1533 Sacra·
1312 1507 1313 1552 q

247 1567 439 1626 mentorum
466 1556 637 1626 institutor
670 1569 771 1647 atque
801 1558 965 1647 perfector
996 1578 1055 1628 sua
1087 1555 1187 1626 nobis
1312 1563 1313 1638 t

246 1649 401 1739 passione
415 1650 615 1739 promeruit.
628 1673 643 1715 v
659 1650 766 1739 Igitur
777 1650 806 1721 si
820 1672 879 1740 per
893 1651 1014 1722 Christi
1030 1650 1188 1740 gratiam,
1312 1643 1313 1664 ¹

246 1765 312 1834 qua
332 1744 542 1833 potissimum
563 1743 632 1812 veri
652 1745 851 1813 sacramenti
871 1744 958 1814 ratio
978 1744 1183 1828 continetur,

245 1836 486 1906 indissolubilis
513 1837 649 1920 unitas,
672 1837 889 1922 sivenexus,
912 1838 979 1907 sive
998 1837 1184 1921 vinculum,

245 1931 334 2020 quod
355 1952 393 2000 ex
414 1930 558 2000 maritali
588 1950 752 2000 consensu
773 1944 929 2015 emanat,
950 1931 1184 2017 confirmatur,

246 2023 471 2115 coniugesque
491 2024 752 2106 sanctificantur,
769 2025 866 2115 plane
884 2019 1083 2114 intelligitur
1099 2045 1188 2095 eam·

245 2119 319 2188 dem
347 2119 609 2189 indissolubilem
635 2119 797 2189 unitatem
830 2120 870 2188 ad
906 2119 1113 2189 sacramenti
1134 2120 1187 2187 di·
1314 2166 1315 2217 q

245 2212 407 2301 gnitatem
427 2223 572 2282 evectam
592 2210 709 2283 luisse.
731 2211 905 2283 Praeclare
925 2212 958 2282 S.
978 2213 1124 2282 Thomas
1152 2214 1186 2283 iu

245 2305 280 2391 l,
301 2306 379 2376 dist.
400 2304 457 2390 ld,
480 2329 513 2397 q.
530 2304 563 2390 S,
580 2329 612 2376 a.
633 2303 668 2389 l,
688 2305 728 2374 ad
750 2304 784 2373 l:
805 2331 820 2372 ι
839 2318 931 2379 aolus
952 2306 1133 2377 exteriores
1154 2318 1188 2376 et

245 2399 345 2468 verba
364 2399 580 2489 exprimentia
609 2419 806 2469 consensum
836 2400 962 2470 directe
982 2400 1109 2471 laciunt
1126 2422 1187 2469 ne-

246 2512 325 2560 xum
346 2495 536 2582 quemdam,
557 2493 614 2582 qui
636 2506 687 2562 est
705 2491 955 2567 Sacramentum
972 2488 1186 2574 Matrimonii,

246 2594 280 2653 et
299 2585 489 2654 huiusmodi
510 2605 614 2657 nexus
628 2608 666 2655 ex
678 2586 799 2656 virtute
818 2586 947 2656 divinae
966 2587 1186 2657 institutionis

245 2676 436 2767 dispositive
469 2690 628 2767 operatur
648 2680 689 2748 ad
710 2680 864 2770 gratiam.
890 2704 905 2747 a
929 2680 1045 2769 ltaque
1072 2681 1185 2748 Matri-

244 2770 397 2840 monium
418 2782 451 2840 et
471 2770 722 2842 Sacramentum
743 2793 810 2842 uon
829 2785 907 2843 suut
926 2774 1011 2843 duae
1031 2794 1104 2856 res,
1126 2776 1183 2842 sed

245 2884 311 2933 una
332 2865 527 2954 eademque,
550 2877 719 2956 quatenus
737 2886 840 2935 nexus
862 2867 933 2956 ipse
954 2867 1183 2935 matrimonia·

244 2956 286 3026 lis
305 2956 554 3029 Sacramentum
574 2972 636 3030 est.
657 2958 744 3029 Scite
763 2959 996 3029 animadvertit
1015 2959 1181 3029 Gerdillus

244 3061 342 3122 tract.
363 3052 404 3122 de
423 3053 516 3123 hlatr.
543 3053 624 3122 disc.
648 3054 801 3142 praelim.
825 3064 851 3122 t.
872 3051 939 3137 l5,
960 3052 1183 3122 editlloma·

247 3165 310 3215 nae
325 3143 432 3215 1809:
456 3170 470 3214 r
496 3146 529 3214 Si
551 3145 803 3217 Sacramentum
822 3168 839 3215 a
860 3157 1034 3216 contractu
1065 3147 1182 3217 distin-

247 3252 420 3328 gueretur,
442 3241 541 3329 eique
561 3253 730 3330 tamquam
751 3261 805 3309 res
825 3239 978 3310 distincta
996 3240 1179 3322 accederet,

245 3353 313 3402 non
333 3334 467 3403 dixisset
484 3333 669 3403 Concilium
689 3333 858 3405 Christum
877 3334 994 3402 secisse
1013 3333 1183 3402 Matrimo-

246 3424 339 3494 nium
360 3426 623 3512 Sacramentum,
643 3429 700 3496 sed
721 3428 839 3497 secisse
858 3426 1111 3496 Sacramentum
1132 3426 1183 3493 di·

246 3516 417 3605 stinctum,
440 3531 477 3588 ut
496 3520 736 3610 adiungeretur
764 3519 976 3590 matrimonio
996 3521 1038 3588 ad
1059 3519 1183 3609 imper·
