2642 4175
397 356 441 400 nn
459 354 589 401 unwan
606 356 804 402 unrnruoru
957 346 1021 402 105

129 451 179 521 tin
201 452 379 542 utriusque
395 454 622 525 contrahentis
641 475 751 523 coram
784 454 900 526 eodem
922 456 1069 545 parocho

129 558 163 615 et
186 546 305 615 iisdem
324 546 468 617 testibus
483 548 567 619 sacta
589 547 816 636 dignoscatur.

178 639 273 719 Qtrod
295 651 405 709 autern
427 640 561 710 traditio
582 652 616 710 et
633 640 815 732 acceptatio
836 641 935 712 stiam
957 663 1018 731 per
1035 664 1070 713 e·

58 818 62 822 ,
128 733 287 821 pistolarn
306 754 417 805 coram
444 734 560 805 eodem
579 732 754 819 Pannona,
777 750 810 803 et
835 736 975 807 testibus
995 736 1087 806 deri'

128 827 248 914 possit,
271 827 403 896 duobus
424 827 582 917 exemplis
602 829 747 899 ostendit
774 827 920 901 Sanchen
939 830 1001 901 lib.
1022 828 1067 913 2,

128 920 171 988 de
188 920 336 990 diatrim.
367 920 454 1009 disp.
479 919 548 1003 19,
570 942 604 995 n.
627 919 661 989 3.
686 921 834 995 Primum
856 932 919 995 est.
938 922 971 995 si
990 935 1069 1012 puta

130 1012 232 1083 Caius
252 1014 428 1102 epistolam
463 1015 586 1085 scribat
619 1015 657 1087 ad
688 1015 828 1085 Maniam
844 1064 858 1100 ,J
876 1036 983 1106 eaque
1002 1036 1079 1085 non.

128 1107 237 1181 solum
260 1107 361 1179 Caius
380 1128 501 1197 corpus
531 1129 656 1193 suum,
677 1129 715 1177 nc
736 1129 832 1183 usum
866 1109 1069 1185 matrimonii

128 1201 253 1286 tradat,
276 1202 335 1271 sed
355 1200 515 1273 etiem‘ex
533 1212 624 1286 tune,
644 1201 755 1287 utait,
778 1202 991 1277 traditionem
1007 1201 1069 1271 sibi

128 1314 146 1361 a
167 1293 276 1367 Meuia
297 1294 482 1367 faciendam
503 1306 661 1384 acceptet,
683 1295 746 1365 hnc
767 1296 800 1368 in
821 1317 899 1369 casu
919 1295 946 1365 si
964 1295 1070 1367 Mania

128 1387 306 1476 epistolant
327 1387 432 1477 ipsam
450 1409 564 1461 *coram
585 1389 735 1459 Parocho
756 1401 789 1459 ct
805 1390 948 1461 testibus
967 1388 1067 1478 legat,

129 1492 164 1549 et
178 1481 397 1557 traditionem
414 1481 475 1553 sibi
497 1504 514 1551 a
532 1481 612 1553 Caio
629 1484 747 1553 saetam
766 1494 926 1574 acceptet,
949 1483 1071 1553 utrius

127 1596 195 1663 que
218 1574 356 1644 traditio
376 1587 410 1643 et
428 1576 611 1665 acceptatio
633 1577 718 1646 facta
738 1598 852 1647 revera
873 1576 939 1651 erit
957 1596 1068 1647 coram

127 1669 250 1745 endam
271 1667 447 1751 Perocho,
470 1680 503 1737 et
536 1669 675 1741 testibus
695 1669 825 1743 iisdem.
845 1671 994 1745 Alterum
1015 1689 1070 1738 er·

126 1763 280 1851 emplum
300 1772 363 1835 cst.
386 1760 538 1835 SiMcnia
560 1774 736 1857 postquam
755 1762 1068 1855 accepitepistnlom

127 1877 145 1922 n
167 1854 264 1940 Caio,
288 1877 354 1945 qua
375 1854 510 1946 scripsit
528 1877 564 1927 se
583 1859 735 1947 occipere
753 1858 845 1929 iilam
867 1857 900 1931 in
918 1876 1067 1937 uxorem,

127 1950 294 2021 rescribat
330 1950 371 2019 nd
403 1949 556 2033 eumdem
577 1950 691 2023 Caium
725 1971 760 2021 se
794 1963 966 2040 acceptare
998 1949 1070 2021 eius

127 2043 345 2116 traditionem
371 2054 404 2114 et
422 2042 564 2114 uicissim
585 2065 620 2116 se
637 2044 687 2115 ilii
706 2042 741 2112 in
759 2064 895 2114 uxorem
915 2043 1069 2121 tradere,

132 2136 220 2212 hanc
241 2137 368 2208 Maniae
389 2137 570 2225 Epistulam
603 2138 631 2208 si
664 2137 761 2208 Caius
781 2157 890 2206 coram
922 2133 1070 2208 Parncho

128 2242 162 2302 et
196 2230 339 2304 tostinus
371 2228 546 2314 exhibeat,
569 2243 602 2299 et
621 2229 721 2302 simui
741 2250 852 2300 coram
879 2228 1003 2298 eisdem
1022 2227 1068 2300 ,in

128 2323 225 2398 iilam.
243 2324 458 2398 traditiouern
492 2323 704 2406 consentiat,
729 2323 792 2396 inm
813 2321 947 2394 traditio
969 2332 1003 2392 et
1020 2340 1070 2388 ac·

127 2418 271 2508 captatio
299 2438 415 2490 ¹corarn
449 2418 565 2486 endem
598 2417 745 2509 parocho
772 2429 806 2492 et
842 2415 980 2492 testibus
1006 2412 1070 2484 fuit

127 2514 267 2601 expleta,
290 2510 417 2584 Maniae
438 2510 573 2601 quiden
594 2533 656 2599 per
676 2511 850 2608 epistolam
868 2509 909 2578 ab
929 2529 967 2584 eu
988 2509 1069 2584 scri-

126 2615 227 2694 ptam,
246 2605 318 2676 Gaii
340 2614 451 2676 autem
467 2625 528 2694 per
545 2604 711 2676 verbalem
734 2624 946 2682 consensum.

373 2791 378 2798 ’
454 2829 456 2833 ’
549 2825 639 2917 aas.

328 3005 338 3018 ³
399 2986 443 3044 lte
462 2935 611 3046 oeusaum
630 2982 775 3046 uuoltin

170 3164 253 3236 Cum
285 3163 400 3252 itaque
425 3182 605 3238 cousensus
633 3160 899 3236 contrahentium
933 3159 967 3234 in
999 3159 1068 3248 pri·

129 3257 191 3330 nis
209 3257 348 3349 nuptias
364 3255 483 3337 iaciat,
503 3256 562 3328 ubi
582 3256 757 3330 amborum
778 3265 836 3323 ant
867 3251 967 3328 unius
990 3271 1067 3320 con·

129 3371 244 3424 sensus
278 3349 410 3434 daedcit,
432 3349 568 3441 nuptiae
599 3349 712 3422 nullae
748 3357 837 3420 sunt.
872 3344 984 3417 Potest
1007 3365 1069 3452 'au-

129 3455 192 3514 tan
213 3464 397 3522 consensus
417 3443 542 3527 deesse,
560 3443 610 3514 vel
631 3441 708 3533 quia
729 3460 790 3532 per
809 3458 971 3526 errorem,
986 3460 1066 3536 ram,

130 3549 305 3623 metumve,
327 3547 385 3608 aut
405 3536 477 3610 sine
496 3536 606 3607 debita
625 3534 817 3624 cognitione
834 3533 931 3606 datus
950 3543 1012 3613 est,
1027 3540 1069 3600 de
