2642 4175
299 376 363 433 102
647 385 747 431 curua
765 385 799 429 ιι.

249 483 408 536 recentiores
432 482 460 535 S.
479 481 629 550 ,tiphonem
645 479 678 532 de
704 480 808 548 Ligoaio
829 502 840 526 ι
861 479 930 531 Diae.
949 478 982 531 de
999 477 1123 543 Matrim„
1142 481 1194 532 Co·

250 559 305 611 vini
326 580 338 604 ι
358 558 425 612 Diae.
451 557 492 610 dei
516 557 634 611 Ministro
657 556 700 608 del
729 555 914 618 Matrimouio,
938 554 1049 608 Vernier
1068 579 1079 603 ι
1099 555 1193 608 Theoi.

212 660 215 667 ’
250 645 334 704 praet.
352 653 380 688 u.
399 639 445 687 82!
463 671 472 698 ,
490 632 573 686 Henr·
590 633 655 685 Kiee
677 654 688 679 ι
707 632 858 684 Dissertatio
875 630 1021 700 dogmatica
1039 632 1191 684 arohaeolo·

250 714 307 781 gira
327 735 339 759 ι
361 712 430 780 Mag.
449 716 532 774 taaa,
550 710 664 761 Peri-one
685 730 696 754 ι
716 708 754 761 De
777 708 940 761 Matrimonia
958 725 1017 778 cap.
1037 715 1063 771 t,
1081 709 1098 778 3
1116 713 1148 760 55
1167 719 1194 761 et
1273 705 1279 716 '

249 807 335 860 seqq„
351 813 362 836 ι
382 789 500 841 tiara-oen
521 788 581 840 «De
598 786 636 839 ue
649 801 717 838 eaor.
736 796 755 838 t.
770 791 785 837 t
798 785 830 837 de
844 784 955 839 Matrim.
970 802 994 837 e.
1012 795 1039 849 t,
1058 803 1131 854 prop.
1147 793 1158 838 t
1178 810 1191 832 »

250 868 345 920 Romae
359 870 438 929 1858,
455 866 552 934 aliique
570 865 674 933 panim.
687 862 797 915 Diffiteai
815 872 965 916 tamennon
981 878 1116 931 ponamus
1128 862 1195 917 Cani

246 944 372 1012 opinioni
388 960 415 994 ee
433 942 580 994 adiunxisse
608 957 697 994 omoee
720 940 908 992 ecclesiastiae
932 939 1065 1013 potestatis
1089 956 1199 1002 osores,

253 1035 343 1072 omnen
361 1019 407 1087 qui
425 1020 536 1072 trasanii
555 1027 651 1071 sectam
681 1017 785 1086 sequuti
804 1026 884 1081 aunt,
902 1026 948 1069 aut
972 1017 1122 1069 lauoeniauo
1138 1017 1194 1070 ter·
1258 1042 1261 1049 ·

253 1105 341 1148 mento
359 1094 516 1165 turgebant,
548 1112 637 1148 omnen
654 1094 759 1146 demum
774 1129 782 1156 ‚
800 1094 847 1161 qui
865 1111 892 1145 ee
922 1094 1058 1146 Curiorum
1077 1093 1195 1146 civilium

250 1173 370 1242 partibus
388 1172 562 1235 addixerunt,
581 1181 626 1223 aut
645 1187 811 1238 quocumque
830 1170 906 1228 ruodo
924 1171 1044 1238 potiticae
1062 1172 1200 1239 potestatis

250 1259 423 1305 assentatores
440 1250 501 1302 faeti
519 1258 591 1311 aunt,
609 1257 638 1300 ut
656 1249 692 1300 uit
709 1248 774 1300 eiar.
794 1247 974 1300 Liebermaun.

673 1526 768 1618 aaa.

486 1700 531 1757 lie
549 1714 700 1783 oonaonen
720 1699 954 1756 Matrimontatt.

302 1877 406 1966 Vulgo
426 1877 570 1946 traditur
582 1876 839 1951 matrimonium
872 1895 1036 1946 consensu
1061 1877 1194 1965 perfici,

255 1993 321 2061 quo
342 1970 549 2060 significatur
568 1986 698 2041 caetera
718 1970 828 2039 omnia
853 1970 945 2039 irrita
966 1990 1058 2052 esse,
1073 1970 1099 2038 si
1118 1992 1197 2040 eon·

254 2085 371 2136 sensus
392 2066 566 2156 utriusque
587 2064 739 2154 coniugis
762 2063 917 2134 defuerit.
941 2063 996 2132 Est
1017 2076 1126 2135 autem
1151 2067 1194 2134 att

255 2159 457 2229 matrimonii
483 2163 628 2229 valorem
658 2170 794 2227 mutuus
823 2158 884 2227 iste
909 2177 1089 2227 consensus
1108 2160 1195 2229 adeo

254 2254 478 2335 necessarius,
504 2264 540 2321 ut
558 2253 630 2321 eius
651 2253 799 2322 detectus
819 2252 909 2320 nulia
930 2251 1075 2320 humana
1097 2265 1193 2341 pote-

68 2415 71 2430 ,
163 2431 169 2436 a
254 2358 338 2416 state
356 2347 423 2416 sive
440 2346 541 2428 civili,
557 2345 624 2414 aire
644 2346 744 2414 etiam
766 2344 986 2414 ecelesiastica
1002 2358 1103 2434 queat
1117 2367 1196 2435 sup·

257 2439 355 2528 pleri.
378 2441 427 2506 An
447 2458 525 2507 vero
545 2458 604 2526 per
635 2439 833 2522 absolutam,
858 2438 1030 2523 utrium,
1054 2438 1110 2508 Dei
1131 2461 1195 2528 po·

244 2531 418 2615 tentiam,
441 2531 566 2620 absque
587 2544 703 2602 mutuo
724 2532 991 2601 contrahentium
1026 2552 1192 2603 consensu

257 2624 370 2713 possit
394 2623 645 2694 matrimonium
677 2625 883 2709 subsistere,
907 2625 1070 2694 acerrime
1102 2627 1196 2695 inter

257 2717 409 2787 doctores
436 2717 636 2807 disputatur.
658 2718 768 2789 Otiose
790 2718 950 2809 quidem,
972 2730 1030 2787 aut
1055 2740 1196 2808 prorsus

256 2810 384 2879 inutilis
404 2811 486 2881 haee
503 2823 553 2882 est
571 2813 763 2902 disputatio,
792 2833 867 2882 eum
897 2813 1025 2880 nullum
1049 2813 1193 2901 proferri

258 2924 353 2992 posse
373 2904 523 2974 videatur
540 2908 738 2996 exemplum,
756 2927 822 2996 quo
839 2906 943 2975 Deum
961 2905 1023 2975 hae
1041 2906 1198 2976 absoluta

257 3018 315 3066 sua
336 2999 483 3087 potentia
505 2999 684 3089 aliquando
704 3017 801 3069 usum
824 2998 925 3069 tuisse
945 3012 1035 3069 certe
1055 3001 1198 3081 demon,-

256 3102 395 3161 stretur.
416 3094 457 3161 tt
490 3114 693 3183 quamquam
727 3114 907 3164 consensus
941 3092 1193 3162 matrimonium

257 3182 1112 3269 vareettieiat,n0ntamensotussuffioiensest.Nem
1125 3207 1203 3254 ma-
1311 3183 1312 3224 ³

256 3279 451 3347 trimonium
473 3300 539 3348 non
559 3280 665 3350 valide
685 3281 905 3364 contrahitur,
927 3280 990 3349 nisi
1012 3299 1197 3349 consensus

254 3372 328 3460 ipse
348 3392 458 3442 eoram
479 3373 627 3445 Paroeho
648 3385 679 3443 et
700 3375 807 3444 tribus
825 3374 1025 3445 veiduobus
1037 3368 1194 3458 testibus,

260 3463 318 3551 ubi
335 3464 435 3535 Cone.
457 3466 548 3536 rrit.
571 3468 661 3538 deor.
682 3468 886 3559 publicatum
903 3480 963 3550 est,
976 3467 1196 3557 exprimatur,

259 3557 388 3648 ipsique
409 3560 642 3631 contrahentes
661 3563 752 3632 omui
774 3562 1013 3653 impedimento
1046 3574 1204 3645 careant,
