2642 4175
286 371 328 427 74
632 380 736 427 carus
755 382 776 425 1.

240 493 364 551 tractus
379 479 564 570 sponsalitii
580 478 673 547 sitin
692 476 899 568 possessione
914 475 997 546 iuris
1011 473 1180 565 acquisiti,

239 585 278 644 ut
305 569 481 665 promissio
501 573 707 662 impleatur;
729 572 764 642 in
783 571 885 640 dubio
917 581 1028 640 autem
1051 567 1180 638 nemini

239 668 288 737 ias
307 680 357 738 est
387 667 522 757 propria
542 678 576 736 et
605 666 730 755 privata
757 665 954 735 auctoritate
973 663 1116 732 alterum
1136 661 1179 731 de

113 803 117 812 ι
241 762 452 851 possessione⁴
466 760 520 830 sni
536 759 620 829 iuris
637 759 828 841 deturbare,
852 758 909 827 sed
929 756 1050 826 Iudicis
1069 764 1180 824 aucto·

241 854 322 924 ritas
337 856 536 945 postulatur.
551 852 600 921 Ad
616 851 779 936 Canones,
794 851 852 941 qui
872 863 985 921 contra
1006 849 1179 939 proferun-

242 959 309 1031 tur,
331 948 511 1039 respondet
538 945 685 1018 Sanchea
704 946 764 1015 lib.
787 945 830 1029 l,
851 944 939 1034 disp.
970 941 1027 1025 59,
1048 963 1083 1011 n.
1104 940 1144 1008 lt
1167 962 1175 1008 :

245 1042 395 1112 «Came
426 1042 497 1111 Duo
528 1039 632 1110 Portu
665 1038 814 1129 loquitur
843 1039 883 1108 de
904 1034 1116 1107 matrimonio
1136 1035 1179 1103 de

241 1136 434 1224 praesenti,
459 1155 477 1204 a
504 1155 572 1222 quo
591 1135 676 1203 alter
701 1133 820 1203 coniux
843 1143 1027 1201 recesserat
1053 1129 1178 1218 absque

241 1249 365 1313 cansa,
399 1242 438 1299 ut
468 1229 558 1298 clare
589 1238 717 1297 constat
740 1248 779 1296 ex
798 1236 900 1295 textu.
931 1225 979 1294 dd
1011 1223 1178 1294 Ganonem

241 1321 289 1390 [ln
318 1341 403 1391 tants
431 1323 529 1403 dico,
560 1321 649 1391 nolle
676 1332 826 1402 textum,
850 1339 922 1389 esse
954 1315 1179 1388 necessarium

241 1414 408 1486 Ecclesiae
424 1413 604 1496 iudicium,
625 1415 683 1484 sed
703 1426 833 1483 tantum
856 1412 989 1494 iubere,
1011 1424 1049 1480 ut
1070 1409 1182 1478 Eccle-

241 1509 396 1578 siasticus
429 1509 554 1588 ludex,
580 1506 608 1576 si
642 1527 753 1577 coram
782 1506 854 1596 ipso
881 1505 1033 1595 impubes
1062 1504 1181 1591 adepta

242 1603 420 1691 pubertate
453 1600 707 1685 reclamaverit,
739 1621 816 1671 eum
840 1610 985 1688 separet.
1003 1622 1017 1665 s
1039 1598 1181 1685 Compa-

240 1695 327 1765 ratio
363 1705 475 1766 autem
508 1694 713 1785 sponsalium
743 1714 819 1763 curn
852 1691 1064 1762 matrimonio
1095 1688 1181 1759 nihil

241 1788 321 1858 iacit
336 1790 385 1858 aid.
397 1789 483 1858 hano
502 1808 593 1871 rem,
617 1788 695 1877 qnia
713 1787 962 1856 matrimonium
983 1798 1100 1855 natura
1119 1805 1181 1853 sua

241 1894 440 1970 perpetuum
471 1895 503 1954 ct
535 1881 764 1951 indissolubile
793 1893 855 1950 est.
883 1879 1104 1959 Quamobrem
1125 1898 1181 1946 ex·

240 1975 356 2064 pedire
380 1997 448 2046 non
471 1976 665 2058 videbatur,
685 1985 722 2044 ut
744 1974 777 2042 in
797 1984 958 2063 potestate
976 1972 1183 2043 vcontraben-

241 2068 324 2139 tium
339 2081 428 2140 csset
438 2069 662 2140 arctissimum
676 2068 758 2139 illud
768 2067 934 2137 vinculum
950 2067 1083 2158 proprio
1097 2085 1184 2135 mar·

241 2173 274 2232 te
290 2163 504 2253 abrumpere;
528 2164 636 2232 mains
655 2162 755 2232 etiarn
773 2161 807 2230 in
826 2160 1038 2232 matrimonio
1054 2159 1184 2251 perieu-

241 2258 314 2326 lum
334 2271 386 2329 est
403 2257 570 2326 abusoum
592 2269 627 2327 et
644 2255 891 2325 scandalorum.

664 2479 681 2569 a
711 2475 772 2547 aa.

319 2632 365 2689 lta
380 2631 510 2705 bannis,
529 2647 584 2693 seu
602 2633 886 2695 denuntiationibus
903 2633 1104 2692 latrlnonll.

293 2806 462 2897 Sponsalia
481 2824 668 2900 sequuntur
684 2811 960 2902 proclamationes
979 2832 1039 2882 seu
1053 2811 1182 2881 denun-

244 2901 420 2985 tiationes,
443 2925 529 2993 quae
554 2904 661 2977 banna
690 2905 789 2974 etiam
816 2905 977 2995 appellari
1003 2924 1183 2975 consuere·

244 3007 335 3079 runt,
356 3015 571 3085 rapueram,
591 3019 679 3088 quac
693 2997 860 3069 Gallorum
880 2998 1015 3089 propria
1037 3009 1098 3082 est,
1118 3019 1184 3087 pu-

245 3087 330 3158 blica
352 3090 457 3160 edicta
477 3104 731 3183 nuncupantur,
754 3113 841 3183 quae
859 3092 1049 3182 propiorem
1066 3090 1183 3161 matri·

247 3182 360 3253 monio
380 3183 464 3252 viam
486 3198 615 3273 parant.
649 3185 941 3259 Denuntiatiouum
962 3185 1126 3273 originem
1147 3183 1182 3251 in

248 3275 394 3345 Ecclesia
414 3277 678 3367 antiquissimam
687 3300 862 3351 esseuemo
871 3278 1013 3362 dubitat;
1026 3277 1182 3367 quinimo

247 3368 394 3457 ipsarum
414 3370 550 3459 vestigia
570 3372 721 3445 nonnulli
741 3371 804 3442 sibi
832 3371 892 3443 visi
921 3383 999 3443 suut
1018 3370 1183 3441 invenisse
1250 3450 1261 3469 „

245 3463 334 3550 apud
355 3463 595 3537 Tertullianum
618 3468 658 3537 de
679 3464 842 3538 Pudicitia
862 3487 894 3535 c.
911 3465 945 3534 lt.
970 3464 1047 3534 Vide
1073 3463 1184 3537 laeni-

247 3574 327 3623 num
349 3555 430 3626 diss.
451 3556 496 3649 to
509 3559 550 3629 de
564 3561 640 3633 Mat.
661 3582 694 3649 q,
711 3558 746 3639 5,
761 3581 791 3629 e.
807 3558 841 3628 ἓ.
860 3558 1044 3633 Concilium
1056 3557 1185 3635 Latera·
