<?xml version="1.0" encoding="UTF-8"?>
<!DOCTYPE html PUBLIC "-//W3C//DTD XHTML 1.0 Transitional//EN"
    "http://www.w3.org/TR/xhtml1/DTD/xhtml1-transitional.dtd">
<html xmlns="http://www.w3.org/1999/xhtml" xml:lang="en" lang="en">
 <head>
  <title>
</title>
<meta http-equiv="Content-Type" content="text/html;charset=utf-8" />
  <meta name='ocr-system' content='tesseract 3.04.00' />
  <meta name='ocr-capabilities' content='ocr_page ocr_carea ocr_par ocr_line ocrx_word'/>
</head>
<body>
  <div class='ocr_page' id='page_1' title='image "./septimiimariaev00veccgoog_0220.png"; bbox 0 0 2642 4175; ppageno 0'>
   <div class='ocr_carea' id='block_1_1' title="bbox 256 350 855 427">
    <p class='ocr_par' dir='ltr' id='par_1_1' title="bbox 256 350 855 427">
     <span class='ocr_line' id='line_1_1' title="bbox 256 350 855 427; baseline 0.007 -21"><span class='ocrx_word' id='word_1_1' title='bbox 256 350 321 426; x_wconf 60' lang='lat' dir='ltr'>lde</span> <span class='ocrx_word' id='word_1_2' title='bbox 415 351 424 427; x_wconf 69' lang='lat' dir='ltr'>j</span> <span class='ocrx_word' id='word_1_3' title='bbox 586 362 687 426; x_wconf 71' lang='lat' dir='ltr'>ctrtp</span> <span class='ocrx_word' id='word_1_4' title='bbox 702 362 753 424; x_wconf 83' lang='grc' dir='ltr'><strong>ιιι.</strong></span> <span class='ocrx_word' id='word_1_5' title='bbox 852 417 855 422; x_wconf 43' lang='grc'>,</span> 
     </span>
    </p>
   </div>
   <div class='ocr_carea' id='block_1_2' title="bbox 204 458 1142 1016">
    <p class='ocr_par' dir='ltr' id='par_1_2' title="bbox 204 458 1142 1016">
     <span class='ocr_line' id='line_1_2' title="bbox 204 458 1142 566; baseline -0.002 -37"><span class='ocrx_word' id='word_1_6' title='bbox 204 460 386 548; x_wconf 90' lang='lat' dir='ltr'>publicum</span> <span class='ocrx_word' id='word_1_7' title='bbox 394 460 521 529; x_wconf 91' lang='lat' dir='ltr'>hunum</span> <span class='ocrx_word' id='word_1_8' title='bbox 542 459 730 552; x_wconf 70' lang='lat' dir='ltr'><strong>pertinente</strong></span> <span class='ocrx_word' id='word_1_9' title='bbox 749 458 849 542; x_wconf 85' lang='lat' dir='ltr'>lactas</span> <span class='ocrx_word' id='word_1_10' title='bbox 867 458 1012 530; x_wconf 49' lang='lat' dir='ltr'>luisses</span> <span class='ocrx_word' id='word_1_11' title='bbox 1005 479 1142 566; x_wconf 87' lang='lat' dir='ltr'>msuper</span> 
     </span>
     <span class='ocr_line' id='line_1_3' title="bbox 205 535 1138 642; baseline 0 -21"><span class='ocrx_word' id='word_1_12' title='bbox 205 553 350 624; x_wconf 79' lang='lat' dir='ltr'>adiectas</span> <span class='ocrx_word' id='word_1_13' title='bbox 364 552 475 622; x_wconf 88' lang='lat' dir='ltr'>luisse</span> <span class='ocrx_word' id='word_1_14' title='bbox 479 556 685 642; x_wconf 83' lang='lat' dir='ltr'>opportunas</span> <span class='ocrx_word' id='word_1_15' title='bbox 703 535 861 632; x_wconf 77' lang='lat' dir='ltr'>cautelas,</span> <span class='ocrx_word' id='word_1_16' title='bbox 880 562 948 620; x_wconf 90' lang='lat' dir='ltr'>tum</span> <span class='ocrx_word' id='word_1_17' title='bbox 966 573 1009 620; x_wconf 87' lang='lat' dir='ltr'>ua</span> <span class='ocrx_word' id='word_1_18' title='bbox 1021 552 1138 622; x_wconf 81' lang='lat' dir='ltr'>conius</span> 
     </span>
     <span class='ocr_line' id='line_1_4' title="bbox 205 640 1138 735; baseline 0.001 -21"><span class='ocrx_word' id='word_1_19' title='bbox 205 646 386 730; x_wconf 78' lang='lat' dir='ltr'>catholicus</span> <span class='ocrx_word' id='word_1_20' title='bbox 411 646 453 715; x_wconf 90' lang='lat' dir='ltr'>ah</span> <span class='ocrx_word' id='word_1_21' title='bbox 473 645 640 728; x_wconf 81' lang='lat' dir='ltr'>haeretico</span> <span class='ocrx_word' id='word_1_22' title='bbox 660 645 802 735; x_wconf 83' lang='lat' dir='ltr'>perverti</span> <span class='ocrx_word' id='word_1_23' title='bbox 825 640 957 734; x_wconf 87' lang='lat' dir='ltr'>posset,</span> <span class='ocrx_word' id='word_1_24' title='bbox 977 645 1060 734; x_wconf 85' lang='lat' dir='ltr'>quin</span> <span class='ocrx_word' id='word_1_25' title='bbox 1082 668 1138 735; x_wconf 88' lang='lat' dir='ltr'>po·</span> 
     </span>
     <span class='ocr_line' id='line_1_5' title="bbox 206 738 1140 828; baseline 0.003 -21"><span class='ocrx_word' id='word_1_26' title='bbox 206 739 271 818; x_wconf 88' lang='lat' dir='ltr'>tius</span> <span class='ocrx_word' id='word_1_27' title='bbox 303 740 360 810; x_wconf 89' lang='lat' dir='ltr'>ille</span> <span class='ocrx_word' id='word_1_28' title='bbox 385 739 490 809; x_wconf 87' lang='lat' dir='ltr'>teneri</span> <span class='ocrx_word' id='word_1_29' title='bbox 511 760 546 812; x_wconf 89' lang='lat' dir='ltr'>se</span> <span class='ocrx_word' id='word_1_30' title='bbox 575 739 675 807; x_wconf 85' lang='lat' dir='ltr'>sciret</span> <span class='ocrx_word' id='word_1_31' title='bbox 703 739 743 807; x_wconf 90' lang='lat' dir='ltr'>ad</span> <span class='ocrx_word' id='word_1_32' title='bbox 763 738 864 806; x_wconf 89' lang='lat' dir='ltr'>huno</span> <span class='ocrx_word' id='word_1_33' title='bbox 861 759 932 828; x_wconf 88' lang='lat' dir='ltr'>pro</span> <span class='ocrx_word' id='word_1_34' title='bbox 945 738 1081 808; x_wconf 84' lang='lat' dir='ltr'>viribus</span> <span class='ocrx_word' id='word_1_35' title='bbox 1098 741 1140 810; x_wconf 90' lang='lat' dir='ltr'>ab</span> 
     </span>
     <span class='ocr_line' id='line_1_6' title="bbox 205 831 1140 920; baseline 0.002 -19"><span class='ocrx_word' id='word_1_36' title='bbox 205 853 319 903; x_wconf 84' lang='lat' dir='ltr'>errore</span> <span class='ocrx_word' id='word_1_37' title='bbox 341 833 605 913; x_wconf 85' lang='lat' dir='ltr'>retrahendum,</span> <span class='ocrx_word' id='word_1_38' title='bbox 625 843 695 920; x_wconf 86' lang='lat' dir='ltr'>turn</span> <span class='ocrx_word' id='word_1_39' title='bbox 716 831 813 902; x_wconf 89' lang='lat' dir='ltr'>etiam</span> <span class='ocrx_word' id='word_1_40' title='bbox 836 842 872 900; x_wconf 93' lang='lat' dir='ltr'>ut</span> <span class='ocrx_word' id='word_1_41' title='bbox 889 833 1006 920; x_wconf 87' lang='lat' dir='ltr'>proles</span> <span class='ocrx_word' id='word_1_42' title='bbox 1012 832 1140 903; x_wconf 90' lang='lat' dir='ltr'>utrius·</span> 
     </span>
     <span class='ocr_line' id='line_1_7' title="bbox 204 915 1140 1016; baseline -0.001 -20"><span class='ocrx_word' id='word_1_43' title='bbox 204 947 278 1016; x_wconf 85' lang='lat' dir='ltr'>que</span> <span class='ocrx_word' id='word_1_44' title='bbox 287 947 382 998; x_wconf 81' lang='lat' dir='ltr'>serus</span> <span class='ocrx_word' id='word_1_45' title='bbox 398 947 438 997; x_wconf 85' lang='lat' dir='ltr'>cx</span> <span class='ocrx_word' id='word_1_46' title='bbox 456 948 496 997; x_wconf 86' lang='lat' dir='ltr'>eo</span> <span class='ocrx_word' id='word_1_47' title='bbox 514 915 726 996; x_wconf 86' lang='lat' dir='ltr'>matrimonio</span> <span class='ocrx_word' id='word_1_48' title='bbox 746 925 978 1015; x_wconf 85' lang='lat' dir='ltr'>procreanda</span> <span class='ocrx_word' id='word_1_49' title='bbox 970 947 1004 994; x_wconf 90' lang='lat' dir='ltr'>m</span> <span class='ocrx_word' id='word_1_50' title='bbox 1023 926 1140 998; x_wconf 86' lang='lat' dir='ltr'>Catho-</span> 
     </span>
    </p>
   </div>
   <div class='ocr_carea' id='block_1_3' title="bbox 82 1018 1137 1109">
    <p class='ocr_par' dir='ltr' id='par_1_3' title="bbox 82 1018 1137 1109">
     <span class='ocr_line' id='line_1_8' title="bbox 82 1018 1137 1109; baseline 0.001 -23"><span class='ocrx_word' id='word_1_51' title='bbox 82 1067 86 1078; x_wconf 76' lang='lat'><em>.</em></span> <span class='ocrx_word' id='word_1_52' title='bbox 202 1021 287 1090; x_wconf 88' lang='lat' dir='ltr'>licae</span> <span class='ocrx_word' id='word_1_53' title='bbox 306 1020 488 1109; x_wconf 82' lang='lat' dir='ltr'>Religionis</span> <span class='ocrx_word' id='word_1_54' title='bbox 517 1019 690 1106; x_wconf 80' lang='lat' dir='ltr'>sanctitate</span> <span class='ocrx_word' id='word_1_55' title='bbox 720 1018 856 1087; x_wconf 87' lang='lat' dir='ltr'>omnino</span> <span class='ocrx_word' id='word_1_56' title='bbox 889 1019 1102 1089; x_wconf 78' lang='lat' dir='ltr'>educaretur</span> <span class='ocrx_word' id='word_1_57' title='bbox 1120 1044 1137 1087; x_wconf 78' lang='grc' dir='ltr'>ι</span> 
     </span>
    </p>
   </div>
   <div class='ocr_carea' id='block_1_4' title="bbox 99 1111 1140 3262">
    <p class='ocr_par' dir='ltr' id='par_1_4' title="bbox 99 1111 1140 2893">
     <span class='ocr_line' id='line_1_9' title="bbox 203 1111 1139 1220; baseline 0.002 -40"><span class='ocrx_word' id='word_1_58' title='bbox 203 1111 354 1185; x_wconf 89' lang='lat' dir='ltr'>PorroS.</span> <span class='ocrx_word' id='word_1_59' title='bbox 371 1113 483 1198; x_wconf 87' lang='lat' dir='ltr'>Sedes,</span> <span class='ocrx_word' id='word_1_60' title='bbox 504 1112 637 1183; x_wconf 84' lang='lat' dir='ltr'>attentis</span> <span class='ocrx_word' id='word_1_61' title='bbox 656 1125 844 1220; x_wconf 83' lang='lat' dir='ltr'>temporum</span> <span class='ocrx_word' id='word_1_62' title='bbox 864 1131 903 1180; x_wconf 89' lang='lat' dir='ltr'>ac</span> <span class='ocrx_word' id='word_1_63' title='bbox 922 1113 1071 1182; x_wconf 90' lang='lat' dir='ltr'>locorum</span> <span class='ocrx_word' id='word_1_64' title='bbox 1086 1114 1139 1182; x_wconf 85' lang='lat' dir='ltr'>nd·</span> 
     </span>
     <span class='ocr_line' id='line_1_10' title="bbox 202 1204 1140 1298; baseline 0.002 -25"><span class='ocrx_word' id='word_1_65' title='bbox 202 1206 336 1291; x_wconf 90' lang='lat' dir='ltr'>iunctis,</span> <span class='ocrx_word' id='word_1_66' title='bbox 359 1228 396 1277; x_wconf 85' lang='lat' dir='ltr'>ea</span> <span class='ocrx_word' id='word_1_67' title='bbox 415 1209 565 1298; x_wconf 88' lang='lat' dir='ltr'>quadam</span> <span class='ocrx_word' id='word_1_68' title='bbox 579 1204 814 1294; x_wconf 78' lang='lat' dir='ltr'>indulgentia</span> <span class='ocrx_word' id='word_1_69' title='bbox 806 1227 841 1274; x_wconf 92' lang='lat' dir='ltr'>m</span> <span class='ocrx_word' id='word_1_70' title='bbox 861 1206 1080 1276; x_wconf 78' lang='lat' dir='ltr'>concedendis</span> <span class='ocrx_word' id='word_1_71' title='bbox 1094 1207 1140 1275; x_wconf 87' lang='lat' dir='ltr'>di·</span> 
     </span>
     <span class='ocr_line' id='line_1_11' title="bbox 202 1299 1139 1391; baseline 0.001 -23"><span class='ocrx_word' id='word_1_72' title='bbox 202 1301 470 1391; x_wconf 90' lang='lat' dir='ltr'>spensationibus</span> <span class='ocrx_word' id='word_1_73' title='bbox 498 1321 565 1369; x_wconf 91' lang='lat' dir='ltr'>uon</span> <span class='ocrx_word' id='word_1_74' title='bbox 598 1299 741 1389; x_wconf 90' lang='lat' dir='ltr'>amplius</span> <span class='ocrx_word' id='word_1_75' title='bbox 775 1299 955 1368; x_wconf 86' lang='lat' dir='ltr'>conditioni</span> <span class='ocrx_word' id='word_1_76' title='bbox 976 1300 1017 1369; x_wconf 91' lang='lat' dir='ltr'>de</span> <span class='ocrx_word' id='word_1_77' title='bbox 1044 1300 1139 1369; x_wconf 91' lang='lat' dir='ltr'>abiu·</span> 
     </span>
     <span class='ocr_line' id='line_1_12' title="bbox 202 1392 1139 1484; baseline 0.003 -24"><span class='ocrx_word' id='word_1_78' title='bbox 202 1395 304 1463; x_wconf 89' lang='lat' dir='ltr'>rauda</span> <span class='ocrx_word' id='word_1_79' title='bbox 324 1394 453 1465; x_wconf 86' lang='lat' dir='ltr'>haeresi</span> <span class='ocrx_word' id='word_1_80' title='bbox 471 1393 690 1481; x_wconf 77' lang='lat' dir='ltr'>insistendum</span> <span class='ocrx_word' id='word_1_81' title='bbox 710 1414 782 1462; x_wconf 90' lang='lat' dir='ltr'>esse</span> <span class='ocrx_word' id='word_1_82' title='bbox 796 1392 932 1482; x_wconf 85' lang='lat' dir='ltr'>putavit,</span> <span class='ocrx_word' id='word_1_83' title='bbox 955 1413 1139 1484; x_wconf 88' lang='lat' dir='ltr'>omnesque</span> 
     </span>
     <span class='ocr_line' id='line_1_13' title="bbox 203 1486 1138 1576; baseline 0.005 -23"><span class='ocrx_word' id='word_1_84' title='bbox 203 1487 347 1558; x_wconf 87' lang='lat' dir='ltr'>cautelas</span> <span class='ocrx_word' id='word_1_85' title='bbox 368 1507 407 1557; x_wconf 88' lang='lat' dir='ltr'>eo</span> <span class='ocrx_word' id='word_1_86' title='bbox 427 1489 559 1557; x_wconf 85' lang='lat' dir='ltr'>reduxit</span> <span class='ocrx_word' id='word_1_87' title='bbox 577 1508 616 1555; x_wconf 86' lang='lat' dir='ltr'>ac</span> <span class='ocrx_word' id='word_1_88' title='bbox 634 1486 796 1567; x_wconf 87' lang='lat' dir='ltr'>cohibuit,</span> <span class='ocrx_word' id='word_1_89' title='bbox 811 1497 848 1555; x_wconf 93' lang='lat' dir='ltr'>ut</span> <span class='ocrx_word' id='word_1_90' title='bbox 865 1506 926 1575; x_wconf 85' lang='lat' dir='ltr'>per</span> <span class='ocrx_word' id='word_1_91' title='bbox 945 1486 1138 1576; x_wconf 89' lang='lat' dir='ltr'>promissio·</span> 
     </span>
     <span class='ocr_line' id='line_1_14' title="bbox 202 1580 1136 1671; baseline 0.004 -23"><span class='ocrx_word' id='word_1_92' title='bbox 202 1600 278 1649; x_wconf 88' lang='lat' dir='ltr'>nem</span> <span class='ocrx_word' id='word_1_93' title='bbox 299 1581 432 1671; x_wconf 84' lang='lat' dir='ltr'>scripto,</span> <span class='ocrx_word' id='word_1_94' title='bbox 454 1581 504 1649; x_wconf 90' lang='lat' dir='ltr'>vel</span> <span class='ocrx_word' id='word_1_95' title='bbox 523 1580 589 1649; x_wconf 88' lang='lat' dir='ltr'>alio</span> <span class='ocrx_word' id='word_1_96' title='bbox 610 1581 707 1649; x_wconf 91' lang='lat' dir='ltr'>modo</span> <span class='ocrx_word' id='word_1_97' title='bbox 727 1582 858 1661; x_wconf 86' lang='lat' dir='ltr'>laetam,</span> <span class='ocrx_word' id='word_1_98' title='bbox 875 1600 914 1648; x_wconf 88' lang='lat' dir='ltr'>uc</span> <span class='ocrx_word' id='word_1_99' title='bbox 934 1581 1136 1665; x_wconf 81' lang='lat' dir='ltr'>iuramento,</span> 
     </span>
     <span class='ocr_line' id='line_1_15' title="bbox 202 1672 1136 1763; baseline 0.004 -22"><span class='ocrx_word' id='word_1_100' title='bbox 202 1672 360 1744; x_wconf 84' lang='lat' dir='ltr'>adhibitis</span> <span class='ocrx_word' id='word_1_101' title='bbox 381 1673 530 1757; x_wconf 85' lang='lat' dir='ltr'>testibus,</span> <span class='ocrx_word' id='word_1_102' title='bbox 551 1673 716 1762; x_wconf 84' lang='lat' dir='ltr'>firmatam</span> <span class='ocrx_word' id='word_1_103' title='bbox 737 1675 778 1742; x_wconf 90' lang='lat' dir='ltr'>ab</span> <span class='ocrx_word' id='word_1_104' title='bbox 797 1685 940 1763; x_wconf 87' lang='lat' dir='ltr'>utraque</span> <span class='ocrx_word' id='word_1_105' title='bbox 958 1686 1066 1763; x_wconf 90' lang='lat' dir='ltr'>parte,</span> <span class='ocrx_word' id='word_1_106' title='bbox 1085 1676 1136 1745; x_wconf 91' lang='lat' dir='ltr'>siu</span> 
     </span>
     <span class='ocr_line' id='line_1_16' title="bbox 203 1766 1137 1859; baseline 0.005 -26"><span class='ocrx_word' id='word_1_107' title='bbox 203 1766 313 1836; x_wconf 85' lang='lat' dir='ltr'>minus</span> <span class='ocrx_word' id='word_1_108' title='bbox 334 1789 350 1836; x_wconf 91' lang='lat' dir='ltr'>a</span> <span class='ocrx_word' id='word_1_109' title='bbox 372 1767 645 1857; x_wconf 22' lang='lat' dir='ltr'>parte&#39;cafftholica</span> <span class='ocrx_word' id='word_1_110' title='bbox 662 1768 796 1859; x_wconf 84' lang='lat' dir='ltr'>(modus</span> <span class='ocrx_word' id='word_1_111' title='bbox 814 1767 924 1842; x_wconf 81' lang='lat' dir='ltr'>uarius</span> <span class='ocrx_word' id='word_1_112' title='bbox 944 1778 994 1836; x_wconf 87' lang='lat' dir='ltr'>est</span> <span class='ocrx_word' id='word_1_113' title='bbox 1010 1788 1137 1857; x_wconf 85' lang='lat' dir='ltr'>prorn-</span> 
     </span>
     <span class='ocr_line' id='line_1_17' title="bbox 202 1860 1137 1952; baseline 0.004 -26"><span class='ocrx_word' id='word_1_114' title='bbox 202 1860 261 1929; x_wconf 90' lang='lat' dir='ltr'>riis</span> <span class='ocrx_word' id='word_1_115' title='bbox 281 1874 496 1951; x_wconf 90' lang='lat' dir='ltr'>temporum,</span> <span class='ocrx_word' id='word_1_116' title='bbox 519 1861 694 1952; x_wconf 84' lang='lat' dir='ltr'>locorum,</span> <span class='ocrx_word' id='word_1_117' title='bbox 717 1881 755 1930; x_wconf 85' lang='lat' dir='ltr'>ac</span> <span class='ocrx_word' id='word_1_118' title='bbox 774 1880 990 1951; x_wconf 89' lang='lat' dir='ltr'>personarum</span> <span class='ocrx_word' id='word_1_119' title='bbox 1019 1862 1137 1932; x_wconf 80' lang='lat' dir='ltr'>ediun·</span> 
     </span>
     <span class='ocr_line' id='line_1_18' title="bbox 202 1953 1136 2044; baseline 0.005 -23"><span class='ocrx_word' id='word_1_120' title='bbox 202 1953 290 2044; x_wconf 84' lang='lat' dir='ltr'>ctis),</span> <span class='ocrx_word' id='word_1_121' title='bbox 311 1966 379 2024; x_wconf 92' lang='lat' dir='ltr'>tum</span> <span class='ocrx_word' id='word_1_122' title='bbox 411 1954 634 2024; x_wconf 87' lang='lat' dir='ltr'>subversionis</span> <span class='ocrx_word' id='word_1_123' title='bbox 660 1954 846 2043; x_wconf 86' lang='lat' dir='ltr'>periculum</span> <span class='ocrx_word' id='word_1_124' title='bbox 877 1953 1055 2024; x_wconf 74' lang='lat' dir='ltr'>efficaciter</span> <span class='ocrx_word' id='word_1_125' title='bbox 1084 1976 1136 2026; x_wconf 86' lang='lat' dir='ltr'>re·</span> 
     </span>
     <span class='ocr_line' id='line_1_19' title="bbox 200 2047 1135 2138; baseline 0.003 -22"><span class='ocrx_word' id='word_1_126' title='bbox 200 2059 413 2133; x_wconf 70' lang='lat' dir='ltr'>moveretur,¹</span> <span class='ocrx_word' id='word_1_127' title='bbox 435 2059 505 2119; x_wconf 90' lang='lat' dir='ltr'>tum</span> <span class='ocrx_word' id='word_1_128' title='bbox 531 2050 641 2137; x_wconf 80' lang='lat' dir='ltr'>proles</span> <span class='ocrx_word' id='word_1_129' title='bbox 665 2047 841 2138; x_wconf 87' lang='lat' dir='ltr'>utriusque</span> <span class='ocrx_word' id='word_1_130' title='bbox 861 2068 957 2117; x_wconf 83' lang='lat' dir='ltr'>sexus</span> <span class='ocrx_word' id='word_1_131' title='bbox 981 2048 1135 2120; x_wconf 83' lang='lat' dir='ltr'>universa</span> 
     </span>
     <span class='ocr_line' id='line_1_20' title="bbox 200 2141 1138 2234; baseline 0.002 -23"><span class='ocrx_word' id='word_1_132' title='bbox 200 2163 238 2211; x_wconf 84' lang='lat' dir='ltr'>ex</span> <span class='ocrx_word' id='word_1_133' title='bbox 259 2144 414 2233; x_wconf 89' lang='lat' dir='ltr'>coniugio</span> <span class='ocrx_word' id='word_1_134' title='bbox 447 2145 663 2234; x_wconf 65' lang='lat' dir='ltr'>procreanda,</span> <span class='ocrx_word' id='word_1_135' title='bbox 684 2142 718 2211; x_wconf 90' lang='lat' dir='ltr'>in</span> <span class='ocrx_word' id='word_1_136' title='bbox 747 2141 928 2212; x_wconf 89' lang='lat' dir='ltr'>catholicae</span> <span class='ocrx_word' id='word_1_137' title='bbox 956 2142 1138 2232; x_wconf 73' lang='lat' dir='ltr'>,religionis</span> 
     </span>
     <span class='ocr_line' id='line_1_21' title="bbox 199 2235 1136 2319; baseline 0.002 -14"><span class='ocrx_word' id='word_1_138' title='bbox 199 2238 373 2308; x_wconf 85' lang='lat' dir='ltr'>sanctitate</span> <span class='ocrx_word' id='word_1_139' title='bbox 411 2238 621 2307; x_wconf 87' lang='lat' dir='ltr'>educaretur.</span> <span class='ocrx_word' id='word_1_140' title='bbox 649 2235 746 2319; x_wconf 51' lang='lat' dir='ltr'>,num</span> <span class='ocrx_word' id='word_1_141' title='bbox 779 2235 866 2306; x_wconf 89' lang='lat' dir='ltr'>enim</span> <span class='ocrx_word' id='word_1_142' title='bbox 893 2256 961 2306; x_wconf 88' lang='lat' dir='ltr'>non</span> <span class='ocrx_word' id='word_1_143' title='bbox 980 2238 1136 2308; x_wconf 82' lang='lat' dir='ltr'>ecclesia·</span> 
     </span>
     <span class='ocr_line' id='line_1_22' title="bbox 200 2329 1137 2419; baseline 0.002 -21"><span class='ocrx_word' id='word_1_144' title='bbox 200 2331 280 2400; x_wconf 89' lang='lat' dir='ltr'>stica</span> <span class='ocrx_word' id='word_1_145' title='bbox 301 2333 435 2413; x_wconf 87' lang='lat' dir='ltr'>solum,</span> <span class='ocrx_word' id='word_1_146' title='bbox 461 2331 519 2400; x_wconf 90' lang='lat' dir='ltr'>sed</span> <span class='ocrx_word' id='word_1_147' title='bbox 550 2331 713 2416; x_wconf 87' lang='lat' dir='ltr'>naturalis</span> <span class='ocrx_word' id='word_1_148' title='bbox 733 2349 771 2398; x_wconf 86' lang='lat' dir='ltr'>ac</span> <span class='ocrx_word' id='word_1_149' title='bbox 791 2329 900 2398; x_wconf 86' lang='lat' dir='ltr'>divina</span> <span class='ocrx_word' id='word_1_150' title='bbox 930 2332 1137 2419; x_wconf 81' lang='lat' dir='ltr'>quoquelex</span> 
     </span>
     <span class='ocr_line' id='line_1_23' title="bbox 199 2423 1137 2513; baseline 0.003 -21"><span class='ocrx_word' id='word_1_151' title='bbox 199 2444 336 2513; x_wconf 89' lang='lat' dir='ltr'>prorsus</span> <span class='ocrx_word' id='word_1_152' title='bbox 360 2436 458 2503; x_wconf 87' lang='lat' dir='ltr'>vetet,</span> <span class='ocrx_word' id='word_1_153' title='bbox 484 2444 526 2494; x_wconf 89' lang='lat' dir='ltr'>ne</span> <span class='ocrx_word' id='word_1_154' title='bbox 555 2424 656 2493; x_wconf 91' lang='lat' dir='ltr'>homo</span> <span class='ocrx_word' id='word_1_155' title='bbox 674 2424 721 2492; x_wconf 83' lang='lat' dir='ltr'>in</span> <span class='ocrx_word' id='word_1_156' title='bbox 745 2423 871 2512; x_wconf 88' lang='lat' dir='ltr'>nuptiis</span> <span class='ocrx_word' id='word_1_157' title='bbox 897 2426 1137 2499; x_wconf 86' lang='lat' dir='ltr'>contrahendis</span> 
     </span>
     <span class='ocr_line' id='line_1_24' title="bbox 198 2516 1137 2607; baseline 0.002 -21"><span class='ocrx_word' id='word_1_158' title='bbox 198 2537 259 2599; x_wconf 79' lang='lat' dir='ltr'>se,</span> <span class='ocrx_word' id='word_1_159' title='bbox 293 2529 351 2586; x_wconf 91' lang='lat' dir='ltr'>aut</span> <span class='ocrx_word' id='word_1_160' title='bbox 382 2518 529 2586; x_wconf 88' lang='lat' dir='ltr'>suturam</span> <span class='ocrx_word' id='word_1_161' title='bbox 563 2516 712 2595; x_wconf 87' lang='lat' dir='ltr'>sobolem</span> <span class='ocrx_word' id='word_1_162' title='bbox 745 2517 965 2607; x_wconf 86' lang='lat' dir='ltr'>perversinnis</span> <span class='ocrx_word' id='word_1_163' title='bbox 985 2519 1137 2607; x_wconf 88' lang='lat' dir='ltr'>periculo</span> 
     </span>
     <span class='ocr_line' id='line_1_25' title="bbox 198 2610 1135 2693; baseline 0.005 -16"><span class='ocrx_word' id='word_1_164' title='bbox 198 2610 405 2692; x_wconf 84' lang='lat' dir='ltr'>committat,</span> <span class='ocrx_word' id='word_1_165' title='bbox 430 2610 546 2680; x_wconf 82' lang='lat' dir='ltr'>exinde</span> <span class='ocrx_word' id='word_1_166' title='bbox 577 2628 657 2681; x_wconf 89' lang='lat' dir='ltr'>sane</span> <span class='ocrx_word' id='word_1_167' title='bbox 682 2611 892 2681; x_wconf 85' lang='lat' dir='ltr'>manifestum</span> <span class='ocrx_word' id='word_1_168' title='bbox 915 2623 986 2693; x_wconf 88' lang='lat' dir='ltr'>est,</span> <span class='ocrx_word' id='word_1_169' title='bbox 1009 2633 1135 2691; x_wconf 70' lang='lat' dir='ltr'>memo,-</span> 
     </span>
     <span class='ocr_line' id='line_1_26' title="bbox 197 2704 1130 2790; baseline 0.004 -20"><span class='ocrx_word' id='word_1_170' title='bbox 197 2715 286 2772; x_wconf 90' lang='lat' dir='ltr'>ratas</span> <span class='ocrx_word' id='word_1_171' title='bbox 307 2705 475 2774; x_wconf 73' lang='lat' dir='ltr'>cautiones</span> <span class='ocrx_word' id='word_1_172' title='bbox 508 2704 632 2774; x_wconf 83' lang='lat' dir='ltr'>idcirco</span> <span class='ocrx_word' id='word_1_173' title='bbox 652 2705 840 2786; x_wconf 80' lang='lat' dir='ltr'>adbiberi,</span> <span class='ocrx_word' id='word_1_174' title='bbox 875 2716 912 2773; x_wconf 91' lang='lat' dir='ltr'>ut</span> <span class='ocrx_word' id='word_1_175' title='bbox 942 2706 1130 2790; x_wconf 86' lang='lat' dir='ltr'>naturalis,</span> 
     </span>
     <span class='ocr_line' id='line_1_27' title="bbox 99 2797 1131 2893; baseline 0.004 -29"><span class='ocrx_word' id='word_1_176' title='bbox 99 2884 102 2893; x_wconf 8' lang='grc' dir='ltr'><strong>ὃ</strong></span> <span class='ocrx_word' id='word_1_177' title='bbox 198 2797 374 2888; x_wconf 77' lang='grc' dir='ltr'><strong>ιιιιιιιιιιιιιι</strong></span> <span class='ocrx_word' id='word_1_178' title='bbox 413 2799 488 2867; x_wconf 84' lang='lat' dir='ltr'>lex</span> <span class='ocrx_word' id='word_1_179' title='bbox 499 2810 587 2869; x_wconf 89' lang='lat' dir='ltr'>sarta</span> <span class='ocrx_word' id='word_1_180' title='bbox 625 2809 709 2868; x_wconf 85' lang='lat' dir='ltr'>tecta</span> <span class='ocrx_word' id='word_1_181' title='bbox 745 2797 928 2887; x_wconf 79' lang='lat' dir='ltr'>generatim</span> <span class='ocrx_word' id='word_1_182' title='bbox 968 2811 1131 2869; x_wconf 86' lang='lat' dir='ltr'>servetur.</span> 
     </span>
    </p>

    <p class='ocr_par' dir='ltr' id='par_1_5' title="bbox 137 2890 1134 3262">
     <span class='ocr_line' id='line_1_28' title="bbox 197 2890 1134 2999; baseline 0.002 -40"><span class='ocrx_word' id='word_1_183' title='bbox 197 2890 406 2982; x_wconf 84' lang='lat' dir='ltr'>Quapropter</span> <span class='ocrx_word' id='word_1_184' title='bbox 435 2893 613 2962; x_wconf 90' lang='lat' dir='ltr'>dolendum</span> <span class='ocrx_word' id='word_1_185' title='bbox 648 2912 742 2961; x_wconf 90' lang='lat' dir='ltr'>sane</span> <span class='ocrx_word' id='word_1_186' title='bbox 762 2904 838 2974; x_wconf 91' lang='lat' dir='ltr'>est,</span> <span class='ocrx_word' id='word_1_187' title='bbox 874 2891 1002 2999; x_wconf 82' lang='lat' dir='ltr'>quod</span> <span class='ocrx_word' id='word_1_188' title='bbox 994 2912 1028 2959; x_wconf 92' lang='grc' dir='ltr'>ιιι</span> <span class='ocrx_word' id='word_1_189' title='bbox 1059 2893 1134 2982; x_wconf 91' lang='lat' dir='ltr'>qui·</span> 
     </span>
     <span class='ocr_line' id='line_1_29' title="bbox 196 2984 1133 3076; baseline 0.002 -23"><span class='ocrx_word' id='word_1_190' title='bbox 196 2985 335 3054; x_wconf 85' lang='lat' dir='ltr'>busdam</span> <span class='ocrx_word' id='word_1_191' title='bbox 366 2986 446 3056; x_wconf 90' lang='lat' dir='ltr'>locis</span> <span class='ocrx_word' id='word_1_192' title='bbox 480 2988 600 3076; x_wconf 83' lang='lat' dir='ltr'>duplex</span> <span class='ocrx_word' id='word_1_193' title='bbox 631 2985 822 3071; x_wconf 90' lang='lat' dir='ltr'>huiusmodi</span> <span class='ocrx_word' id='word_1_194' title='bbox 852 2984 962 3053; x_wconf 89' lang='lat' dir='ltr'>cautio</span> <span class='ocrx_word' id='word_1_195' title='bbox 997 3005 1060 3054; x_wconf 90' lang='lat' dir='ltr'>nec</span> <span class='ocrx_word' id='word_1_196' title='bbox 1079 3007 1133 3059; x_wconf 84' lang='lat' dir='ltr'>eo-</span> 
     </span>
     <span class='ocr_line' id='line_1_30' title="bbox 137 3079 1132 3169; baseline 0.001 -22"><span class='ocrx_word' id='word_1_197' title='bbox 137 3127 142 3131; x_wconf 92' lang='grc'><strong>-</strong></span> <span class='ocrx_word' id='word_1_198' title='bbox 195 3089 334 3163; x_wconf 87' lang='lat' dir='ltr'>curate,</span> <span class='ocrx_word' id='word_1_199' title='bbox 357 3100 418 3150; x_wconf 89' lang='lat' dir='ltr'>nec</span> <span class='ocrx_word' id='word_1_200' title='bbox 442 3066 816 3169; x_wconf 81' lang='lat' dir='ltr'>semperadbibeatur‚</span> <span class='ocrx_word' id='word_1_201' title='bbox 846 3079 902 3148; x_wconf 87' lang='lat' dir='ltr'>sed</span> <span class='ocrx_word' id='word_1_202' title='bbox 924 3079 1132 3169; x_wconf 83' lang='lat' dir='ltr'>haecnegli-</span> 
     </span>
     <span class='ocr_line' id='line_1_31' title="bbox 195 3166 1129 3262; baseline -0.002 -18"><span class='ocrx_word' id='word_1_203' title='bbox 195 3174 304 3262; x_wconf 78' lang='lat' dir='ltr'>gentio</span> <span class='ocrx_word' id='word_1_204' title='bbox 338 3172 376 3244; x_wconf 90' lang='lat' dir='ltr'>S.</span> <span class='ocrx_word' id='word_1_205' title='bbox 403 3173 478 3243; x_wconf 86' lang='lat' dir='ltr'>Sedi</span> <span class='ocrx_word' id='word_1_206' title='bbox 509 3174 615 3253; x_wconf 89' lang='lat' dir='ltr'>nullo</span> <span class='ocrx_word' id='word_1_207' title='bbox 636 3173 734 3241; x_wconf 92' lang='lat' dir='ltr'>modo</span> <span class='ocrx_word' id='word_1_208' title='bbox 761 3172 953 3260; x_wconf 90' lang='lat' dir='ltr'>imputanda</span> <span class='ocrx_word' id='word_1_209' title='bbox 974 3166 1129 3258; x_wconf 78' lang='lat' dir='ltr'>videtur,</span> 
     </span>
    </p>
   </div>
   <div class='ocr_carea' id='block_1_5' title="bbox 194 3252 1227 3375">
    <p class='ocr_par' dir='ltr' id='par_1_6' title="bbox 194 3252 1227 3375">
     <span class='ocr_line' id='line_1_32' title="bbox 194 3252 1227 3375; baseline -0.006 -38"><span class='ocrx_word' id='word_1_210' title='bbox 194 3252 465 3375; x_wconf 84' lang='lat' dir='ltr'>quandoquidem</span> <span class='ocrx_word' id='word_1_211' title='bbox 498 3267 539 3336; x_wconf 88' lang='lat' dir='ltr'>ab</span> <span class='ocrx_word' id='word_1_212' title='bbox 569 3259 631 3346; x_wconf 87' lang='lat' dir='ltr'>hae</span> <span class='ocrx_word' id='word_1_213' title='bbox 654 3265 773 3355; x_wconf 85' lang='lat' dir='ltr'>egendi</span> <span class='ocrx_word' id='word_1_214' title='bbox 799 3264 927 3334; x_wconf 84' lang='lat' dir='ltr'>ratione</span> <span class='ocrx_word' id='word_1_215' title='bbox 946 3285 1130 3354; x_wconf 88' lang='lat' dir='ltr'>numquam</span> <span class='ocrx_word' id='word_1_216' title='bbox 1225 3326 1227 3331; x_wconf 79' lang='grc'>,</span> 
     </span>
    </p>
   </div>
   <div class='ocr_carea' id='block_1_6' title="bbox 193 3357 1132 3655">
    <p class='ocr_par' dir='ltr' id='par_1_7' title="bbox 193 3357 1132 3655">
     <span class='ocr_line' id='line_1_33' title="bbox 193 3357 1132 3451; baseline 0.002 -23"><span class='ocrx_word' id='word_1_217' title='bbox 193 3361 355 3446; x_wconf 85' lang='lat' dir='ltr'>recessit,</span> <span class='ocrx_word' id='word_1_218' title='bbox 389 3385 404 3427; x_wconf 83' lang='grc' dir='ltr'>ι</span> <span class='ocrx_word' id='word_1_219' title='bbox 426 3380 536 3451; x_wconf 87' lang='lat' dir='ltr'>neque</span> <span class='ocrx_word' id='word_1_220' title='bbox 559 3361 716 3447; x_wconf 81' lang='lat' dir='ltr'>recedere</span> <span class='ocrx_word' id='word_1_221' title='bbox 741 3379 776 3428; x_wconf 89' lang='lat' dir='ltr'>se</span> <span class='ocrx_word' id='word_1_222' title='bbox 797 3358 863 3428; x_wconf 92' lang='lat' dir='ltr'>ulla</span> <span class='ocrx_word' id='word_1_223' title='bbox 885 3357 1014 3427; x_wconf 89' lang='lat' dir='ltr'>ratione</span> <span class='ocrx_word' id='word_1_224' title='bbox 1034 3381 1132 3447; x_wconf 84' lang='lat' dir='ltr'>posse</span> 
     </span>
     <span class='ocr_line' id='line_1_34' title="bbox 194 3436 1131 3560; baseline 0.003 -40"><span class='ocrx_word' id='word_1_225' title='bbox 194 3447 342 3560; x_wconf 80' lang='lat' dir='ltr'>iudicat,</span> <span class='ocrx_word' id='word_1_226' title='bbox 365 3454 459 3543; x_wconf 87' lang='lat' dir='ltr'>quin</span> <span class='ocrx_word' id='word_1_227' title='bbox 476 3466 510 3523; x_wconf 91' lang='lat' dir='ltr'>et</span> <span class='ocrx_word' id='word_1_228' title='bbox 531 3453 705 3544; x_wconf 87' lang='lat' dir='ltr'>principiis</span> <span class='ocrx_word' id='word_1_229' title='bbox 724 3452 828 3543; x_wconf 89' lang='lat' dir='ltr'>ipsius</span> <span class='ocrx_word' id='word_1_230' title='bbox 849 3436 1031 3520; x_wconf 81' lang='lat' dir='ltr'>catholicae</span> <span class='ocrx_word' id='word_1_231' title='bbox 1052 3454 1131 3522; x_wconf 89' lang='lat' dir='ltr'>reli·</span> 
     </span>
     <span class='ocr_line' id='line_1_35' title="bbox 193 3544 1131 3655; baseline 0.001 -41"><span class='ocrx_word' id='word_1_232' title='bbox 193 3546 301 3655; x_wconf 82' lang='lat' dir='ltr'>gionis</span> <span class='ocrx_word' id='word_1_233' title='bbox 316 3548 424 3637; x_wconf 90' lang='lat' dir='ltr'>palam</span> <span class='ocrx_word' id='word_1_234' title='bbox 439 3548 642 3635; x_wconf 78' lang='lat' dir='ltr'>adversetur,</span> <span class='ocrx_word' id='word_1_235' title='bbox 658 3569 673 3613; x_wconf 84' lang='grc' dir='ltr'>ι</span> <span class='ocrx_word' id='word_1_236' title='bbox 690 3557 724 3617; x_wconf 88' lang='lat' dir='ltr'>et</span> <span class='ocrx_word' id='word_1_237' title='bbox 739 3570 754 3613; x_wconf 86' lang='grc' dir='ltr'>ι</span> <span class='ocrx_word' id='word_1_238' title='bbox 771 3544 1033 3655; x_wconf 88' lang='lat' dir='ltr'>innaturalem</span> <span class='ocrx_word' id='word_1_239' title='bbox 1023 3567 1131 3636; x_wconf 80' lang='lat' dir='ltr'>ipsam</span> 
     </span>
    </p>
   </div>
   <div class='ocr_carea' id='block_1_7' title="bbox 0 0 1326 4175">
    <p class='ocr_par' dir='ltr' id='par_1_8' title="bbox 0 0 1326 4175">
     <span class='ocr_line' id='line_1_36' title="bbox 0 0 1326 4175; baseline 0 3"><span class='ocrx_word' id='word_1_240' title='bbox 0 0 1326 4175; x_wconf 95' lang='lat' dir='ltr'> </span> 
     </span>
    </p>
   </div>
  </div>
 </body>
</html>
