2642 4175
361 326 406 368 ua
423 322 658 368 maronianum
677 322 875 369 ιιιιιιιιιοιιιι
973 312 1036 371 301

27 407 28 492 i
152 421 352 511 prohibeant
377 432 545 512 tamquam
567 419 723 499 illicitas,
745 440 812 489 non
843 442 919 490 vero
955 424 1091 497 irritent

149 529 321 606 tamquam
341 516 449 584 nullas
470 535 524 584 eas
546 514 689 602 nuptias,
710 534 795 605 quae
816 515 1084 604 afiiiislamilias,

153 609 277 699 absque
297 620 471 698 parentum
492 627 655 677 consensu
670 608 924 678 contrahuntur.
948 612 1089 683 ilustae

153 722 217 772 non
238 714 328 786 sunt,
348 702 468 785 fateor,
491 698 536 771 ait
555 700 710 771 Guiacins
731 700 788 770 lib.
812 698 858 770 35
876 701 991 789 Pauli,
1014 726 1091 776 con-

26 825 28 874 ι
153 807 279 866 tractae
300 807 409 864 tamen
433 815 514 865 non
510 794 754 864 dissolvuntur.
771 818 785 860 ι
810 758 1064 867 Gotholrelius
1055 820 1090 869 in

27 927 28 932 ι
152 890 220 959 suis
238 888 327 960 notis
346 890 386 957 ad
409 889 443 959 L.
465 889 585 957 Filium
605 885 651 956 95
671 888 707 956 h.
726 888 767 957 de
789 888 855 957 ritu
872 903 967 979 nupt.
983 892 1086 962 addit:

156 982 308 1053 ‹Civiles
330 982 427 1052 hasce
447 982 538 1070 leges
554 999 627 1053 esse
661 981 894 1070 imperfectas,
918 1004 992 1052 cum
1026 1005 1090 1054 nu-

148 1076 236 1164 ptias
255 1076 381 1165 absque
400 1087 576 1165 parentum
590 1091 761 1144 consensu
783 1074 855 1143 fieri
873 1077 1089 1164 prohibeant,

152 1180 338 1239 contractas
356 1180 468 1238 tamen
488 1190 555 1238 non
573 1169 766 1238 dissolvant.
782 1192 794 1233 ι
818 1168 857 1237 Et
874 1168 980 1239 addit:
1003 1173 1092 1240 usic-

153 1274 188 1331 ut
208 1262 315 1332 cincia
345 1262 396 1331 lex
417 1262 608 1351 imperfecta
629 1260 764 1347 dicitur,
788 1262 875 1352 quod
896 1282 994 1353 supra
1017 1284 1092 1333 cer·

27 1433 28 1442 ἵ
154 1367 224 1424 tum
242 1357 377 1425 modum
399 1356 523 1425 donare
556 1367 667 1438 vetet,
689 1356 847 1424 donatum
877 1367 987 1465 tamen
1024 1378 1091 1428 non

153 1449 333 1519 rescindat.
358 1447 602 1518 »Potissimum
624 1461 734 1518 autem
757 1448 790 1516 in
824 1467 903 1520 suae
922 1448 1091 1540 opinionis

27 1583 28 1602 ι
151 1525 663 1649 praesidium,1demssuraerus
687 1540 1089 1615 etGothofredusaucto

27 1661 28 1682 ι
152 1636 284 1705 ritatem
307 1635 474 1704 addrrcnnt
493 1634 721 1705 iurisconsulti
737 1633 843 1720 Pauli,
840 1637 1091 1746 depromptam

153 1729 299 1798 cxlibro
321 1726 479 1836 ἰρείιιι9
503 1726 653 1798 Sentent.
671 1741 696 1798 t.
719 1728 775 1814 ta,
797 1690 866 1819 ἓ9,
889 1731 1087 1801 ubisieait:

27 1819 28 1860 ³
157 1847 171 1887 ι
194 1822 319 1891 Eorum
342 1822 452 1912 quiin
473 1832 634 1931 potestate
651 1823 755 1913 patris
774 1833 862 1906 sunt,
884 1823 955 1893 sine
974 1825 1092 1894 volun-

153 1926 221 1985 tate
242 1915 326 2000 eius,
347 1914 558 1985 matrimonia
577 1916 651 1985 iure
670 1935 737 1983 non
756 1916 1011 2000 contrahuntur,
1032 1918 1090 1988 sed

152 2020 321 2078 contracta
348 2030 414 2078 non
433 2010 619 2078 solvuntur
648 2007 890 2097 Contemplatio
918 2009 1005 2078 enirn
1027 2033 1091 2100 pu-

151 2103 260 2172 blicae
280 2103 431 2173 utilitatis
444 2102 649 2193 privatorum
667 2101 849 2171 commodis
864 2103 1089 2192 praefertur.»

140 2194 237 2266 Pace
258 2197 430 2266 doctomm
447 2196 595 2265 virorum
613 2195 738 2265 dictum
756 2193 810 2279 sit,
828 2194 903 2284 ipsi,
924 2215 1000 2265 meu
1015 2196 1091 2286 qui·

152 2290 230 2359 dem
251 2288 387 2374 iudicio,
408 2290 582 2374 falluntur,
603 2300 637 2359 et
657 2288 691 2358 in
707 2287 846 2358 meridie
864 2287 1030 2359 caecutire
1045 2289 1093 2359 vi·

151 2384 288 2453 dentur.
307 2383 457 2466 Etenim,
474 2383 812 2473 praeterquamquod
831 2381 954 2473 opponi
973 2403 1091 2453 eorum

151 2476 421 2565 interpretationi
441 2489 553 2567 posset
571 2478 696 2546 famosa
718 2477 782 2561 len,
802 2477 874 2547 Non
889 2495 1020 2545 ‘nnarun
1041 2487 1092 2547 est

153 2567 175 2638 5
193 2568 278 2639 θοὰ·
298 2569 339 2639 de
359 2571 425 2660 leg.
446 2581 479 2639 et
498 2583 602 2640 const.
624 2569 844 2661 Principum,
865 2592 928 2661 qua
945 2570 1020 2660 iege
1039 2570 1091 2639 di·

152 2673 243 2732 serte
264 2662 485 2752 Imperatores
517 2674 707 2734 statuerunt
728 2688 743 2732 ι
768 2676 804 2734 ut
824 2686 874 2749 ea,
906 2685 992 2755 quae
1017 2664 1093 2754 lege

153 2756 231 2826 lieri
253 2757 484 2845 prohibentur,
506 2756 533 2826 si
554 2757 681 2826 fuerint
698 2758 782 2826 facta
800 2778 867 2826 non
887 2759 995 2827 solum
1016 2757 1090 2827 inu·

152 2848 239 2930 tilia,
256 2850 313 2919 sed
335 2871 395 2940 pro
413 2850 543 2920 iniectis
562 2850 661 2920 etiam
681 2849 877 2934 habeantur,
899 2852 976 2919 licet
994 2850 1091 2938 legis-

153 2944 242 3012 lator
258 2942 332 3012 fieri
349 2943 559 3032 prohibuerit
581 2954 721 3026 tantum,
744 2942 1012 3032 necspeeiaiiter
1040 2943 1091 3012 di·

153 3035 257 3120 rerit,
278 3036 396 3107 inutile
417 3058 488 3108 esse
513 3037 648 3120 debere,
677 3036 765 3126 quod
785 3036 907 3104 factum
935 3048 1003 3120 est;
1032 3037 1090 3104 sed

155 3129 218 3199 etsi
237 3129 317 3219 quid
332 3130 434 3200 fuerit
447 3130 703 3220 subsequutum,
725 3150 764 3198 ex
777 3149 816 3198 eo
836 3129 886 3197 rel
904 3128 980 3211 alio,
1001 3128 1090 3218 quod

153 3222 378 3293 interdicente
398 3224 489 3313 lege,
512 3225 633 3293 factum
655 3235 715 3306 est,
738 3221 821 3291 iilud
848 3242 982 3310 quoque
1020 3240 1092 3290 cas·

153 3337 228 3384 snm
253 3329 367 3408 atque
400 3317 517 3386 inutile
549 3337 621 3387 esse
657 3315 904 3423 praecipimus3
930 3338 945 3380 ι
976 3313 1089 3404 profe·

153 3420 208 3479 cto
228 3411 314 3479 hanc
341 3409 649 3500 interpretationem
685 3422 755 3480 tum
776 3406 996 3493 iustinianns,
1020 3420 1089 3477 tum

71 3532 75 3541 ·
151 3503 278 3575 Paulus
309 3503 434 3594 aliique
455 3502 708 3588 Iurisconsulti,
731 3523 871 3593 qnorum
906 3501 1091 3574 sententiae
