2642 4175
360 373 404 417 nn
422 372 659 418 menumnnrrs
677 374 877 422 uerumonn
976 364 1039 424 lttl

151 471 333 541 admodum
353 471 440 541 docti
461 471 650 542 existimant
666 473 814 543 solemne
846 473 1006 546 castitatis
1033 499 1089 548 ro·

151 578 219 634 tum
242 564 322 634 olim
344 565 478 656 nuptias
497 586 565 635 non
585 566 744 650 solvisse,
774 569 831 637 sed
851 568 998 659 primum
1028 573 1091 641 snb

151 659 310 748 Gregorio
327 659 370 728 Μ.
391 679 464 729 eam
485 660 693 750 disciplinam
713 662 942 752 propositam,
975 674 1009 734 et
1032 666 1090 735 de-

152 773 243 821 mum
262 753 298 821 in
319 753 467 823 Concilio
487 752 701 824 Lateranensi
721 755 749 824 ll
769 757 876 845 legem
896 759 1089 846 generalem

153 847 251 916 latam
281 867 366 931 esse,
392 848 534 917 utnulla
557 860 590 917 ct
607 848 700 917 irrita
720 850 830 919 forent
860 851 1090 934 matrimonia,

153 962 239 1031 quae
260 952 375 1010 contra
395 952 507 1010 votum
528 942 687 1012 castitatis
708 941 742 1011 in
771 942 944 1032 Religione
972 965 1091 1035 appro-

152 1035 226 1105 bata
244 1034 439 1103 solemniter
453 1035 714 1105 celebrarentur.
731 1035 858 1124 Reapse
872 1057 947 1105 cnm
962 1037 998 1107 S.
1012 1038 1092 1109 Ber·

152 1129 290 1212 nardus,
302 1129 359 1217 qui
377 1149 464 1198 saec.
480 1129 537 1197 Xll
550 1128 676 1214 lloruit,
693 1132 864 1199 consultus
878 1129 964 1199 circa
981 1132 1093 1201 matri·

155 1221 305 1291 monium
327 1222 417 1312 quod
437 1223 619 1292 monachus
640 1223 795 1313 quidam,
822 1222 958 1293 dimisso
977 1224 1092 1294 habitu

154 1316 310 1406 religioso
324 1328 544 1399 contraxerat,
560 1317 770 1407 responderit
782 1338 836 1407 ep.
852 1314 911 1386 36:
931 1318 1029 1388 «Non
1042 1319 1089 1388 vi-

154 1410 225 1479 cleri
245 1408 310 1480 sibi
324 1420 433 1479 tutum
450 1432 588 1481 uxorem
604 1411 696 1481 illam
711 1432 810 1502 quam
825 1412 962 1482 duxerat
977 1433 1092 1482 mone·

156 1503 250 1587 chus,
266 1523 334 1571 non
355 1505 614 1576 consentientem
638 1505 817 1590 dimittere,
835 1506 898 1576 nisi
912 1506 1004 1596 prius
1022 1507 1092 1596 epi-

155 1596 296 1687 scopalis
315 1597 522 1683 auctoritatis
541 1599 717 1669 accesserit
742 1600 794 1668 vel
820 1599 1019 1683 consilium,
1040 1601 1091 1670 rel

156 1686 355 1780 imperium,
376 1714 389 1757 a
414 1693 548 1761 illorum
569 1693 695 1782 opinio,
717 1692 767 1761 rel
790 1693 883 1777 falsa,
905 1694 954 1763 vel
973 1693 1091 1764 saltem

154 1785 255 1854 dubia
277 1784 406 1854 videtur
426 1786 573 1854 convinci
603 1788 662 1877 qui
692 1807 766 1855 curn
796 1786 973 1857 Laurentio
1003 1786 1092 1857 Berti

154 1879 195 1948 de
217 1878 334 1948 Theol.
357 1878 532 1969 discipli.
552 1877 609 1964 37,
630 1902 660 1949 c.
683 1878 716 1964 6,
734 1893 898 1954 conantur
915 1882 1091 1951 ostendere

155 1972 460 2043 sanctimonialium
475 1975 784 2062 monachorumque
804 1974 957 2064 coniugia
978 1996 1015 2043 er
1034 1973 1093 2042 Ec·

156 2067 277 2137 clesiae
297 2067 371 2156 lege
391 2066 486 2137 irrita
507 2079 545 2139 et⁴
558 2068 648 2137 nulla
667 2067 769 2136 luisse
799 2067 935 2150 habita,
969 2068 1011 2136 ob
1034 2089 1092 2138 vo·

158 2172 225 2230 tum
245 2160 425 2245 castitatis,
448 2182 515 2252 quo
535 2161 770 2251 alligabantur.
794 2159 830 2227 t⁰
851 2160 989 2230 Deroum
1010 2160 1090 2250 quia

153 2253 342 2345 Apostolica
356 2253 475 2338 Sedes,
499 2276 585 2345 quae
604 2274 737 2324 summo
758 2253 897 2323 consilio
917 2254 1005 2343 agit,
1025 2273 1092 2322 non

153 2350 256 2418 semel
274 2348 309 2416 in
327 2348 409 2418 votis
424 2348 639 2431 solemnibus,
652 2347 852 2438 praesertim
866 2357 941 2437 post
957 2347 1091 2417 ultimas

152 2454 344 2515 nostrarum
361 2442 507 2527 urbium,
525 2456 786 2532 nostrorumque
799 2441 998 2531 populorum
1014 2461 1091 2531 per·

154 2535 373 2620 turbationes,
397 2536 611 2626 dispensarit.
641 2536 845 2607 Decretalem
879 2534 1090 2605 autemnon

152 2650 192 2700 in
211 2647 450 2701 nonesrnarun
469 2632 510 2699 de
530 2642 606 2701 stat.
626 2630 793 2714 Monam,
816 2650 902 2720 quae
929 2641 979 2699 est
996 2628 1092 2698 lnno·

152 2724 252 2795 centii
269 2722 314 2792 111
333 2723 522 2794 scribentis:
546 2749 561 2791 c
577 2723 749 2793 Abdicatio
763 2722 988 2814 proprietatis,
1005 2724 1091 2792 sicut

152 2830 183 2888 at
204 2818 356 2887 custodia
378 2818 561 2903 castitatis,
591 2819 674 2888 adeo
709 2830 760 2887 est
790 2818 914 2886 adnexa
952 2818 1091 2905 regulae

151 2911 370 2995 monasticae,
391 2923 561 2982 utcontra
582 2933 655 2982 enm
675 2932 737 2981 nec
759 2910 916 2981 Summus
941 2908 1091 2979 Pontifex

151 3004 255 3095 possit
275 3005 443 3075 licentiam
465 3005 652 3095 indulgere,
673 3028 688 3071 a
706 3016 859 3075 auctores
886 3004 988 3073 buius
1013 3023 1089 3073 sen·
1171 3085 1175 3092 p

102 3114 108 3124 ‘
151 3100 277 3169 tentiae
298 3100 581 3188 interpretentur,
616 3111 654 3168 ut
678 3099 711 3169 id
743 3098 893 3168 Pontilex
929 3106 1087 3186 nequeat,

152 3194 264 3283 quoad
280 3193 460 3263 llonachns
481 3193 515 3263 in
535 3205 621 3264 statu
641 3193 827 3263 monachali
858 3188 1090 3280 permanserit,

150 3307 217 3357 non
235 3288 399 3357 autem'si
419 3289 460 3357 ab
482 3289 600 3358 eodem
621 3289 750 3356 solutus
768 3284 881 3354 luerit.

194 3382 303 3452 Nemo
324 3380 453 3451 inficias
475 3382 524 3451 ire
553 3381 700 3472 poterit,
731 3375 912 3470 quominus
943 3374 1087 3446 Ecclesia

140 3475 233 3546 ¹rtatis
253 3474 461 3564 simplicibus
480 3475 544 3545 rim
565 3474 700 3565 nuptias
720 3471 963 3542 contrahendos
984 3470 1090 3559 impe·

152 3568 263 3639 diendi
278 3569 429 3639 tribuere
440 3571 558 3654 valeat,
574 3589 679 3659 quum
693 3568 779 3638 lacto
793 3576 921 3636 constet
934 3566 966 3634 id
982 3584 998 3632 a
1014 3561 1090 3630 Gre-
