2642 4175
343 338 386 381 ou
404 334 639 380 turnuruunrre
657 334 856 381 mnneunoun
953 324 1016 382 271

131 436 295 527 sequitur,
317 445 354 504 ut
372 433 443 523 ipse
462 434 536 504 data
557 454 658 523 opere
679 454 745 504 non
764 434 884 507 debeat
902 433 943 504 iis
964 436 1069 507 inter·

133 551 216 613 esse,
240 540 278 599 ut
297 529 503 599 occasionem
532 528 751 617 praestandae
772 527 896 599 eisdem
911 530 1068 601 assisten-

134 623 221 705 tiae,
240 633 404 714 quamum
422 622 494 704 las,
517 620 640 691 evitare
669 632 845 707 tenentum
867 635 904 693 ut
920 624 1020 694 etiam
1041 625 1069 694 si

135 718 217 788 lo'rte
237 721 483 787 circumventus
495 714 599 783 aliove
615 715 753 784 obtentu
766 718 944 787 accersitus
966 718 1070 790 luerit

134 812 368 881 contrahentes
380 809 468 879 serio
486 828 622 878 monere
634 808 766 889 debeat,
783 810 993 882 matrimonia
1012 812 1071 880 hu·

135 905 277 974 iusmodi
298 905 370 973 sine
392 902 482 991 gravi
503 902 598 990 eulpa
616 902 779 972 celebrari
795 925 861 973 non
883 926 990 994 posse,
1005 906 1069 976 sihi

134 1011 243 1069 autem
264 998 385 1068 dictam
407 1017 478 1066 csse
499 996 620 1084 legem,
651 1006 689 1065 ut
713 997 845 1066 eosdem
867 998 1070 1069 contrahen-

136 1106 198 1175 tes,
218 1092 246 1160 si
266 1091 298 1159 id
320 1091 409 1181 quod
429 1088 684 1172 deliberarunt,
713 1090 820 1179 reipsa
841 1092 1066 1179 perfecerint,

135 1188 173 1254 ad
190 1184 407 1274 Superiorem
424 1184 562 1267 deierat,
579 1204 677 1274 aquo
691 1184 782 1270 gravi
800 1204 905 1273 poena
925 1185 1071 1273 plecten-

134 1280 165 1348 di
203 1291 329 1362 erunt3
368 1288 539 1367 praeterea
577 1290 614 1346 ut
645 1276 757 1345 animo
790 1290 823 1347 et
853 1278 1022 1348 voluntate
1053 1301 1070 1347 a

135 1373 330 1461 praestanda
351 1392 468 1440 eorum
490 1371 615 1460 nuptiis
632 1370 820 1459 praesentia
839 1371 937 1462 longe
950 1371 1072 1441 abhor-

134 1477 222 1548 reat,
244 1486 321 1534 cum
342 1463 533 1534 huiusmodi
554 1463 771 1534 contrahendi
799 1464 884 1535 ratio
915 1486 934 1533 e
967 1464 1070 1535 sacris

131 1558 316 1629 canonibus
342 1557 554 1647 reprobetur.
584 1559 623 1625 At
649 1577 783 1626 necesse
809 1569 949 1628 nonest
973 1580 1072 1629 aures

133 1652 305 1735 obturare,
325 1652 434 1720 velere
452 1650 582 1734 faciem,
605 1650 737 1741 aliaque
751 1651 851 1721 hrrius
868 1652 1001 1739 generis
1021 1653 1037 1720 f
1056 1692 1070 1705 -

135 1767 225 1829 cere,
247 1766 335 1835 quae
347 1746 387 1813 ad
407 1744 439 1813 id
458 1745 567 1813 solum
587 1745 708 1829 valent,
737 1756 773 1813 ut
792 1745 920 1816 enimes
939 1758 1090 1816 contra--

136 1838 289 1908 hentium
316 1838 495 1928 aliquando
515 1836 680 1927 scrupulis
712 1850 900 1927 torqueant,
927 1839 984 1930 qui
1005 1840 1070 1909 sci·

136 1931 224 2015 licet,
247 1933 399 2022 quamvis
416 1942 456 2024 ut
475 1930 657 2020 plurimum
676 1930 824 2000 nesciant
838 1931 950 2002 illicita
966 1933 1007 2003 ab
1023 1933 1072 2002 in-

134 2025 251 2098 validis
264 2024 482 2114 distinguere,
499 2023 608 2093 adhuc
624 2036 815 2093 tamennon
832 2025 938 2094 solum
956 2027 1072 2096 matri·

136 2119 300 2203 monium,
323 2118 371 2189 uti
395 2119 651 2200 destinaverant,
671 2117 881 2201 contrahere,
895 2118 953 2188 sed
972 2119 1070 2188 etiem

133 2233 368 2283 consummare
385 2233 450 2281 oon
471 2209 763 2301 praetermittunt:
781 2221 962 2302 utrumque
982 2211 1070 2280 enirn

135 2307 296 2395 perficere
316 2306 351 2375 in
383 2306 495 2375 animo
515 2304 661 2387 habent,
685 2303 815 2394 quoties
846 2303 1071 2374 circumvento

132 2414 187 2472 aut
206 2399 416 2488 deprehenso
436 2399 594 2489 parocho,
616 2418 728 2467 coram
749 2417 789 2467 eo
806 2398 983 2488 proferunt
997 2418 1069 2466 ter-

132 2492 169 2563 ba
187 2496 228 2562 ad
250 2505 403 2563 mutuum
425 2513 621 2575 consensum
636 2490 891 2580 significandum
909 2492 1064 2561 idonea.»

133 2587 301 2657 llacteuus
338 2585 536 2656 Benedictus
566 2585 632 2654 XIV
652 2587 718 2654 loc.
740 2585 795 2656 cit.
818 2584 897 2656 Vide
917 2584 951 2657 S.
973 2584 1008 2654 G.
1031 2586 1067 2655 C.

133 2679 175 2749 etl
194 2680 287 2768 Sept.
309 2677 415 2748 1843.
438 2679 647 2768 Quapropter
669 2678 702 2748 S.
730 2679 768 2748 G.
800 2679 838 2749 C.
859 2679 894 2749 in
916 2679 1071 2769 Neapoli·

134 2785 206 2843 tana
226 2771 415 2842 Matrimd
445 2772 517 2843 Maii
539 2770 626 2840 llll
651 2793 727 2841 curo
756 2773 918 2862 agebatur
950 2772 991 2842 de
1015 2794 1071 2861 pn·

131 2867 246 2948 rocho,
269 2866 326 2957 qui
348 2865 533 2955 suspicatus
554 2865 660 2935 virum
682 2887 721 2934 ec
738 2866 933 2951 mulierem,
955 2865 1070 2936 Eccle-

132 2959 212 3029 siam
235 2960 370 3031 iemiam
390 2960 578 3048 ingressos,
601 2958 805 3030 clandestine
830 2959 902 3028 lore
937 2971 1070 3028 contra-

132 3065 266 3135 cturos,
287 3053 322 3121 iu
350 3053 560 3137 sacrarium,
582 3052 693 3121 audita
715 3052 784 3121 sola
802 3072 880 3121 voce
902 3077 916 3118 c
947 3051 1069 3141 Sipoor

133 3145 310 3215 Porroco»
333 3147 521 3234 aufugerat,
555 3145 725 3235 proposito
756 3143 857 3213 dubio
880 3169 894 3212 c
919 3146 968 3213 Au
988 3165 1068 3213 con·

132 3250 194 3310 stet
208 3241 252 3309 de
271 3239 481 3329 sponsalibus
500 3250 534 3308 et
550 3238 775 3322 matrimonio,
797 3238 848 3307 vel
869 3237 980 3328 potius
999 3236 1067 3305 sint

130 3332 364 3402 concedendae
384 3332 514 3411 litterae
535 3333 772 3403 testimoniales
796 3353 898 3422 super
917 3342 1006 3400 statu
1026 3329 1068 3398 li·

129 3423 208 3496 bero
221 3426 258 3494 in
271 3426 369 3496 caso‘l
388 3449 402 3492 a
418 3427 600 3516 respondit:
619 3427 846 3497 ‹Affirmative
871 3427 910 3497 ed
934 3424 976 3492 l*
988 3444 1067 3512 per-

129 3530 207 3605 tem,
229 3519 382 3609 negative
403 3521 444 3590 ad
470 3519 512 3588 2·
532 3532 564 3591 et
585 3519 738 3609 amplius,
765 3546 780 3587 s
801 3533 834 3592 et
852 3522 886 3590 in
907 3517 1067 3606 Cartheg.
