2642 4175
284 347 351 407 484
604 359 767 403 munuum
788 359 810 403 1.

237 456 446 539 trimonium,
470 467 542 527 tum
560 454 595 525 in
615 455 733 527 faeiem
753 453 945 542 Ecclesiae,
970 469 1038 528 tom
1063 479 1178 528 eornm

238 551 390 625 ministro
411 548 512 634 cirili,
534 570 610 619 eum
630 547 871 639 impedimento
891 552 979 620 civiti
996 551 1179 623 dirimente

236 655 446 715 contractum
466 655 528 727 est,
557 642 735 715 ridendum
755 643 884 728 sedulo,
905 665 947 714 un
964 645 1102 714 nuilitns
1118 647 1178 715 nd·

235 735 304 806 huo
323 736 496 828 persistat,
521 738 570 806 vel
589 757 678 805 non:
713 735 739 804 si
765 736 894 808 subluto
913 751 979 821 est,
1003 739 1177 809 matrimo-

234 831 344 912 nium,
361 843 431 903 tum
449 829 720 913 ecclesiasticum,
743 841 814 899 tum
833 830 928 902 civile
948 832 1122 916 consistit,
1143 844 1176 902 et

235 925 328 999 nulle
347 924 492 1014 emplius
511 924 607 997 adest
624 920 811 993 difficultas.
827 923 861 994 Si
875 946 942 995 non
961 937 1010 996 est
1028 926 1174 1009 sublate,

235 1020 388 1110 adeoque
406 1017 554 1108 persistit
573 1017 695 1097 adhue,
715 1017 782 1087 duo
802 1038 889 1106 quoe
908 1019 1064 1109 superius
1080 1031 1175 1088 nota·

234 1113 357 1197 vimus,
369 1112 404 1185 iu
418 1111 614 1187 memorium
632 1131 788 1181 revocure
799 1111 922 1183 nedum
936 1125 1177 1202 opportunum,

234 1226 350 1279 rerum
370 1205 471 1277 etiem
490 1204 714 1277 necessrium
736 1205 835 1274 duco.
857 1203 1087 1299 Alterum'est3
1108 1227 1176 1275 me·

236 1299 432 1373 trimouium
466 1320 541 1371 eum
575 1298 660 1368 civiti
695 1296 935 1387 impedimento
966 1311 1175 1370 contractum

235 1414 418 1484 numquam
440 1392 573 1464 irritum
590 1392 690 1482 pleon
710 1392 783 1461 iere
806 1391 961 1463 hebetur.
981 1392 1124 1465 Nullites
1141 1414 1176 1463 e·

236 1487 308 1563 nim
328 1487 371 1563 ab
389 1486 550 1561 interesse
571 1485 771 1557 habentibus
792 1484 937 1554 invocari
960 1507 1096 1577 semper
1115 1488 1174 1557 de·

237 1581 307 1665 het,
328 1591 395 1651 eto
417 1579 527 1654 iudiee
546 1579 705 1662 decerni,
740 1591 778 1649 ut
795 1599 893 1649 suum
915 1579 1076 1650 sortietur
1096 1580 1178 1651 nte-

237 1685 352 1757 stum,
386 1673 537 1763 meoque
571 1686 751 1762 rntequsm
784 1672 945 1741 iudicium
970 1675 1175 1762 proseratur,

236 1764 583 1855 coniugesenmmuui
596 1765 802 1837 matrimonii
818 1766 951 1835 vinonio
968 1767 1080 1836 adhue
1095 1768 1179 1836 irre·

236 1859 288 1931 titi
308 1862 670 1935 estrumentum
689 1872 758 1930 est:
779 1860 875 1949 pluro
894 1861 1107 1930 matrimonio
1128 1861 1178 1929 ni·

237 1954 329 2039 uilio,
350 1954 430 2028 linet
444 1955 486 2027 ub
504 1953 599 2026 initio
619 1953 724 2034 valido
743 1954 941 2035 teneantur,
962 1965 1073 2023 tomen
1088 1966 1176 2042 post·

238 2049 374 2124 modum
397 2047 524 2122 aboleri
555 2047 629 2120 iure
663 2060 819 2136 possunt,
853 2047 917 2118 nisi
947 2058 1061 2117 tomen
1079 2047 1177 2139 lapsu

239 2142 414 2232 temporis,
435 2144 484 2216 rel
504 2141 742 2215 ratihthitione
761 2143 813 2210 vel
831 2142 1039 2230 possessione
1056 2153 1176 2228 status,

238 2248 426 2325 purgentur
446 2248 480 2310 et
498 2246 666 2326 tegentur.
686 2234 813 2316 Quibus
841 2234 889 2303 sie
911 2236 1175 2319 animadversis,

238 2330 515 2406 murmurosum
536 2330 645 2402 adhue
665 2341 737 2414 est,
767 2349 809 2398 an
830 2329 1108 2419 impedimentum
1128 2330 1177 2398 oi·

236 2422 302 2496 vile
320 2424 508 2496 nutriorem
527 2423 713 2495 absolutum
731 2444 770 2492 ne
789 2433 1004 2512 perpetuom,
1025 2443 1071 2491 sn
1091 2433 1178 2492 tem·
1271 2431 1274 2435 ’

237 2517 405 2604 ponarium
425 2528 553 2590 tentum
575 2517 724 2588 indonet.
745 2517 781 2584 ln
802 2516 905 2605 priori
926 2537 1028 2598 ceso,
1053 2536 1178 2585 euren-

184 2695 194 2702 ·
237 2610 317 2680 duur
336 2610 518 2698 prudenter
536 2623 602 2693 est,
620 2621 659 2678 ut
677 2610 718 2680 de
737 2631 877 2680 reeorsu
892 2611 938 2678 ,ad
957 2609 1107 2680 tribunat
1122 2610 1176 2679 ie·

237 2702 362 2785 nendo,
385 2702 474 2772 etde
493 2703 712 2773 dissolutione
731 2703 876 2792 coniugii
897 2703 1096 2784 obtinenda,
1116 2724 1178 2773 ne·

238 2815 294 2870 mu
308 2795 442 2883 rogitet,
458 2797 506 2868 vel
521 2809 627 2868 curet.
643 2797 680 2866 ln
693 2798 838 2866 seeundo
854 2795 1178 2880 eesu‚eontessorius

236 2889 288 2960 rei
310 2889 476 2978 pumehus
495 2890 588 2962 ineo
616 2901 705 2960 totus
724 2911 797 2961 esse
811 2891 931 2974 debet,
967 2903 1003 2959 nt
1022 2889 1175 2971 nultitns,

237 2982 398 3072 impedito
426 2983 576 3073 quolibet
600 2983 759 3068 recursu,
776 2984 844 3053 sive
863 2996 1012 3073 tempore
1033 2983 1177 3071 praesti·

237 3088 322 3161 tuto,
344 3075 412 3150 sive
443 3077 719 3160 confirmatione,
754 3098 815 3147 sen
831 3076 1084 3159 ratihabitione,
1105 3075 1176 3144 sire

144 3193 156 3210 f
237 3169 447 3258 possessione
466 3181 582 3254 stet-us,
604 3191 704 3260 qrmm
723 3171 869 3260 primum
887 3170 961 3239 fieri
980 3179 1107 3259 potest,
1125 3168 1176 3236 le·

238 3263 358 3351 gntiter
377 3264 560 3336 auferetur.

283 3355 462 3436 Quaeritur
480 3356 517 3428 t.
539 3357 685 3437 taudem,
699 3356 779 3447 quid
799 3356 966 3446 egendum
981 3354 1036 3437 sit,
1055 3353 1083 3424 si
1096 3373 1176 3442 poe·

236 3449 370 3532 nitere,
406 3450 457 3520 vel
477 3450 701 3539 pnroeltisnus
728 3463 838 3519 retum
865 3461 992 3519 tuntum
1014 3447 1169 3527 civilem,

236 3562 311 3611 oum
332 3542 703 3631 impediitimpediit,
736 3545 885 3614 nondum
914 3542 1080 3612 celebrato
1100 3559 1173 3607 mn·
