2642 4175
277 337 344 393 314
613 344 717 393 CAPUT
733 345 798 390 m.-

227 448 341 535 lugam
370 445 543 534 arripere,
572 445 719 533 coniugii
751 444 888 514 ineundi
922 464 1034 513 causa.
1069 442 1164 513 Prae·

193 597 196 602 .
228 552 320 609 terea
353 538 439 607 nihil
458 537 529 606 vitii
557 537 593 606 in
625 550 724 636 raptu
744 537 946 608 seductionis
967 549 1037 621 est,
1067 557 1163 625 quam

231 633 354 702 iniuria
375 644 408 702 et
432 632 601 701 dissensus
621 643 812 720 parentum.
834 631 880 699 Ex
906 631 970 701 lroe
994 643 1106 700 autem
1126 631 1163 699 il·

229 727 285 795 lud
307 726 441 816 quidem
463 725 699 816 consequitur,
728 727 817 816 quod
841 727 1032 795 seductores
1059 736 1093 793 et
1116 744 1165 793 sc·

230 820 340 900 ducti,
358 841 422 889 nee
448 820 539 908 gravi
564 832 699 908 peccato
726 840 789 888 nec
815 841 832 888 a
853 820 969 909 poenis
1000 817 1165 887 immunes

230 914 318 994 sint,
350 914 530 983 dummodo
563 924 678 1001 raptus
702 913 746 981 sit
777 925 865 983 extra
896 911 1058 982 terminos
1084 911 1165 980 iuris

231 1006 347 1090 civilis,
369 1007 434 1075 hoc
454 1018 504 1076 est
520 1005 643 1075 odiosis
665 1006 805 1092 artibus,
828 1019 862 1076 et
882 1005 1050 1074 insidiosis
1070 1004 1165 1073 indu·

232 1113 316 1182 ctus,
335 1112 373 1168 ut
389 1100 521 1180 mulier,
537 1099 627 1169 hisce
644 1099 819 1179 stantibus,
832 1100 866 1169 in
880 1110 1007 1169 tantum
1026 1099 1167 1168 dedecus

230 1215 266 1264 se
296 1195 439 1283 prodat;
471 1193 682 1263 matrimonia
712 1205 823 1263 tamen
844 1194 892 1262 sic
913 1190 1081 1262 contracta
1101 1212 1166 1261 non

232 1300 332 1357 erunt
352 1287 471 1370 irrita,
492 1307 568 1354 cum
591 1287 631 1355 ab
652 1287 724 1376 ipso
743 1286 936 1357 Tridentino
962 1287 1108 1355 edictum
1126 1283 1169 1353 sit

231 1381 435 1450 validitatem
456 1380 660 1449 matrimonii
685 1402 702 1449 a
723 1401 886 1450 consensu
906 1390 1081 1468 parentum
1102 1398 1167 1446 non

232 1474 392 1563 pendere.
412 1473 485 1541 Huc
515 1473 595 1542 lacit
614 1495 686 1563 cap.
709 1474 782 1545 Cum
807 1491 935 1543 crustu
955 1473 996 1542 de
1015 1473 1166 1561 Raptor,

139 1647 142 1662 .
231 1568 276 1634 in‘
297 1587 363 1656 quo
384 1565 504 1634 Lucius
528 1566 572 1634 lll
598 1567 646 1635 sic
674 1566 807 1637 statuit:
837 1592 851 1634 r
881 1568 946 1636 lste
970 1577 1086 1655 raptor
1105 1564 1169 1633 dici

231 1680 298 1728 non
329 1659 451 1742 debet,
482 1681 557 1727 cum
583 1659 740 1731 habuerit
768 1660 919 1729 mulieris
945 1678 1168 1741 consensum,

232 1765 266 1821 et
280 1752 379 1841 prius
403 1772 477 1820 eam
511 1754 782 1841 desponsaverit,
820 1774 920 1844 quam
952 1751 1168 1840 cognoverit,

230 1846 309 1915 licet
337 1856 492 1934 parentes
521 1847 755 1932 reclamante
789 1846 911 1937 quibus
941 1845 1064 1914 dieitur
1096 1865 1168 1922 eam

232 1939 439 2028 rapuisse.›
477 1939 519 2009 Et
550 1940 583 2007 S.
620 1941 791 2023 Thomas,
827 1941 860 2008 in
895 1939 942 2022 l,
977 1938 1053 2007 dist.
1095 1935 1168 2020 18,

233 2044 363 2123 quaest.
383 2032 473 2102 unic.
494 2055 526 2102 a.
545 2031 580 2118 3,
604 2058 618 2101 r
644 2033 778 2118 Puella,
800 2033 932 2124 inquit,
952 2052 1018 2102 nou
1051 2043 1104 2102 est
1136 2030 1169 2100 in

230 2138 394 2217 potestate
415 2128 519 2217 patris
539 2127 634 2216 quasi
651 2129 783 2212 ancilla,
807 2139 844 2197 ut
863 2127 915 2197 sui
944 2126 1094 2217 corporis
1112 2147 1168 2216 po·

231 2231 385 2290 testatem
416 2241 483 2289 non
504 2222 638 2291 haheat.
665 2245 679 2304 r
702 2222 833 2312 Exque
865 2221 897 2289 S.
916 2220 1068 2290 Doctoris
1095 2222 1169 2289 loco

231 2312 429 2383 Gunouistae
449 2316 673 2384 communiter
693 2316 865 2399 inferunt,
888 2326 1019 2402 raptum
1045 2313 1171 2382 violen-

231 2417 301 2474 tum
323 2427 414 2490 esse,
437 2427 476 2475 ac
494 2408 635 2495 proinde
656 2408 817 2478 dirimens
838 2405 1042 2478 matrimonii
1063 2409 1170 2496 impe·
1246 2445 1251 2452 ·

231 2498 440 2580 dimentum‚
474 2500 501 2568 si
532 2502 655 2571 mulier
675 2501 775 2571 invita
796 2522 934 2591 prorsus
954 2513 987 2570 et
1005 2500 1168 2582 renitens,

232 2592 517 2661 consentientibus
537 2605 647 2664 tamen
669 2595 884 2684 parentibus,
907 2594 1103 2664 abducatur.
1127 2593 1170 2662 ll-

233 2685 289 2753 lud
310 2685 399 2754 enim
417 2686 598 2756 secundum
617 2689 670 2757 ius
685 2690 837 2759 naturale
857 2701 889 2758 et
908 2687 1169 2757 ecclesiasticum
1221 2770 1226 2777 ‚

233 2799 294 2867 pro
309 2789 400 2846 certo
420 2778 609 2849 habendum
626 2794 686 2866 est,
703 2783 790 2872 quod
813 2781 845 2850 iu
868 2781 1081 2853 matrimonio
1094 2780 1171 2870 plus

232 2883 342 2961 potest
368 2872 518 2942 voluntas
538 2873 610 2944 eius
635 2875 691 2964 qui
713 2875 900 2958 contrahit,
927 2894 1027 2965 quam
1048 2893 1171 2963 paren·

232 2977 316 3033 tum.
338 2964 431 3034 Unde
461 2966 584 3037 mulier
603 2969 837 3053 consentiens,
866 2980 899 3037 et
931 2979 1061 3057 raptum
1084 2970 1170 3036 'stu-

232 3058 324 3128 diose
345 3069 501 3149 exoptans
521 3081 654 3130 omnem
681 3075 795 3151 raptus
821 3061 983 3130 rationem
997 3070 1171 3142 removet,

233 3173 338 3242 quum
358 3173 395 3220 ex
416 3154 567 3224 condicto
585 3155 782 3238 abducatur,
797 3168 833 3224 ut
846 3154 985 3224 liberius
1002 3153 1171 3222 matrimo-

231 3245 350 3328 nium,
377 3245 486 3315 invitis
510 3248 727 3335 parentibus,
749 3248 935 3318 contrahat.
956 3245 1171 3335 Argumentis

126 3350 130 3355 ·
233 3338 419 3408 contrariae
451 3342 635 3411 sententiae
663 3343 758 3413 facile
779 3342 1012 3431 respondetur.
1033 3341 1079 3408 Ad
1101 3338 1172 3428 pri·

232 3451 338 3515 mum,
360 3432 451 3520 quod
472 3433 601 3516 attinet,
618 3434 716 3504 missa
739 3435 1024 3504 animadversione
1044 3431 1169 3502 Giraldi
1230 3477 1238 3493 x

232 3544 287 3612 op.
307 3523 363 3592 cit.
374 3545 407 3613 p.
421 3523 455 3610 9,
471 3538 550 3595 sect.
562 3525 642 3611 lat,
663 3529 805 3598 dicimus
821 3529 941 3601 iterum
958 3528 991 3597 S.
1009 3526 1171 3595 Thomam
