2642 4175
363 348 405 391 on
423 347 659 394 mranmnnrts
677 349 879 395 uanaruonn
977 337 1040 396 183

137 447 320 527 cessitate,
339 458 372 514 et
391 445 553 514 levantem
574 445 646 515 sine
664 445 876 518 necessitate.
893 446 984 517 Idem
1005 447 1091 517 affir-

135 541 309 612 mandum
331 540 372 607 de
393 560 452 622 eo,
471 540 533 627 ,qui
552 540 585 607 in
606 560 684 608 casu
704 540 910 610 necessitatis
930 541 1088 612 infantem

139 634 308 724 baptizat.
338 632 471 704 Etenim
493 633 600 703 ethic
619 635 850 723 cognationem
880 633 1089 723 spiritualem

140 728 339 797 contrahet.
363 727 396 796 Si
429 739 540 796 nmen
561 728 595 795 in
615 749 692 796 casu
723 728 930 799 necessitatis
960 730 1088 817 prolem

140 823 321 911 propriam
343 821 530 911 etquidem
550 822 735 916 legitimam
750 822 945 912 baptizaret,
965 836 1025 891 aut
1041 825 1089 892 le·

140 929 262 998 varet,
286 916 412 984 nuliam
437 936 511 984 cum
525 935 636 997 ⁴clarore
654 937 714 985 sua
735 917 949 985 contraheret
968 937 1089 1004 cogna-

143 1006 288 1091 tionem,
310 1020 412 1098 prout
438 1008 587 1079 definivit
612 1008 704 1078 lcan.
727 1009 819 1090 vltt,
842 1006 972 1092 Cani,
996 1030 1088 1079 caus.

141 1100 205 1186 30,
229 1126 265 1192 q.
290 1103 327 1169 i.
348 1104 396 1172 bn
417 1124 493 1172 vero
511 1103 539 1172 si
561 1103 689 1191 protem
707 1102 904 1192 legitimam,
928 1114 1016 1171 extra
1031 1123 1091 1171 ne-

142 1196 311 1266 cessitatis
326 1216 452 1279 casnm,
467 1198 604 1266 scienter
617 1196 812 1285 baptizaret,
829 1209 862 1266 et
875 1197 1010 1279 levaret,
1026 1196 1092 1284 pri-

144 1301 284 1383 veretur
304 1290 404 1360 hodie
422 1293 495 1359 iure
513 1290 699 1379 coniugatis
716 1289 819 1360 debiti
841 1289 987 1380 petendi,
1004 1289 1091 1359 inter

145 1404 180 1452 se
202 1384 377 1471 disputant
397 1385 571 1466 doctores,
594 1404 737 1474 quorum
764 1383 909 1454 rationes
927 1383 1091 1471 perstrin-

144 1477 194 1562 git
208 1475 507 1563 Scbmaiagrueber
521 1500 553 1568 p.
569 1476 603 1561 3,
622 1478 693 1566 §bi
712 1479 752 1546 de
765 1477 903 1566 Cognat.
921 1475 1037 1566 Spirit.
1052 1497 1087 1545 n.

145 1569 191 1638 ⁹26
211 1582 247 1639 et
267 1591 335 1660 seq.
356 1572 476 1641 Verum
503 1572 667 1648 sententia
689 1570 880 1640 affirmativa
902 1570 1029 1653 varior,
1044 1591 1091 1640 ‘ae

98 1685 101 1690 ·
151 1665 367 1733 communior
380 1666 414 1733 in
431 1666 504 1734 iure
518 1666 656 1734 dicenda
673 1678 734 1748 est,
753 1686 792 1734 eo
812 1666 900 1754 quod
915 1685 952 1733 en
965 1685 1040 1754 cap.
1057 1662 1090 1733 St

148 1776 206 1825 vm
222 1757 244 1826 2
262 1759 303 1825 de
317 1759 452 1847 Cogunt.
473 1758 586 1848 Spirit.
599 1759 780 1828 descendit.
795 1757 951 1847 ‹lnpraxi
961 1778 1092 1847 praeva-

150 1851 217 1920 luit
231 1850 344 1939 opinio
355 1852 479 1942 ubique
489 1854 730 1942 recepta,quod
746 1852 772 1921 si
787 1853 870 1921 alter
887 1853 959 1922 sine
977 1872 1092 1920 neces·

149 1945 252 2013 sitate
269 1946 436 2034 propriam
451 1948 577 2034 prolem
591 1949 641 2016 vel
656 1945 813 2017 levaverit
825 1946 865 2015 de
879 1961 972 2014 sacro
987 1946 1088 2026 fonte,

147 2040 199 2108 rel
219 2038 320 2108 etiam
341 2040 579 2129 baptizaverit,
603 2039 689 2108 banc
708 2038 938 2128 cognationem
958 2049 1090 2107 contra·

149 2134 248 2202 beret
266 2153 340 2200 cum
358 2139 478 2216 attero,
503 2155 589 2224 quae
609 2133 756 2219 coniugii
782 2152 878 2200 usum
899 2131 1088 2219 impediret,

56 2254 60 2264 .
148 2227 267 2296 saltem
288 2227 393 2296 donee
411 2226 606 2297 Ordinarius
626 2227 860 2314 dispensasset,
880 2246 895 2288 a
919 2216 1091 2291 ait’Giral·

149 2321 182 2389 di
204 2321 269 2389 loc.
293 2319 349 2388 cit.
373 2343 403 2409 p.
425 2323 458 2404 i,
480 2335 563 2391 sect.
582 2317 663 2389 703.
686 2319 831 2388 Diximus
848 2337 949 2406 supra
964 2316 1090 2406 prolem

144 2414 320 2503 proprium
340 2426 374 2483 et
396 2417 529 2505 quidem
558 2415 768 2504 legitimum·
801 2412 857 2501 qui
889 2410 1090 2480 animasse

149 2509 251 2578 etiam
269 2509 487 2592 necessitatis,
506 2509 712 2585 concubinae
733 2527 825 2591 snae,
845 2505 913 2574 imo
931 2518 965 2575 et
984 2505 1092 2574 cuius·

147 2603 196 2671 ais
222 2602 362 2670 alterius
386 2604 536 2672 mulieris
565 2603 672 2672 filium
706 2601 914 2691 baptizaret,
938 2599 1090 2668 eamdem

151 2695 256 2764 valide
275 2695 400 2765 ducere
421 2718 485 2767 nun
503 2710 613 2786 posset
638 2698 672 2765 in
693 2716 841 2778 uxorem,
858 2693 984 2782 absque
1000 2712 1092 2781 prae-

148 2789 199 2857 nia
220 2789 480 2878 dispensatione.
504 2790 619 2881 Agitur
637 2790 726 2859 enim
744 2790 777 2857 in
794 2790 858 2859 huo
877 2808 956 2856 casu
976 2787 1017 2854 de
1037 2806 1088 2854 oo·

151 2882 309 2968 gnatione
324 2885 543 2965 antecedenti,
558 2904 643 2973 quae
657 2904 732 2952 vere
746 2881 939 2951 inhabilitas
954 2892 1017 2948 est.
1033 2878 1091 2950 Co·

150 2975 320 3062 guntionis
341 2977 465 3066 quippe
488 2978 673 3066 spiritualis
692 2976 861 3044 vinculum
886 2995 945 3064 pro
973 2972 1013 3041 iis
1039 2993 1093 3041 so-

151 3071 324 3139 lummodo
343 3071 512 3140 sublatum
533 3084 593 3155 est,
616 3070 674 3160 qui
692 3069 843 3159 proprios
863 3086 989 3156 eosque
1007 3065 1092 3154 legi·

152 3163 247 3235 timos
268 3164 358 3232 filios
377 3163 410 3233 in
431 3186 509 3234 casn
534 3163 743 3234 necessitatis
762 3162 945 3250 baptizant,
968 3169 1027 3226 aut
1044 3159 1091 3227 le·

139 3270 237 3342 aaut,
255 3258 337 3348 qnia
355 3277 464 3327 sermo
484 3270 535 3327 est
552 3259 592 3326 de
610 3256 807 3344 cognatione
822 3250 1088 3341 superveniente.
1195 3326 1199 3335 ‚
1295 3248 1305 3259 '

191 3350 316 3434 Quaeri
336 3347 398 3418 10⁰
419 3365 538 3441 potest,
558 3373 625 3440 quo
646 3350 720 3418 iure
737 3346 890 3437 cognatio
907 3344 1090 3436 spiritualis

150 3443 406 3517 matrimonium
428 3445 587 3514 dirimat?
605 3445 739 3514 Certum
761 3454 823 3527 est,
845 3438 1088 3520 non-naturali,

147 3553 204 3608 eut
220 3539 348 3643 diuino,
372 3540 429 3607 sed
450 3539 672 3609 ecclesiastico
695 3539 864 3609 dumtaxat
879 3535 956 3629 ‘iure
978 3532 1091 3621 matri-
