2642 4175
500 398 662 445 eremium
681 398 703 444 1.
953 387 1019 446 4¹35

131 502 206 569 iure
225 486 387 586 abroget,
408 514 467 566 seo
488 496 632 579 efficiat,
651 507 690 566 ut
714 497 838 588 absque
857 498 974 569 iudicis
992 520 1070 569 seu·

134 591 239 662 tentia
259 591 429 659 viaculum
449 590 689 679 disrumpatur,
711 611 877 681 omneque
897 593 949 661 ius
968 594 1008 662 ad
1026 594 1071 662 ci·

25 746 26 751 ,
134 686 216 754 viles
236 685 370 754 effectus
402 683 585 753 amittatur.
612 683 760 752 inomni
789 705 932 775 namque
952 687 1068 756 conia·

134 779 204 867 gio,
225 778 303 847 licet
320 775 478 845 radicitus
495 777 598 860 nullo,
621 776 713 845 adest
732 796 863 866 semper
876 778 926 845 rel
941 778 1068 862 titulos,

25 872 26 881 ’
134 874 184 940 vel
206 872 323 939 saltem
345 869 508 959 quaedam
529 868 614 938 tituli
636 868 781 957 species,
800 890 885 959 quae
904 869 1069 940 iudiciali·

25 1010 26 1047 2
135 975 186 1032 ter
202 963 329 1032 destrui
344 963 455 1031 debet.
471 960 555 1029 Hinc
573 961 751 1044 Trouchet,
773 961 905 1049 Confer
918 963 963 1031 du
984 962 1070 1033 Codc

133 1064 212 1124 tom
248 1055 287 1138 9,
312 1076 351 1146 p
384 1053 430 1122 lla
460 1053 529 1122 uit:
555 1055 722 1123 idumeis
754 1056 784 1122 le
807 1056 955 1143 moriupe
982 1056 1069 1126 u’est

134 1150 196 1218 nul
213 1150 253 1216 de
268 1149 360 1238 ploitt
379 1148 486 1230 droit,·
507 1147 535 1213 ῖῖ
553 1168 612 1234 po
634 1149 779 1237 toujoure
799 1169 847 1215 uu
860 1149 942 1219 ῖῖῖνν
957 1156 988 1216 et
1005 1171 1069 1219 etue

134 1262 316 1331 apporeuce
332 1240 414 1328 qu't‘l
431 1240 504 1327 faut
523 1240 686 1307 de'lruire:
710 1263 724 1304 ν
747 1238 837 1320 Quae
857 1241 954 1309 uerba
975 1242 1070 1310 adhi-

136 1334 409 1415 bens'loullier,
433 1340 511 1401 tom.
534 1332 551 1397 l
570 1354 636 1421 ,.p
660 1330 753 1414 dut,
781 1333 893 1402 addit:
923 1332 1070 1423 (Ilpa

136 1443 198 1496 ture
214 1428 378 1516 question
385 1428 407 1494 d
426 1426 552 1494 decidet
568 1444 632 1514 por
661 1426 721 1493 le
701 1447 783 1516 pape
801 1428 860 1516 qui
874 1428 942 1495 doit
961 1428 1071 1517 appli-

135 1540 214 1610 pucr
231 1522 261 1587 le
279 1521 367 1587 droit
385 1540 430 1586 uu
448 1519 530 1606 {uim
552 1517 587 1585 lo
605 1540 699 1586 cotue
721 1521 760 1586 de
777 1520 897 1589 trullile'
910 1529 990 1610 peut
1005 1529 1072 1589 etre

25 1634 27 1691 l
135 1615 255 1700 fouere,
279 1613 313 1680 lo
329 1611 447 1679 audite
462 1617 539 1700 peut
558 1614 625 1680 titre
646 1619 804 1679 muocrte.
827 1635 840 1677 ν
863 1612 952 1681 idem
971 1613 1071 1682 habet

138 1707 184 1775 tl.
216 1706 387 1774 Duranton
407 1715 488 1772 tom.
509 1701 555 1787 d,
577 1725 652 1792 pag.
681 1702 762 1772 263.
785 1705 993 1795 Quapropter
1019 1706 1070 1774 di·

25 1804 27 1841 ;
137 1798 304 1881 summer,
341 1797 428 1886 quod
450 1796 624 1867 intercedit
652 1796 741 1865 inter
760 1798 994 1887 impedimenta
1016 1820 1071 1868 ra·

137 1892 257 1960 dicitas
278 1889 467 1959 dirimentia
486 1898 519 1957 et
538 1909 601 1971 ea,
624 1909 710 1977 quae
740 1910 800 1977 per
819 1890 1069 1977 abrogationem

139 1984 281 2067 irritant,
298 1983 332 2051 in
352 2004 391 2052 eo
405 1983 511 2050 solum
532 1980 693 2064 consistit,
714 1983 802 2071 quod
818 1982 852 2049 in
873 1983 975 2071 priori
991 2003 1070 2052 casu

138 2077 263 2147 iudices
282 2077 451 2147 declarant
467 2074 715 2144 matrimonium
730 2075 822 2143 nulle
835 2074 963 2144 ratione
978 2077 1072 2144 exsti·

139 2172 239 2254 lisse,
263 2171 298 2239 in
330 2171 434 2238 altero
468 2188 545 2237 vero
575 2167 825 2237 matrimonium
862 2168 1068 2250 dissolvunt,

139 2264 285 2353 eiusque
299 2261 548 2350 abrogationem
568 2260 769 2354 iudicialiter
788 2260 1018 2352 pronuntiant.

186 2353 332 2425 Ulterius
372 2355 399 2423 si
437 2354 544 2442 legem
583 2353 711 2422 civilem
756 2343 844 2422 serio
882 2363 1073 2442 attenteque

25 2453 26 2456 ’
140 2448 341 2554 perscrutari
366 2447 531 2530 volueris,
554 2446 650 2515 lacile
668 2447 816 2536 reperies
837 2445 1072 2553 impedimenta

25 2577 26 2594 i
141 2540 355 2623 dirimentis,
378 2560 443 2610 non
464 2560 528 2608 uua
553 2560 685 2630 semper
713 2540 896 2629 eademque
913 2539 1069 2623 ratione,

142 2632 392 2706 matrimonium
410 2632 591 2716 infirmare,
612 2644 644 2702 et
662 2633 807 2702 abolere.
827 2634 861 2702 ld
880 2633 967 2703 enim
988 2654 1073 2723 qua·

142 2727 284 2817 druplici
313 2726 440 2794 ratione
459 2726 533 2796 lieri
554 2735 684 2815 potest,
706 2727 794 2795 unde
812 2725 1047 2815 quadruplex
1039 2746 1073 2793 m

139 2822 214 2889 loro
235 2829 370 2889 externo
390 2819 491 2886 ννννῖῖνῖ
478 2827 528 2886 lus
548 2818 753 2905 producitur,
772 2834 892 2906 nempe
912 2818 1072 2900 absoluto,

143 2914 242 2992 relat
215 2922 296 2993 t,cuo
314 2919 471 3000 perpetuo
492 2922 525 2980 et
544 2912 753 3000 temporario
774 2909 818 2977 lle
839 2909 978 2998 singulis
999 2908 1078 2977 defi·

25 3003 27 3010 ‘
145 3005 306 3074 uiliorem
327 3005 423 3072 dabo.
446 3002 818 3080 Nullitosodsolutcea
841 3013 902 3084 est,
926 3002 1078 3091 quaedi-

147 3111 235 3168 recte
266 3098 425 3165 laudatur
458 3096 577 3164 motivo
597 3094 723 3163 ordinis
757 3094 904 3183 publici,
931 3094 1078 3183 bonique

146 3190 343 3268 communis,
361 3205 513 3278 quaeque
531 3188 570 3257 ab
592 3187 757 3271 omuibus,
773 3208 917 3276 quorum
931 3187 1080 3266 interest,

148 3291 180 3353 et
198 3284 240 3352 ab
261 3283 331 3371 ipso
351 3281 533 3349 ministerio
556 3280 706 3370 publico,
730 3300 789 3349 seu
806 3280 899 3369 regio
920 3299 1078 3369 procura·

147 3385 218 3446 tore
233 3428 244 3462 p,
271 3376 304 3443 in
324 3374 469 3444 medium
493 3373 611 3443 adduci
638 3385 755 3463 potest.
777 3374 924 3443 Nullitus
940 3372 1081 3441 relativo

147 3467 202 3536 illa
223 3480 389 3552 censetur,
409 3487 494 3557 quae
513 3466 601 3535 bono
622 3467 892 3556 rantomprivato
914 3466 1078 3546 innititur,

149 3581 303 3652 quaeque
321 3561 439 3629 adduci
460 3559 588 3649 nequit,
605 3559 669 3628 nisi
685 3561 824 3631 durante
844 3562 986 3651 quodam
1004 3570 1096 3627 lem-⁴
