2642 4175
220 359 264 419 88
573 379 675 424 unaue
693 377 727 423 11.

174 476 289 545 fideles
310 495 349 545 eo
369 475 437 547 ritu
458 476 628 545 celebrare
649 473 912 559 matrimonium,
935 486 972 543 ut
990 475 1033 546 sit
1054 496 1108 545 sa·

174 579 400 652 crementum,
433 579 467 640 et
507 590 618 638 veram
657 570 798 657 gratiam
833 569 962 640 afferat.
998 569 1036 638 lu
1067 591 1108 639 eo

175 674 287 732 tamen
314 662 519 752 disputatum
538 662 616 731 olim
651 663 737 746 suit,
772 684 814 732 au
833 683 953 753 nempe
975 664 1108 752 quodli-

174 757 230 825 bet
247 755 396 825 fidelium
427 756 677 826 matrimonium
709 756 810 825 suerit
833 777 966 847 semper
990 756 1108 827 Sacra·

174 861 322 920 mentum
340 903 348 932 ,
369 850 414 919 ita
438 861 474 919 ut
491 862 680 920 contractus
697 852 901 920 matrimonii
918 851 1047 940 seiungi
1068 873 1109 921 ac

174 942 323 1033 separari
349 955 494 1034 nequeat
513 966 531 1013 a
552 945 682 1014 ratione
699 943 915 1028 sacramenti,
937 965 996 1014 seu
1016 947 1106 1035 quod

174 1037 262 1107 idem
296 1050 371 1121 est,
406 1058 448 1107 an
473 1037 546 1108 fieri
583 1059 730 1128 unquam
769 1039 873 1128 possit
903 1038 992 1109 inter
1018 1038 1108 1128 ipsos

174 1129 289 1201 fideles
308 1131 517 1215 christianes,
541 1143 578 1201 ut
593 1153 707 1202 rerum
729 1152 768 1201 ac
786 1145 895 1202 ratum
915 1132 948 1201 in
977 1133 1108 1202 ratione

174 1234 362 1295 contractus
396 1225 556 1295 celebrari
589 1225 838 1295 matrimonium
879 1246 945 1294 non
976 1226 1104 1314 possit,

174 1316 255 1408 quin
276 1338 316 1388 eo
335 1318 407 1408 ipso
427 1318 471 1388 sit
490 1316 767 1389 Sacramentum?
790 1318 925 1410 Antiqui
950 1318 1109 1389 Doctores

172 1411 394 1494 scinduntur,
416 1410 479 1481 hac
498 1412 532 1481 in
552 1433 606 1497 re,
630 1412 665 1482 in
685 1414 766 1483 duas
788 1413 956 1503 oppositas
974 1424 1109 1483 senten·

172 1503 248 1588 tias,
271 1505 470 1594 negantibus
486 1506 571 1591 aliis,
593 1520 707 1576 contra
724 1529 801 1576 vero
824 1506 898 1576 aliis
914 1506 1109 1576 affirmanti·

173 1598 249 1667 bus.
269 1597 341 1667 Non
359 1600 454 1688 pauci
472 1601 565 1671 fuere
591 1601 647 1691 qui
670 1600 938 1680 matrimonium,
955 1601 1043 1691 qnod
1061 1600 1111 1669 in·

173 1703 226 1761 ter
243 1691 359 1761 fideles
378 1691 576 1764 christianos
594 1694 747 1763 absentes
765 1715 825 1784 per
845 1707 1105 1784 procuratorem,

173 1805 233 1856 seu
252 1805 312 1874 per
328 1786 500 1875 epistolam
520 1788 744 1872 contrahitur,
767 1809 880 1858 verum
942 1808 977 1858 se
994 1786 1111 1857 Sacra·

174 1889 322 1955 mentum
344 1879 587 1952 intimarentur.
615 1882 742 1951 Rursus
769 1882 827 1972 qui
849 1894 906 1951 tue
931 1893 1028 1950 antur
1050 1880 1110 1951 So·

173 1973 340 2043 cerdotem
355 1994 426 2045 esse
446 1974 545 2045 huius
566 1974 769 2045 Sacramenti
785 1975 986 2057 ministrum,
1008 1987 1110 2065 atque

172 2067 283 2151 verba,
303 2068 427 2159 quibus
446 2070 681 2141 contrahentes
694 2069 869 2160 coniungit
887 2068 921 2140 in
939 2069 1111 2140 matrimo-

165 2161 229 2230 nio
260 2181 331 2231 esse
361 2164 500 2233 formam
521 2218 529 2249 ,
554 2165 733 2234 tuebantur
764 2164 864 2234 etiam
898 2163 1107 2233 matrimonio

173 2256 388 2340 claudestina,
409 2279 496 2347 quae
521 2269 597 2327 aute
617 2260 790 2329 decretum
810 2257 949 2327 tionciiii
970 2257 1108 2326 Triden-

173 2349 234 2419 tini
261 2361 340 2419 suut
357 2351 535 2434 celebrata,
557 2371 632 2419 vera
652 2365 686 2422 et
704 2363 774 2421 rata
800 2351 901 2421 inisse
922 2351 956 2419 in
981 2350 1109 2420 ratione

173 2453 383 2526 contractus,
408 2464 475 2513 non
496 2443 532 2514 in
550 2445 681 2515 ratione
705 2443 933 2525 Sacramcuti‚
952 2463 1027 2513 eum
1047 2462 1110 2514 nec

172 2556 234 2625 per
253 2535 442 2605 ministrum
457 2536 635 2619 Ecclesiae,
654 2559 716 2608 nec
730 2540 837 2608 forma
854 2550 1009 2608 consueta
1025 2535 1105 2606 inita

172 2630 316 2697 fuerant.
341 2629 532 2700 Tuebantur
550 2632 677 2721 pariter
696 2631 906 2708 matrimonia
925 2652 1011 2722 quae
1036 2642 1111 2720 post

172 2720 273 2792 Gonu.
296 2721 389 2790 Trid.
409 2723 546 2795 suerunt
561 2737 740 2807 contracta,
755 2741 929 2815 praesente
948 2724 1107 2811 Parooho,

174 2813 230 2883 sed
250 2814 513 2888 benedictionem
531 2820 714 2910 nuptialem
731 2831 919 2903 recusante,
936 2832 1045 2889 auten
1058 2817 1111 2886 in·

173 2906 263 2993 vito,
285 2908 389 2979 valida
411 2911 547 3001 quidem
567 2934 657 2995 esse,
680 2913 789 3004 quoad
812 2914 927 2984 foedus
946 2925 979 2983 et
996 2911 1111 2980 rincu-

173 3001 256 3086 lum,
280 3023 346 3071 non
370 3015 479 3075 tamen
510 3008 620 3096 quoad
642 3005 905 3077 Sacmmentum.
934 3007 979 3073 Ex
1002 3006 1044 3074 iis
1061 3016 1111 3074 et·

174 3094 266 3181 iam,
293 3095 351 3186 qui
379 3097 467 3188 ipsos
496 3101 755 3185 contrahentes,
780 3100 880 3169 huius
906 3097 1110 3169 Sacramenti

174 3188 343 3261 ministros
363 3191 561 3281 opinantur,
586 3213 651 3264 uon
672 3194 829 3278 defuere,
850 3193 907 3284 qui
928 3193 1107 3276 sentirent,

173 3282 247 3353 fieri
267 3283 449 3374 aliquando
470 3307 577 3376 posse,
600 3298 638 3356 ut
658 3287 907 3357 matrimonium
928 3287 1015 3357 inter
1034 3285 1112 3355 tide

175 3375 237 3459 les,
259 3377 336 3447 licet
354 3378 522 3465 subsistat,
545 3390 579 3450 et
596 3381 740 3451 validum
761 3381 804 3451 sit
824 3381 858 3451 in
879 3381 965 3451 linea
985 3390 1113 3450 eontra·

174 3478 258 3553 etus,
280 3489 347 3540 nou
363 3472 521 3543 subsistat
538 3486 650 3544 tamen
671 3475 705 3544 in
726 3475 814 3545 tinea
835 3470 1052 3554 Sacramenti
1072 3491 1113 3542 eo

175 3563 264 3652 quod
296 3565 529 3639 contmhentes
560 3588 675 3639 carere
700 3569 879 3659 aliquando
900 3578 1037 3659 possunt
1055 3566 1114 3635 dc-
