2642 4175
291 342 355 399 126
636 352 737 398 oarur
747 353 782 396 11.

239 475 280 524 ex
300 451 599 534 contrahentibus,
621 450 750 522 virente
778 451 908 532 altero,
930 449 1180 520 matrimonium

242 546 416 625 iacebant
432 545 683 635 quamprimum
698 543 845 614 initurus
858 543 913 624 sit,
928 544 1179 614 matrimonium

242 638 465 710 conscientiae
480 638 694 708 manifestare
706 651 862 727 oportere
879 647 1006 707 certum
1028 637 1178 727 explora·

175 799 179 806 .
243 744 384 823 tumque
405 744 468 801 est.
488 732 639 822 itemque
656 731 684 800 si
705 730 864 819 coniuges
880 750 993 800 secum
1013 730 1175 813 habitent,

243 838 304 895 aut
322 828 406 895 adeo
424 824 636 894 familiariter
653 835 851 907 vorsentur,
875 836 914 892 ut
931 824 1124 893 scandalum
1144 824 1178 893 in

244 920 363 1008 vulgus
383 931 493 988 ortum
514 918 580 1002 sit,
604 930 705 1007 atque
722 917 763 986 ab
793 917 956 1007 Episcopo
975 915 1092 986 moniti
1111 920 1185 986 non

243 1013 401 1081 studeant
416 1011 461 1080 ita
479 1022 574 1081 caute
587 1032 622 1080 se
635 1031 765 1099 gerere,
778 1024 816 1081 ot
827 1010 996 1100 quaelibet
1012 1009 1089 1079 mali
1104 1031 1178 1080 oon-

244 1105 339 1174 sortii
360 1104 505 1194 suspicio
524 1105 704 1186 adimatur,
726 1103 856 1174 videtur
874 1104 914 1172 ad
935 1104 1128 1172 scandalum
1141 1124 1176 1173 a·

244 1200 467 1280 vertendum,
490 1198 568 1266 dum
591 1196 737 1285 privatae
758 1197 1001 1266 admonitiones
1013 1217 1084 1267 non
1105 1217 1179 1287 pro·

244 1291 399 1373 luerunt,
422 1291 603 1378 Episcopus
623 1310 742 1378 posse,
766 1290 833 1359 imo
854 1290 976 1360 dobere
1007 1288 1177 1358 matrimo-

243 1383 338 1451 nium
357 1384 464 1472 ipsum
483 1383 651 1470 evulgare.
673 1383 776 1451 Nemo
798 1382 897 1452 etiam
920 1382 1071 1466 dubitat,
1093 1381 1174 1472 quin

246 1474 306 1543 filii
323 1476 450 1564 possint
470 1475 720 1546 matrimonium
742 1477 896 1565 prodere,
910 1477 1042 1565 quando
1057 1496 1108 1544 ex.
1123 1496 1178 1563 gr.

244 1566 459 1638 baereditatis
489 1568 570 1658 ipsis
592 1580 791 1638 testamento
811 1570 941 1638 delatae
972 1570 1033 1637 sub
1063 1568 1178 1637 condi·

247 1661 350 1746 tione,
372 1661 399 1730 si
421 1661 560 1750 legitimi
583 1662 665 1741 sint,
685 1674 743 1730 aut
762 1661 817 1730 alii
839 1662 1077 1752 cuiuscumque
1096 1661 1178 1730 iuris

247 1767 305 1824 aut
324 1754 476 1825 utilitatis
496 1766 619 1824 certam
650 1755 810 1824 iacturam
841 1754 959 1823 facturi
984 1766 1105 1825 essent.
1128 1756 1178 1822 An

243 1867 321 1917 vero
340 1848 819 1936 matrimoniumprodeudum
840 1849 907 1931 sit,
927 1849 1060 1938 quando
1081 1846 1180 1916 aliter

243 1960 310 2009 non
325 1941 397 2025 lilii,
413 1943 469 2011 sed
485 1953 659 2011 extraneae
688 1962 849 2029 personae
864 1941 989 2011 iactura
1009 1954 1042 2011 et
1058 1941 1179 2010 damno

246 2034 472 2121 afficerentur,
487 2034 709 2105 controversia
725 2046 787 2104 est.
806 2034 912 2105 Huius
927 2035 976 2105 rei
992 2035 1178 2124 exemplum

184 2159 186 2162 ·
242 2129 304 2198 sit:
326 2129 376 2197 vir
395 2130 639 2199 usumfructum
657 2128 822 2199 bonorum
841 2150 979 2198 suorum
997 2127 1116 2216 legavit
1137 2149 1179 2195 u-

243 2222 313 2290 xori
327 2224 393 2292 sub
403 2222 604 2304 conditione,
622 2221 685 2290 nisi
696 2222 735 2290 ad
754 2222 915 2291 secundas
929 2221 1060 2310 nuptias
1076 2233 1180 2290 trans·

243 2315 356 2389 iverit:
379 2314 495 2383 llulier
515 2333 592 2382 vero
619 2316 702 2382 clam
727 2314 975 2383 matrimonium
1011 2313 1180 2383 conscien-
1281 2327 1284 2334 ’

245 2407 310 2475 tiae
331 2406 435 2490 inivit,
459 2417 496 2473 ut
514 2406 632 2493 legatis
646 2406 742 2477 bonis
760 2408 832 2476 sine
852 2406 1002 2476 molestia
1023 2406 1087 2475 frui
1104 2426 1179 2494 pos·

244 2511 306 2568 set.
329 2499 508 2579 Quaeritur
529 2498 664 2587 itaque,
684 2520 726 2568 an
746 2500 989 2569 attestationem
1010 2499 1083 2568 initi
1105 2519 1179 2567 ma-

245 2590 395 2660 trimonii
413 2590 594 2682 Episcopus
615 2594 745 2661 tradere
759 2593 877 2663 debeat
890 2593 1100 2675 haeredibus,
1115 2593 1177 2681 qui

244 2683 372 2771 aliquid
407 2684 449 2753 de
469 2683 671 2753 matrimonii
701 2685 805 2774 ipsius
825 2686 1048 2755 celebratione
1069 2684 1180 2774 suspi-

245 2788 376 2859 cantur,
400 2789 494 2846 uteo
515 2788 609 2866 pacto
630 2779 785 2847 adversus
805 2778 981 2848 mulierem
1003 2799 1103 2867 agere
1121 2798 1179 2845 va·

246 2870 347 2951 leant,
367 2890 456 2960 ,quae
477 2870 698 2940 conditionem
715 2872 880 2940 testatoris
899 2893 966 2940 non
980 2870 1177 2941 observavit.

246 2962 339 3030 Hauc
356 2963 585 3052 quaestionem
605 2975 709 3052 agunt
724 2964 900 3034 Caietauus
913 2964 946 3032 in
968 2987 1055 3034 sum.
1077 2964 1179 3032 verbo

242 3076 360 3142 poetro,
375 3056 475 3125 Diana
494 3056 528 3125 in
542 3055 694 3126 Editione
714 3057 903 3126 coordinata
919 3069 1000 3127 tom.
1015 3056 1067 3139 Vl,
1081 3068 1176 3125 tract.

245 3145 643 3238 &resolutumque
732 3147 735 3153 ’

292 3243 333 3310 At
348 3264 425 3312 vero
445 3243 602 3330 obligatio
621 3242 740 3312 secreti
759 3244 967 3313 custodiendi
988 3245 1022 3312 ib
1036 3242 1178 3333 gratiam

244 3335 425 3425 coniugum
444 3336 577 3405 inducta
596 3347 657 3406 est.
674 3336 891 3425 Duratigitur
909 3340 993 3407 baec
1005 3335 1178 3425 obligatio,

245 3429 355 3515 quoad
383 3428 542 3517 coniuges
571 3428 634 3517 ipsi
668 3428 788 3499 vivant.
812 3431 927 3520 ltaque
965 3432 1005 3501 iis
1040 3428 1182 3499 mortuis

246 3521 495 3591 matrimonium
515 3523 737 3611 evulgandum
758 3535 818 3609 est,
837 3537 873 3594 ut
886 3536 1014 3595 constat
1032 3525 1119 3592 filios
1143 3543 1185 3591 ex
