2642 4175
285 361 328 418 ta
632 371 736 416 carun
753 371 774 414 1.

236 472 430 541 constituit:
459 496 473 537 c
493 470 585 550 Quod
615 469 642 538 si
664 468 843 558 aliquando
863 467 1045 559 probabilis
1071 468 1174 538 suerit

236 566 381 655 suspicio
402 564 652 633 matrimonium
675 562 839 631 malitiose
867 561 1022 651 impediri
1048 582 1169 651 posse,

237 660 265 727 si
291 672 338 729 tot
357 659 598 749 praecesserint
625 657 919 738 denuntiationes,
941 667 1020 724 tunc
1039 655 1089 724 vel
1105 677 1171 724 uno

238 764 366 822 tantum
400 752 606 821 denuntiatio
626 751 707 834 fiat,
730 751 779 818 vel
807 755 922 819 saltem
944 748 1115 837 parocho,
1140 763 1174 819 et

236 847 368 915 dnobus
387 847 435 914 vel
454 846 560 914 tribus
579 845 720 916 testibus
738 842 980 933 praesentibus,
1001 841 1173 912 matrimo-

237 941 331 1008 nium
354 939 552 1008 celebretur.
568 939 693 1008 Deinde
713 948 789 1007 ante
810 937 899 1005 illius
919 935 1174 1005 consommatio·

236 1053 313 1102 nem
332 1032 599 1102 denuntiationes
615 1032 650 1101 in
671 1031 814 1099 Ecclesia
833 1030 933 1113 liant,
955 1042 992 1099 ut
1012 1029 1038 1096 si
1060 1029 1172 1119 aliqua

236 1128 377 1196 subsunt
397 1125 644 1215 impedimenta,
668 1124 797 1194 facilius
814 1124 1024 1212 detegantur,
1039 1122 1103 1190 nisi
1117 1122 1175 1191 Or·

236 1219 385 1289 dinarius
406 1219 475 1308 ipse
494 1219 648 1308 expedire
676 1217 894 1299 iudicaverit,
918 1228 954 1284 ut
984 1216 1174 1305 praedictae

237 1313 505 1382 denuntiationes
520 1312 745 1393 remittantur,
762 1311 850 1401 quod
871 1310 960 1379 illius
974 1309 1173 1399 prudentiae

236 1417 337 1495 atque
357 1406 479 1474 iudicio
500 1404 617 1474 Sancta
641 1404 792 1496 Synodus
818 1402 992 1492 relinquit.
1017 1425 1032 1468 t
1056 1403 1173 1493 ltaque

235 1493 430 1568 Ordinarius
445 1520 481 1567 ea
496 1500 543 1567 nti
557 1500 711 1568 facultate
722 1509 839 1588 potest,
848 1518 913 1565 nou
924 1507 1049 1565 temere
1062 1508 1176 1565 tamen

237 1605 270 1662 et
284 1593 354 1661 sine
369 1593 453 1662 iusta
464 1613 574 1675 causa,
586 1614 662 1660 cum
673 1590 1176 1678 illudnegotiinoneiusliberae

236 1686 395 1755 voluntati
413 1739 421 1768 ,
440 1687 497 1755 sed
519 1686 640 1755 iudicio
661 1698 694 1754 et
715 1684 910 1774 prudentiae
930 1684 1171 1752 committatur.

237 1778 436 1849 Bened.XlV
456 1780 589 1871 Eucycl.
613 1779 708 1848 Strrs
728 1796 831 1858 voum,
846 1775 889 1844 17
909 1778 985 1847 Nor.
1005 1775 1089 1844 llll
1113 1777 1173 1846 ait:

239 1897 255 1939 a
273 1873 362 1942 licet
375 1874 536 1964 Episcopo
556 1874 708 1942 relictum
731 1872 774 1943 sit
792 1871 981 1940 omnimode
1002 1891 1101 1961 super
1121 1871 1178 1939 de·

236 1967 501 2037 nuntiationibus
514 1966 1175 2056 dispensare,haectamenlacultasnona

237 2061 306 2131 sola
321 2061 542 2151 dispensantis
560 2061 729 2130 voluntate
743 2059 876 2150 pende-t,
892 2059 948 2128 sed
959 2058 1178 2129 alridentino

236 2159 412 2225 coercetur
426 2155 525 2225 arctis
540 2155 748 2245 prudentiae,
765 2152 967 2243 discretique
988 2151 1115 2221 arbitrii
1130 2153 1179 2221 le·

236 2249 347 2337 gibus,
364 2250 452 2338 quod
467 2249 555 2317 idem
571 2260 620 2318 est
638 2269 676 2317 ac
692 2246 876 2335 legitimam
893 2267 1025 2315 causam
1041 2246 1177 2334 dispen-

236 2343 376 2411 sationis
390 2342 599 2430 requircre,›
616 2341 696 2431 quin
716 2342 783 2408 imo
803 2352 908 2410 const.
927 2339 1097 2409 chlllUll
1117 2338 1174 2406 Ll-

237 2434 428 2517 CENTIAM,
441 2457 455 2499 n
467 2433 585 2502 citatus
593 2433 743 2503 Pontifex
755 2454 887 2502 causam
902 2433 1085 2522 legitimam
1099 2452 1178 2520 gra-

238 2527 407 2596 vissimam
429 2538 462 2595 et
481 2526 724 2596 ineluctabilem
747 2527 904 2616 exposcit.
931 2525 1096 2595 Ordinarii
1115 2547 1178 2594 no·

239 2620 329 2689 mine
347 2640 414 2688 non
442 2630 568 2688 tantum
591 2621 772 2710 Episcopus
792 2619 1013 2708 intelligitur,
1041 2631 1074 2688 et
1094 2617 1180 2688 San·

238 2724 311 2781 ctae
331 2711 423 2781 Sedis
443 2712 581 2800 Legatos
601 2726 754 2804 respectu
786 2735 866 2783 suae
886 2713 1100 2803 provinciae,
1120 2734 1179 2781 ve·

240 2827 314 2874 rum
333 2806 431 2874 etiam
448 2806 647 2894 Capitulum,
659 2808 737 2877 sede
753 2821 900 2889 vacante,
918 2806 1088 2876 Praelatus
1102 2807 1180 2874 nul-

239 2899 305 2967 lius
326 2910 359 2968 et
380 2899 449 2988 ipse
469 2899 617 2969 Vicarius
646 2901 824 2989 generalis.
838 2979 842 2986 ¹
856 2900 963 2970 lustae
990 2912 1100 2968 autem
1127 2900 1181 2967 di·

240 2994 419 3081 spensandi
452 3014 570 3064 causae
595 3005 839 3064 numerantur:
869 2993 906 3059 l⁰
933 2993 1113 3083 probabilis
1138 2992 1181 3061 ti-

242 3105 315 3154 mor
351 3087 391 3155 de
427 3088 639 3157 matrimonio
680 3087 844 3156 malitiose
880 3087 1104 3177 impediendo.
1141 3084 1180 3152 2⁰

242 3178 442 3248 Scandalum
462 3181 655 3269 poblicum,
678 3202 736 3249 seu
759 3181 910 3264 infamia,
933 3180 1032 3249 veluti
1053 3180 1079 3248 si
1101 3200 1181 3248 con·

241 3273 418 3356 cnbinarii,
442 3274 499 3362 qui
524 3296 583 3364 pro
604 3274 761 3363 legitimis
781 3274 977 3362 coniugibus
996 3274 1176 3356 habentur,

242 3366 450 3450 contrahant,
473 3367 502 3434 si
522 3368 694 3438 defloratio
712 3368 939 3457 praecesserit,
962 3379 994 3437 et
1008 3368 1179 3449 timeatur,

244 3478 287 3526 ne
305 3458 354 3527 vir
373 3462 573 3530 voluntatem
606 3472 733 3544 mutet,
756 3473 813 3530 aut
845 3463 942 3550 longe
969 3462 1181 3551 prolecturus

244 3551 333 3622 illico
353 3553 406 3638 sit,
428 3554 507 3624 item
526 3556 553 3626 si
574 3557 657 3627 alter
677 3576 874 3646 sponsorum
902 3558 936 3624 in
956 3556 1041 3624 vitae
1062 3554 1183 3623 discri-
