2642 4175
275 334 340 392 100
621 341 723 386 carus
742 341 776 385 ιι.

225 462 292 517 torn
314 443 513 549 postulatur
537 441 610 508 lluc
628 451 756 528 spectat
774 429 896 510 decisio
918 439 950 508 S
971 440 1008 509 C
1026 462 1086 527 pro
1105 461 1168 510 ne·

226 539 326 629 gotiis
346 535 512 605 Ecclesiae
531 533 717 603 Gallicanae
738 532 792 602 die
814 533 859 601 ιι
873 534 977 623 April.
995 532 1099 602 1795
1114 536 1165 629 dd

228 633 367 703 dubium
389 628 477 698 enim
500 652 515 695 ι
538 627 709 715 supposito
735 629 823 716 quod
843 628 1090 697 matrimonium
1109 624 1165 697 ce-

226 728 391 796 lebratum
417 721 519 790 luerit
539 721 665 809 absque
697 720 943 790 benedictione
961 720 1161 804 Sacerdotis,

228 821 285 909 qui
308 830 386 887 tunc
402 817 566 906 (tempore
582 812 775 883 rebellionis
794 815 947 903 gallicae)
964 814 1078 882 baberi
1095 836 1164 883 non

229 924 373 1020 poterat,
395 928 437 978 an
457 907 629 977 conveniat
647 927 710 975 nec
728 924 781 990 ne,
805 922 842 977 ιιι
860 909 1007 997 praelata
1027 908 1166 976 benedi·

213 1007 296 1076 ctio
329 1015 443 1095 postea
475 1000 698 1091 suppleatur?
724 1023 738 1064 ι
765 1002 988 1090 reponebatur
1010 1026 1025 1067 ι
1048 1002 1167 1070 fideles

229 1099 412 1169 hortandos
432 1115 515 1178 esse,
534 1106 572 1163 ut
588 1114 663 1162 cum
685 1092 872 1164 Sacerdotis
890 1096 1018 1184 copiam
1039 1095 1167 1164 babere

228 1205 377 1283 possunt,
400 1189 441 1258 ab
463 1209 501 1258 eo
523 1186 789 1257 benedictionem
810 1200 946 1278 potant,
972 1188 1030 1278 qui
1052 1200 1166 1257 tamen

230 1288 297 1356 illis
315 1281 509 1361 declarabit,
530 1280 720 1349 huiusmodi
742 1282 1006 1351 benedictionem
1028 1283 1067 1350 ad
1083 1281 1166 1348 vali-

231 1381 368 1449 ditatem
394 1373 530 1443 minime
556 1374 736 1462 pertinere.
760 1398 775 1440 ι
797 1374 880 1455 Quid
906 1376 1063 1464 apertius,
1084 1374 1167 1463 quid

233 1469 483 1542 luculentius
453 1467 517 1536 diei
547 1477 654 1555 potest
683 1488 744 1556 pro
762 1470 948 1551 sententia,
972 1491 1070 1558 quam
1091 1479 1167 1536 tue-

231 1565 324 1634 mnr‘l

279 1657 454 1725 Praeterea
487 1653 657 1742 Eugenius
684 1653 763 1719 ll'
755 1675 788 1721 m
808 1655 941 1724 decreto
961 1675 1020 1743 pro
1041 1653 1169 1723 instru-

232 1752 341 1822 ctione
366 1756 598 1831 armenorum,
622 1748 703 1815 haec
724 1745 847 1816 habet:
873 1772 887 1813 ι
912 1746 1092 1854 Septimum
1114 1760 1170 1818 est

232 1845 480 1915 Sacramentum
514 1838 738 1922 Matrimonii,
760 1841 847 1930 quod
869 1855 917 1910 est
936 1842 1067 1928 signum
1087 1862 1170 1910 con-

229 1921 408 2009 iunctionis
432 1933 554 2005 Christi
578 1945 611 2003 et
630 1933 796 2002 Ecclesiae
815 1935 998 2004 seeundum
1026 1936 1170 2022 Aposto-

230 2036 298 2103 lum
324 2030 506 2099 dicentem:
541 2026 790 2096 Sacramentum
826 2028 888 2097 boc
913 2049 1069 2116 magnum
1089 2039 1164 2098 est:

229 2148 290 2216 ego
308 2136 418 2194 autem
436 2121 538 2191 dico
530 2143 564 2189 m
584 2121 715 2190 Christo
737 2134 770 2190 et
791 2121 955 2190 Ecclesia:
979 2121 1081 2190 Causa
1098 2122 1169 2190 effi-

229 2221 320 2290 ciens
340 2215 543 2286 matrimonii
562 2226 612 2283 est
632 2228 769 2283 mutuus
791 2236 969 2284 consensus
990 2237 1049 2305 per
1065 2216 1167 2284 verba

229 2316 270 2384 de
287 2309 453 2402 praesenti
472 2307 617 2395 regular
610 2319 673 2375 tter
687 2327 801 2396 expres
804 2329 873 2389 sus;
888 2332 902 2373 ι
919 2309 1000 2376 dixit
1017 2307 1167 2377 Pontifex

233 2433 246 2472 ι
266 2426 325 2495 per
341 2402 438 2471 verba
457 2400 656 2488 regulariter
670 2421 842 2488 expressus
860 2425 874 2466 ι
891 2401 968 2491 quia
983 2421 1167 2470 consensus

229 2510 366 2565 mutuus
396 2493 595 2580 regulariter
627 2493 758 2574 verbis,
782 2495 947 2563 interdum
976 2494 1111 2564 ntttibus
1130 2507 1167 2562 et

229 2588 333 2678 signis
353 2585 491 2691 exprimi
510 2585 609 2653 etiam
630 2598 750 2676 potest.
766 2588 802 2654 ln
820 2588 884 2656 boc
903 2590 1035 2657 decreto
1041 2588 1168 2695 agitur

230 2685 270 2751 de
287 2678 507 2762 llatrimonio,
531 2679 579 2747 uti
600 2691 650 2748 est
669 2678 982 2761 Sacramentum,l⁰
1002 2680 1080 2770 quia
1101 2680 1168 2748 Eu·

229 2775 348 2863 genius
381 2772 556 2861 profitetur
586 2793 621 2841 se
654 2771 943 2842 Sacramentorum
977 2773 1162 2842 doctrinam

228 2867 381 2936 Armenia
402 2866 593 2934 tradendam
613 2887 781 2935 assumere
793 2889 802 2949 3
825 2866 861 2932 E⁰
881 2867 958 2957 quia
977 2867 1083 2937 verbis
1104 2867 1164 2934 de-

229 2964 332 3029 clarat
348 2980 534 3028 sermonem
551 2960 660 3028 lacere
676 2962 716 3027 de
734 2958 944 3029 Sacramento
961 2960 1162 3029 llatrimonii

229 3056 345 3124 eodem
366 3056 461 3136 loco,
491 3074 564 3121 cum
587 3053 633 3120 ait
656 3077 670 3118 ι
696 3052 877 3141 Septimum
911 3051 1161 3122 Sacramentum

229 3160 278 3217 est
296 3147 567 3216 llatrimoniumu
590 3143 627 3212 3⁰
648 3147 781 3214 demum
804 3146 880 3235 quia
906 3148 953 3214 nil
973 3168 1056 3235 opus
1077 3159 1159 3226 erat,

228 3255 264 3312 nt
284 3240 452 3329 Eugenins
471 3242 632 3308 Armenes
650 3240 795 3317 doceret,
809 3241 1089 3328 quaemadmodum
1107 3260 1163 3306 na·

228 3334 327 3402 turali
348 3346 381 3402 et
397 3332 483 3401 civili
503 3343 674 3401 contractu
705 3332 953 3401 matrimonium
985 3333 1165 3422 perficere·

227 3441 307 3508 tur;
329 3426 361 3493 id
387 3425 511 3515 quippe
538 3426 662 3495 latebat
686 3424 878 3508 neminem,
902 3438 936 3495 et
955 3447 971 3494 a
993 3424 1166 3494 Pontificis

226 3540 326 3609 scopo
346 3519 544 3589 immensum
565 3520 691 3590 aberat.
720 3518 822 3589 Porro
845 3519 899 3589 ille
923 3540 989 3588 non
1011 3517 1167 3587 meminit
