2642 4175
310 383 315 390 ,
342 344 385 387 nn
401 342 635 388 mrunmaurrs
653 343 852 389 unrmuortu
947 332 1012 390 353

127 451 273 510 tumest
291 461 351 528 per
364 438 556 508 huiusmodi
577 439 710 528 nuptias
723 439 797 509 lites
810 460 923 510 omncs
942 441 1061 512 direm-

127 545 225 623 ptum
243 532 298 601 iri.
336 531 374 599 2⁰
393 531 441 602 Ob
453 533 722 639 'praerogatiuam
756 533 922 622 dignitatis
942 556 1060 624 regum

129 638 163 695 ct
182 646 383 713 magnorum
410 646 621 714 principum,
644 646 729 714 quac
762 646 859 694 causa
880 646 947 697 non
968 648 1061 697 acce·
1139 681 1143 686 .

129 718 279 806 ptionem
300 739 529 807 personarum,
553 718 608 786 sed
635 719 802 807 publicum
831 718 955 788 bonum
987 741 1061 810 spe·

130 823 209 880 ctat.
232 808 579 880 submouendam
607 811 818 894 maritorum,
840 812 918 880 dum
940 813 1060 903 aliquia
1154 810 1167 828 ‘

131 915 247 973 contra
267 903 344 973 fidei
362 903 543 973 catholicae
557 904 668 973 hostes
687 904 874 972 dimicando
894 903 934 973 dc
949 906 1062 975 Eccle-

131 996 179 1065 sia
199 995 426 1066 benemeritus
446 1009 507 1066 est.
542 996 579 1065 4⁰
606 995 654 1064 Ob
674 996 956 1067 conservationem
989 997 1062 1065 illu·

131 1089 210 1158 stris
228 1090 374 1158 familiae
387 1091 421 1158 in
435 1090 550 1159 codem
566 1089 739 1177 sanguine,
756 1089 902 1179 itemque
923 1090 964 1157 nb
983 1110 1061 1158 con·

132 1182 351 1252 servationem
373 1183 536 1252 bonorum
554 1182 588 1251 in
609 1181 750 1264 familia,
774 1203 859 1271 quac
883 1201 1001 1252 causac
1021 1183 1060 1252 ad

131 1275 257 1343 bonum
277 1274 446 1364 publicum
478 1275 646 1363 pertinere
673 1287 874 1359 censentur,
910 1276 989 1343 dum
1024 1297 1061 1344 ex

132 1369 380 1438 conservatione
411 1367 602 1437 huiusmodi
639 1367 841 1437 familiarum
875 1368 1060 1457 respublica

132 1461 279 1531 abundat
297 1460 374 1530 viris
393 1461 560 1530 nobilibus
577 1471 610 1528 et
627 1460 864 1548 locupletibus,
894 1461 951 1552 qui
972 1482 1061 1530 com·

133 1552 264 1621 modius
292 1553 399 1623 eidem
427 1553 618 1623 inserviant.
639 1552 676 1621 5⁰
701 1553 749 1623 Ob
776 1556 962 1643 angustiam
982 1554 1057 1638 loci,

133 1667 238 1733 quum
270 1648 390 1715 mulier
422 1646 456 1714 in
476 1648 548 1716 loco
567 1646 725 1734 originis,
746 1648 912 1718 ueletiam
933 1647 966 1715 iu
988 1648 1060 1716 loco

133 1737 346 1808 habitationis
361 1753 394 1808 ct
407 1737 577 1822 domicilii,
592 1740 633 1808 de
647 1761 715 1809 uno
730 1740 771 1807 ad
785 1740 886 1809 alium
900 1742 1010 1809 locum
1025 1760 1060 1809 se

133 1831 385 1915 transferendo,
408 1845 544 1922 propter
563 1831 651 1900 illins
672 1833 857 1919 angustiam
874 1832 981 1901 uirum
998 1833 1060 1900 sibi

28 1979 29 1982 ,
133 1944 199 1992 non
213 1926 509 2012 consanguineum,
532 1926 581 1994 vel
594 1945 661 1993 noa
676 1925 820 2007 affinem,
840 1923 928 2012 paris
948 1924 1061 1992 condi·

139 2016 248 2099 tionis,
267 2018 321 2085 cui
341 2017 468 2087 nubere
486 2017 601 2107 possit,
623 2016 771 2084 invenire
789 2027 943 2104 nequeat.
967 2014 1002 2082 6⁰
1014 2014 1062 2083 Ob

136 2109 425 2199 incompetentiam
444 2111 541 2192 dotis,
563 2110 696 2198 quando
708 2109 841 2190 mulier,
859 2119 982 2177 attenta
996 2118 1062 2175 sta·

136 2215 186 2271 tus
204 2204 257 2272 sui
274 2204 473 2287 conditione,
496 2204 606 2271 dotem
627 2201 727 2271 babet
746 2200 857 2269 minus
876 2211 1062 2288 competen-

137 2306 227 2378 tem,
259 2297 311 2365 vel
341 2308 608 2386 competentem,
637 2296 694 2363 sed
720 2295 834 2363 litibus
855 2292 1059 2375 involutam;

136 2388 351 2476 quamobrem
370 2389 507 2478 innupta
540 2403 711 2470 maneret,
747 2400 804 2456 aut
836 2398 924 2456 certe
952 2385 1059 2455 virum

135 2481 223 2566 paris
242 2480 441 2550 conditionis
472 2502 539 2550 non
571 2479 839 2564 inveniret‚·nisi
872 2479 976 2548 nubat
1005 2480 1061 2548 tali

135 2573 382 2662 consanguineo
411 2576 464 2644 rel
497 2573 586 2643 affini
623 2595 709 2657 suo,
731 2573 788 2662 qui
808 2592 880 2642 eam
916 2593 991 2641 cum
1011 2573 1061 2641 di·

136 2676 184 2735 cta
205 2665 317 2734 minus
334 2666 533 2756 competenti
561 2667 637 2736 dote
663 2669 697 2734 in
725 2688 861 2735 uxorem
881 2665 1058 2749 absolute,

136 2759 184 2826 vel
202 2760 367 2847 promisso
387 2780 468 2843 aaa,
490 2770 549 2828 aut
565 2759 606 2827 ab
631 2758 697 2827 alio
728 2759 813 2827 dotis
843 2771 1058 2845 augumento,

136 2850 296 2920 ducturus
314 2863 376 2934 est;
398 2873 484 2942 quae
504 2850 639 2939 quidem
658 2870 755 2918 causa
773 2849 877 2935 magis
897 2860 1006 2935 urget,
1033 2850 1060 2916 si

136 2945 258 3013 mulier
276 2946 410 3033 penitus
430 2946 575 3013 indotata
597 2941 723 3022 existat,
745 2952 778 3009 et
797 2941 1063 3032 consanguineus

134 3037 184 3104 vel
205 3038 313 3106 affinis
332 3039 373 3106 ad
402 3058 475 3107 eam
507 3036 555 3104 sic
582 3035 761 3103 indotatam
800 3052 864 3101 non
898 3033 996 3101 modo
1028 3034 1061 3100 iu

28 3140 29 3205 ?
136 3122 272 3198 uxorem
305 3131 500 3213 ducendam,
523 3148 635 3198 veram
657 3125 755 3194 etiam
777 3125 816 3194 ad
838 3135 1063 3212 competenter
1119 3139 1127 3150 ·

136 3242 173 3289 ex
189 3223 322 3311 integro
341 3223 537 3307 dolandam,
561 3220 616 3289 ubi
638 3218 747 3287 dotale
779 3216 929 3305 regimen
960 3215 1058 3303 viget,

134 3326 270 3401 paratus
287 3329 349 3387 est.
371 3317 459 3386 ldem
479 3315 544 3398 dic,
559 3313 586 3383 si
600 3313 649 3381 vir
668 3310 893 3399 locupletioris
911 3308 1062 3377 fortunae

135 3411 324 3494 mulierem,
347 3432 407 3499 pro
425 3431 488 3499 qua
510 3404 723 3494 caeteroquin
740 3402 821 3471 haec
841 3422 937 3470 causa
957 3402 1059 3486 adest,

133 3501 167 3572 in
187 3524 325 3574 uxorem
346 3504 444 3572 ducat
462 3502 524 3571 sub
544 3500 707 3589 regimine
734 3494 978 3566 communitatis
1005 3495 1063 3562 bo-

227 3637 266 3690 Dc
285 3635 447 3688 Matrimonia
921 3656 924 3660 ’
963 3627 996 3677 25
