2642 4175
339 378 383 422 nn
401 355 635 425 mrunmnurrs
653 381 852 428 usrnmorm
950 370 1016 429 319

133 474 212 545 ticos
246 475 368 564 passim
403 475 563 546 invenies.
587 477 660 546 Huc
689 478 770 548 illud
791 479 941 564 aceedit,
975 483 1063 571 quod

135 587 247 639 omnes
276 567 422 640 Orientis
454 581 488 637 et
518 569 704 641 Occidentis
734 572 900 643 Ecclesiae
935 595 1000 644 une
1033 589 1068 645 et

137 676 243 733 mente
262 673 296 731 et
315 684 394 733 voce
414 664 455 732 de
472 663 536 732 hoc
555 664 708 752 dogmate
740 679 901 755 perpetuo
926 688 1066 737 consen·

136 767 259 836 serunt,
275 768 376 845 atque
393 757 534 828 mirifice
553 759 765 829 consentiunt
784 760 882 829 etiam
897 774 971 850 post
984 762 1068 831 schi-

135 870 213 929 sma,
235 850 403 940 siquidem
423 849 538 920 Graeci
558 852 807 921 matrimonium
827 874 894 922 non
913 855 1069 944 simplici·

134 954 183 1011 ter
206 943 403 1034 mysterium
424 956 564 1028 vocant,
590 949 770 1015 sedunum
793 968 830 1015 ex
850 959 975 1035 septem
996 969 1068 1038 my·

134 1037 252 1115 steriis,
273 1059 359 1127 quae
379 1060 438 1128 per
459 1038 619 1127 Spiritum
642 1039 798 1108 Sanctum
819 1052 1012 1128 operantur,
1036 1053 1069 1110 et

134 1130 339 1218 spiritualem
376 1132 528 1201 ellectum
564 1135 748 1202 continent.
789 1158 803 1200 1
832 1134 914 1201 Cum
950 1133 1066 1221 igitur,

18 1309 22 1318 .
135 1235 210 1292 sunt
230 1225 329 1293 verba
344 1225 482 1306 Concilii
497 1225 682 1294 Tridentini
697 1247 778 1295 sess.
793 1225 899 1310 XXlV,
916 1226 955 1296 de
976 1223 1067 1295 Sacr.

133 1317 289 1402 Matrim,
311 1319 557 1388 Matrimonium
579 1318 612 1387 in
632 1321 707 1409 lege
727 1320 923 1408 Euangeliou
950 1319 1070 1389 veteri·

133 1410 194 1478 bus
213 1412 390 1481 connubiis
411 1435 471 1501 per
491 1411 660 1481 Christum
683 1412 788 1501 gratia
809 1425 977 1502 praestet,
1001 1433 1071 1481 me-

134 1503 197 1571 rito
219 1505 308 1575 inter
335 1507 541 1595 novaelegis
563 1504 774 1575 Sacramenta
805 1507 1070 1576 enumerandum

134 1594 243 1666 Sancti
266 1598 380 1668 Patres
400 1602 530 1682 nostri,
552 1598 717 1684 Consilia,
741 1612 774 1668 et
792 1601 990 1669 universalis
1010 1599 1072 1668 Ec·

124 1691 254 1759 *elesiae
273 1693 407 1762 traditio
438 1714 571 1785 semper
596 1695 796 1763 docuerunt.
821 1704 835 1760 t
860 1693 900 1761 Et
926 1715 1002 1763 can.
1022 1693 1039 1759 1
1061 1714 1068 1760 :

18 1823 19 1880 3
137 1808 151 1849 1
175 1783 208 1852 Si
233 1786 309 1874 quis
338 1787 457 1855 dixerit
476 1787 725 1856 matrimonium
756 1808 822 1855 non
852 1807 923 1856 esse
942 1807 1018 1856 vere
1039 1798 1073 1855 et

18 1891 19 1948 l
133 1880 268 1967 proprie
288 1900 392 1947 unum
413 1902 451 1948 ex
472 1892 599 1970 septem
617 1880 701 1967 legis
719 1879 936 1966 Evangelicae
956 1879 1073 1948 Sacra·

18 2039 19 2050 ,
132 1971 254 2040 mentis
275 1994 292 2040 3
314 1973 445 2041 Christo
465 1973 605 2042 Domino
635 1972 849 2054 institutum,
871 1972 928 2039 sed
950 1972 991 2041 ab
1011 1972 1073 2041 ho-

18 2100 19 2105 =
133 2064 280 2134 minibus
297 2064 330 2134 in
347 2066 492 2136 Ecclesia
513 2067 696 2148 inventum,
713 2085 823 2153 neque
841 2064 981 2152 gratiam
1000 2084 1074 2132 con-

132 2158 232 2242 ferre,
255 2160 431 2230 anathema
460 2161 517 2229 sit.
542 2184 557 2225 1
589 2159 679 2228 Nihil
701 2171 810 2228 autem
833 2157 907 2225 novi
928 2179 946 2224 a
966 2155 1074 2226 Petri-

133 2252 194 2321 bus
208 2253 413 2323 Tridentinis
427 2254 601 2322 definitum
623 2265 687 2322 est.
699 2254 802 2321 Antea
821 2250 909 2320 enim
928 2249 1073 2338 idipsum

133 2346 173 2414 ab
193 2347 347 2435 Eugenio
369 2348 406 2416 lv
427 2348 462 2416 in
492 2348 651 2417 Instruct.
681 2348 929 2427 Armenorum,
953 2344 1020 2412 imo
1042 2355 1075 2412 et

133 2441 238 2508 multo
272 2440 365 2527 prius
399 2465 417 2510 a
449 2441 550 2510 Lucio
571 2441 614 2509 111
641 2441 674 2509 in
708 2439 855 2508 Concilio
888 2436 1070 2507 Veronensi

133 2554 221 2601 anno
246 2531 330 2600 1181
356 2588 364 2618 ,
388 2547 421 2603 et
439 2536 480 2603 ab
499 2533 693 2603 lnnocentio
713 2532 756 2600 111
790 2533 824 2600 in
857 2529 1072 2600 lateranensi

134 2647 222 2694 anno
245 2624 350 2710 1115,
370 2628 510 2717 aliisque
531 2628 564 2696 in
585 2627 742 2698 Consiliis
760 2625 933 2695 definitum
950 2626 1073 2693 fuerat.

133 2720 214 2787 Vide
235 2719 381 2790 Perrone
405 2746 419 2787 1
438 2723 479 2789 de
499 2722 707 2790 llatrimonio
724 2720 912 2790 Christiano
930 2742 944 2786 l
967 2718 1027 2786 lib.
1049 2718 1075 2798 1,

133 2825 217 2882 sect.
239 2811 273 2895 1,
297 2834 369 2902 cap.
393 2814 426 2898 1,
450 2825 512 2883 art.
536 2814 572 2882 1.

182 2906 306 2976 Verum
329 2907 416 2975 idem
432 2909 559 2976 llarcus
573 2905 736 2975 Antonius
752 2905 798 2974 lle
814 2905 973 2986 Dominis,
990 2914 1076 2992 post-

18 3036 19 3039 *
134 3021 239 3089 quam
260 3011 374 3069 contra
394 2997 594 3069 Matrimonii
630 2999 837 3066 sanctitatem
872 3000 975 3069 mulla
1000 3018 1075 3066 evo·

135 3094 236 3175 muit,
259 3094 341 3161 illud
361 3094 505 3183 denique
525 3090 627 3175 addit,
644 3091 733 3180 quod
755 3090 883 3160 etiamsi
904 3090 1076 3158 matrimo-

136 3190 234 3255 nium
267 3199 515 3256 sacramentom
546 3195 656 3267 esset,
680 3197 790 3253 tamen
811 3183 919 3252 omnis
939 3183 973 3249 in
994 3181 1076 3249 illud

136 3288 285 3366 potestas
303 3281 344 3348 ad
372 3280 542 3370 Principes
563 3279 769 3368 pertineret,
792 3277 882 3344 nulle
904 3285 1014 3343 autem
1035 3274 1076 3342 ad

137 3371 348 3456 Ecclesiam,
375 3398 389 3439 1
414 3374 516 3463 quia,
547 3384 584 3440 ut
604 3373 674 3456 eit,
697 3368 962 3461 supernaturalis
994 3366 1077 3435 haec

137 3465 287 3535 conditio
308 3478 342 3534 et
360 3468 445 3536 ratio
466 3465 664 3541 sacrementi
685 3464 877 3555 supervenit
904 3461 1076 3530 matrimo-

138 3558 195 3629 nio
213 3559 280 3627 iam
301 3560 399 3648 plene
417 3572 449 3631 et
470 3561 615 3651 perfecte
631 3560 666 3628 in
682 3582 745 3629 usu
765 3558 868 3629 civilis
888 3566 1077 3627 contractus
