2642 4175
256 341 321 401 396
497 306 505 319 ⁸
529 369 532 375 ·
593 351 695 396 emur
712 351 757 395 tv.

209 471 327 522 uxores
340 450 476 529 hahere,
495 448 558 520 nisi
576 449 632 519 oui
649 448 712 519 tuit
728 447 837 519 divina
853 450 1053 522 revelatione
1067 473 1150 520 eon-

207 564 338 621 cessum
354 544 429 633 (seu
448 542 722 633 dispensatione),
743 563 803 632 per
822 565 922 633 quam
941 545 1028 614 siout
1048 545 1148 616 Iacob

207 661 227 708 a
246 637 429 722 mandacio,
444 636 612 706 israelitae
629 638 760 716 atarto,
780 649 813 706 et
827 636 966 709 Samson
981 639 1023 709 ah
1035 638 1149 709 homi·

209 731 307 814 sidio,
328 731 377 800 sio
391 743 426 801 et
438 728 646 819 patriarchae
661 729 765 799 etalii
779 729 840 798 'viri
853 730 945 814 iusti,
960 732 1017 821 qui
1031 733 1147 821 piures

208 825 365 913 leguntur
384 825 485 893 simul
504 822 658 893 hahuisse
678 844 821 906 uxores,
844 824 885 892 ab
906 826 1070 897 adulterio
1090 847 1148 896 ex-

207 929 412 989 tueamur.»
435 916 475 987 111
494 915 612 989 merito
630 916 783 1007 quidem:
806 918 894 1007 quod
914 920 1003 989 enim
1023 941 1041 988 a
1062 918 1147 989 Son-

207 1011 362 1081 etissimis
387 1010 629 1092 virissaetum,
652 1030 881 1099 necunquam
901 1011 1144 1100 reprehensum
1245 1090 1247 1097 ,
1315 1040 1316 1049 ¹

208 1103 478 1194 legimusdivina
489 1103 735 1193 dispensatione
747 1104 848 1175 fuisse
861 1106 982 1173 sactum
997 1105 1142 1175 affirme-

213 1219 289 1267 mus
307 1218 442 1284 necesso
458 1210 519 1268 est.
539 1196 613 1266 Non
628 1208 737 1268 tamen
752 1197 965 1281 arbitramur,
980 1200 1070 1288 quod
1081 1199 1149 1268 sin·
1228 1192 1248 1217 ‘
1315 1192 1316 1207 ¹

208 1291 295 1383 gulis
306 1290 628 1379 Patriarohisplures
639 1290 739 1359 simul
754 1289 1080 1363 habentibusuxores
1092 1314 1148 1382 pe-

210 1384 344 1455 euharis
352 1383 552 1474 dispensatio
560 1384 870 1454 fueritneoessaria.
885 1385 1042 1475 Exemplo
1056 1386 1146 1454 enim

207 1477 400 1561 Abrahami,
413 1476 487 1545 euin
507 1498 574 1564 quo
592 1478 735 1565 primum
757 1477 818 1548 suit
830 1477 927 1562 sacta,
944 1479 1067 1548 caeteri
1081 1478 1144 1548 Pa·

211 1569 539 1651 triorohaeidemsihi
551 1571 678 1640 licitum
687 1583 992 1640 esseautumarunt.
1010 1571 1149 1661 Dispen-

183 1742 192 1749 ἃ
208 1663 371 1733 sationem
385 1663 577 1733 huiusmodi
593 1684 658 1733 oon
669 1665 948 1753 solumspeetasse
961 1665 1148 1735 veteris'se·

209 1756 366 1826 statuenti
378 1755 601 1838 Patriarchas,
618 1778 733 1831 verum
751 1757 850 1826 etiam
868 1758 1007 1829 ludaeos
1021 1779 1151 1836 omnes,

212 1860 282 1919 tum
302 1869 342 1919 ex
360 1849 618 1920 Deuteronomio
634 1871 662 1919 o.
684 1870 751 1933 xxi,
773 1872 805 1918 v.
826 1850 882 1931 15,
904 1862 974 1920 tum
993 1848 1149 1921 etiamen

211 1964 264 2027 oo,
287 1944 376 2031 qnod
396 1943 510 2013 nullus
528 1941 770 2032 Prophetarum
793 1944 1150 2035 polygamiam-simul·
1203 1948 1205 1951 ’

213 2048 346 2108 teneam
365 2048 523 2127 unquam
537 2048 710 2125 peceatum
729 2037 860 2109 ludaeis
876 2037 1047 2122 obiecerit,
1070 2037 1150 2110 satis

211 2152 381 2222 superque
400 2130 618 2200 convincitur.

259 2226 309 2294 hu
328 2226 369 2295 ad
403 2224 490 2313 ipsos
520 2244 654 2314 quoque
680 2223 825 2294 Gentiles
846 2224 1046 2312 pertinuerit
1065 2223 1149 2294 heac

213 2317 416 2406 dispensatio
443 2330 600 2405 negatum
626 2317 688 2386 fuit
719 2318 760 2386 ah
784 2317 885 2386 Estio.
916 2318 1037 2387 Contra
1069 2337 1148 2385 vero

169 2441 172 2446 =
214 2409 455 2492 Bellarminus,
479 2411 602 2499 aliique
632 2410 727 2480 multi
747 2409 945 2490 sententiam
974 2409 1056 2479 Estii
1077 2409 1151 2477 iure

214 2503 333 2572 merito
359 2504 592 2591 reprobarunt.
619 2503 733 2573 Divina
757 2507 846 2573 enim
875 2503 1046 2592 Scriptura
1073 2523 1153 2574 nar·

170 2601 177 2616 '
215 2606 277 2675 rat,
294 2616 362 2664 uon
381 2597 488 2666 solum
509 2596 735 2666 Abrahamum
757 2610 790 2668 ot
819 2596 940 2679 Iacob,
962 2616 1152 2684 eorumque

216 2688 441 2775 posteriores,
469 2690 526 2760 sed
548 2688 647 2760 etiam
666 2690 764 2773 Esau,
783 2689 840 2780 qui
868 2688 992 2759 {saeohi
1013 2689 1152 2778 quidam

217 2780 305 2850 filius
320 2782 393 2864 fuit,
416 2783 473 2850 sod
493 2784 534 2851 ad
554 2783 713 2871 populum
736 2783 792 2853 Dei
814 2782 907 2854 nutto
929 2783 1027 2852 modo
1047 2781 1153 2871 perti-

216 2876 301 2956 nuit,
324 2877 444 2946 multas
463 2876 563 2945 simui
583 2876 737 2946 hahuisse
760 2897 891 2959 uxores,
912 2888 1059 2946 attamen
1076 2895 1153 2943 eam

215 2967 259 3035 oh
279 2990 410 3038 oausam
440 2970 475 3037 in
508 2968 802 3059 reprehensionem
829 2970 956 3040 venisse
984 2988 1153 3056 nusquam

217 3061 352 3152 legitur.
375 3062 460 3131 {llud
474 3062 571 3132 etiam
586 3061 723 3145 arradit,
738 3064 826 3152 qnod
843 3062 973 3145 Esther,
992 3061 1070 3151 quia
1086 3060 1156 3128 Vir·

218 3175 271 3241 go,
290 3173 329 3226 se
345 3156 491 3226 hssuero
509 3156 592 3244 ueni
611 3155 752 3239 luhdeii,
772 3159 830 3246 qui
852 3174 987 3226 uxorem
1008 3156 1076 3222 iam
1099 3154 1156 3222 ha·

218 3249 331 3331 hehet,
354 3269 445 3339 passa
464 3270 530 3320 nan
548 3250 665 3318 fuisset
679 3249 890 3319 matrimonio
905 3247 1070 3344 aepulari,
1092 3267 1157 3316 neo

196 3341 358 3411 ‹huiusoe
378 3342 583 3414 matrimonii
611 3343 827 3413 contrahendi
851 3340 1087 3414 Mardochaeus
1106 3339 1157 3406 vir

220 3434 324 3502 Deum
357 3436 476 3506 timens
495 3437 526 3504 ei
547 3448 664 3505 auotor
679 3436 818 3519 fuisset,
841 3455 952 3524 neque
972 3434 1007 3502 in
1025 3453 1067 3502 eo
1088 3444 1157 3501 tota

219 3525 416 3604 ludaeorum
434 3528 518 3597 Gens
539 3530 727 3614 exultasset,
748 3529 812 3598 nisi
832 3528 955 3596 licitam
977 3537 1047 3595 tum
1069 3536 1160 3594 tem·
