2642 4175
295 344 360 401 226
635 353 737 400 CAPUT
755 354 801 398 111.

246 455 365 526 initum
380 451 481 522 inerit
500 451 542 521 oh
562 470 711 522 errorem
725 451 759 520 in
773 472 968 540 personam,
990 454 1040 523 vel
1055 453 1098 522 oh
1112 474 1186 523 ser·
1305 533 1306 540 ἵ

245 548 318 618 vilis
330 544 801 636 qualitatisignorantiam,vel
814 545 926 615 obvim
939 557 1185 635 metumvegra·

245 663 318 712 vern
341 640 461 708 iniuste
478 638 667 721 incussnm3
691 650 723 707 et
743 651 917 728 propterea
935 639 969 707 in
982 638 1034 709 his
1051 641 1183 711 casibus

246 733 520 823 impedimentum
538 731 691 820 publicae
717 731 900 802 honestatis
931 753 998 801 non
1018 734 1129 821 parit:
1151 736 1182 803 si
1239 777 1247 796 t

245 849 322 902 vero
344 823 591 895 matrimonium
610 836 719 894 ratum
740 845 778 893 ex
811 846 1023 915 quocumque
1042 827 1108 895 aiio
1126 850 1182 896 ca·

246 920 314 1012 pite
333 921 476 1001 nulium,
498 930 532 986 et
548 918 726 986 invalidum
746 917 805 998 sit,
825 941 875 988 ex.
902 940 953 1006 gr.
976 919 1019 987 ob
1040 920 1182 1009 impedi-

246 1026 395 1084 mentum
416 1011 724 1098 consanguinitatis,
747 1011 926 1095 affinitatis,
950 1012 1178 1101 impotentiae,

247 1107 313 1178 voti
329 1105 498 1183 solemnis,
521 1104 796 1193 impedimentum
827 1126 959 1194 semper
982 1105 1112 1194 gignit,
1147 1122 1183 1176 et

247 1222 352 1290 usque
366 1200 406 1270 ad
419 1209 575 1287 quartum
596 1199 736 1285 gradum
753 1198 886 1286 nuptias
903 1199 1041 1268 dirimit.
1058 1201 1100 1269 At
1112 1220 1182 1269 non

245 1296 326 1366 levis
342 1293 429 1362 inter
456 1290 607 1359 doctores
636 1290 781 1379 agitatur
801 1292 1034 1372 controversia,
1054 1313 1098 1361 an
1117 1293 1182 1361 irn-

247 1386 473 1475 pedimcntum
493 1382 580 1452 istud
602 1383 778 1455 inducatur
811 1384 909 1456 etiam
932 1407 990 1473 per
1010 1386 1184 1455 matrimo-

245 1479 338 1548 nium
360 1490 483 1561 ratum,
507 1478 595 1564 quod
626 1478 755 1546 nullum
777 1476 819 1548 sit
848 1490 883 1547 et
911 1477 1043 1548 irritum
1063 1480 1106 1548 ob
1123 1479 1186 1547 irn-

246 1573 475 1661 pedimentnm
495 1570 797 1653 clandestinitatis,
830 1572 907 1661 quia
938 1571 1089 1643 videlicet
1115 1594 1184 1643 non

126 1749 128 1754 ,
245 1664 347 1734 fuerit
364 1675 572 1733 contractum
586 1663 676 1734 iuxta
690 1665 861 1733 decretum
875 1662 1108 1735 Tridentinum
1127 1688 1185 1736 co·

249 1779 321 1827 ram
335 1756 483 1826 Parocho
500 1768 532 1826 et
547 1757 698 1826 testibus.
715 1756 860 1827 Sanchez
872 1758 896 1825 l.
914 1755 933 1823 7
948 1759 989 1826 de
1000 1760 1077 1828 Mat.
1093 1760 1182 1850 disp.

251 1848 307 1933 70,
324 1872 359 1919 n.
381 1847 445 1933 133
476 1862 588 1919 censet
612 1850 807 1939 nentiquam
829 1851 940 1920 induci
962 1852 1024 1921 hoc
1042 1851 1186 1942 impedi·

250 1956 399 2014 mentum
418 1943 578 2012 dirimens
593 1943 746 2031 publicae
760 1943 953 2027 honestatis,
975 1943 1186 2035 quin'bnius-

251 2036 340 2108 modi
360 2048 547 2108 contractus
567 2057 605 2107 ex
621 2037 751 2107 deiectu
772 2037 976 2108 assistentiae
996 2039 1133 2128 parochi
1151 2054 1187 2111 et

248 2132 381 2203 testium
403 2152 470 2201 non
490 2131 591 2201 habat
611 2132 752 2200 formam
773 2144 831 2202 ant
850 2131 990 2220 figuram
1012 2133 1186 2204 matrimo·
1293 2198 1297 2203 .

246 2225 307 2308 nii,
327 2226 413 2294 siout
431 2225 521 2292 illam
543 2224 654 2307 habet,
673 2226 806 2312 qnando
826 2238 1010 2296 contractus
1030 2225 1090 2295 fiat
1107 2248 1182 2296 cum

247 2318 361 2408 aliquo
382 2317 632 2406 impedimento.
659 2316 773 2386 Oritur
797 2328 907 2388 autern
928 2317 1058 2408 publica
1079 2320 1183 2390 bone·

247 2423 313 2481 stas
333 2432 370 2480 ex
393 2409 626 2478 coniunctione
643 2410 851 2494 animorum,
873 2432 939 2480 non
956 2433 1180 2503 quacumque,
1287 2409 1289 2411 ’

247 2505 304 2574 sed
322 2524 362 2577 ex
377 2503 445 2585 iila,
467 2524 554 2591 quae
573 2503 612 2571 fit
628 2504 663 2572 in
680 2505 785 2573 forma
803 2504 1018 2588 matrimonii,
1033 2517 1066 2575 et
1083 2528 1183 2595 spon-

247 2598 379 2666 salium.
401 2595 521 2664 Contra
542 2618 618 2665 vero
638 2597 776 2666 Pontius
795 2598 819 2666 l.
842 2595 862 2665 8
883 2598 924 2666 de
940 2598 1033 2667 Matr.
1056 2620 1086 2668 c.
1110 2599 1179 2681 36,

247 2702 288 2758 n.¹
318 2686 363 2772 5,
399 2689 517 2757 asserit
547 2689 611 2759 hoo
634 2690 787 2780 publicae
821 2691 1003 2762 honestatis
1038 2691 1182 2782 impedi·

249 2791 398 2861 mentum
427 2782 577 2852 contrahi
606 2783 639 2852 in
659 2783 829 2873 proposito
848 2806 944 2868 casn,
976 2806 1042 2874 qno
1061 2807 1182 2877 nempe
1215 2824 1218 2829 >

248 2886 436 2944 contractus
469 2876 571 2946 inerit
601 2876 704 2946 initus
729 2877 853 2967 absque
875 2878 1060 2967 praesentia
1081 2879 1182 2949 Paro·

250 2967 303 3036 chi
324 2978 357 3038 et
375 2968 535 3052 testium,
566 2969 643 3058 quia
676 2970 807 3058 publica
844 2971 999 3041 honestas
1032 2973 1073 3041 de
1110 2974 1181 3043 inre

249 3061 387 3151 antiquo
419 3062 638 3132 inducebatur
667 3085 726 3151 per
756 3063 1181 3154 quodcumque-matrimo-

248 3155 342 3225 nium
373 3168 508 3238 ratnm,
547 3156 624 3225 lieet
661 3157 791 3225 nulium
821 3170 854 3226 et
894 3156 1047 3243 irritum,
1083 3160 1181 3228 dnm·

247 3251 346 3317 modo
380 3269 447 3318 non
478 3249 563 3317 foret
595 3248 728 3319 irritum
761 3272 799 3319 ex
830 3251 959 3320 defectu
987 3273 1178 3323 consensus.

248 3341 317 3409 iam
337 3362 415 3410 vero
440 3342 509 3438 ⁴hoc
541 3342 714 3432 antiquum
737 3341 788 3413 ins
816 3366 882 3412 non
913 3345 976 3416 suit
995 3357 1178 3416 correctum

192 3523 195 3527 .
248 3433 335 3502 circa
358 3434 606 3504 matrimonium
632 3449 740 3506 ratum
770 3437 953 3508 aConoilio
973 3438 1179 3509 Tridentino.

249 3524 338 3595 Haeo
356 3528 518 3599 sententia
539 3528 648 3600 verior
668 3553 706 3600 ac
725 3532 932 3602 communior
953 3543 1014 3616 ast,
1031 3543 1064 3603 et
1083 3532 1181 3622 impe·
