2642 4175
416 329 460 373 nn
478 328 608 373 narum
625 327 822 375 tennemonn
999 319 1063 376 119

171 448 273 497 causa
292 427 341 494 vel
357 426 640 497 demonstratione
660 428 761 498 lateat
774 447 869 498 error
885 428 1049 518 personae
1061 430 1112 498 vel

171 519 393 604 conditionis,
413 519 664 590 matrimonium
685 522 814 591 nullum
833 521 920 605 erit,
944 522 993 592 uti
1012 522 1040 590 si
1061 521 1112 589 di·

172 626 283 684 eatur:
305 613 394 682 Duco
417 623 455 682 te
470 613 528 703 qui
547 614 632 684 liber
651 634 698 699 es,
721 616 768 683 rel
787 613 1029 709 primogenitus
1048 615 1112 684 tte-

172 708 245 797 gis,
259 706 340 775 Nam
360 722 426 775 non
442 707 577 795 quidam
598 708 640 777 ob
660 709 775 789 falsam
794 708 1112 789 demonstrationem

172 800 226 869 vel
261 820 419 877 causam,
447 801 504 869 sed
537 813 673 891 propter
705 821 852 870 errorem
874 821 1035 890 personae
1058 801 1113 869 vel

174 892 376 963 conditionis
392 893 528 983 nuptiae
549 893 710 963 invalidae
728 906 816 977 sunt,
835 905 933 984 atque
950 895 1033 963 adeo
1048 915 1114 961 ma-

173 985 372 1055 trimonium
401 1007 438 1054 er
459 985 650 1057 huiusmodi
682 1008 798 1056 errore
824 998 1029 1056 contractum
1056 987 1114 1054 ad·

173 1079 244 1147 huo
263 1079 395 1150 irritum
417 1093 527 1164 esset,
551 1080 681 1150 etiamsi
709 1079 947 1149 demonstratio
980 1080 1115 1147 haeret

175 1193 274 1240 causa
295 1193 363 1241 non
383 1172 501 1242 luisset
528 1172 679 1255 adiecta,
703 1174 983 1264 quemadmodum
1005 1171 1039 1239 in
1060 1191 1115 1239 er·

175 1265 344 1353 planando
364 1266 487 1336 erroris
508 1279 541 1336 et
556 1266 754 1337 conditionis
770 1264 1008 1356 impedimento
1025 1284 1115 1333 com·

175 1371 310 1447 portum
329 1359 403 1427 erit.

228 1450 322 1532 Quod
341 1463 451 1520 autem
471 1453 512 1520 ad
534 1453 669 1521 modum
691 1452 819 1535 attinet,
839 1451 865 1520 si
884 1450 939 1519 hie
958 1450 1117 1520 honestus

180 1555 214 1613 et
235 1543 403 1632 possibilis
423 1545 477 1629 sit,
493 1545 743 1616 matrimonium
757 1566 823 1614 non
838 1544 965 1612 dirimit
984 1564 1115 1631 necsu·

175 1637 324 1726 spondit,
348 1637 381 1706 in
402 1639 465 1707 hoc
486 1639 574 1708 onim
594 1639 706 1708 differt
740 1660 757 1708 a
789 1636 1002 1720 conditione,
1025 1637 1115 1725 quod

173 1730 324 1799 conditio
344 1731 468 1815 elficit,
492 1745 530 1802 ut
561 1743 654 1801 actus
672 1734 810 1822 eiusque
830 1731 878 1801 ris
898 1731 932 1799 in
953 1749 1114 1820 suspenso

177 1836 325 1906 maneat,
343 1825 448 1894 donoc
462 1825 633 1910 exstiterit,
652 1825 768 1895 modus
785 1838 895 1895 autem
910 1835 1113 1894 contractum

180 1918 247 1985 iam
269 1918 454 2006 perlectum
472 1920 646 2008 supponit,
671 1940 815 2008 eumque
843 1919 1012 1986 dumtaxat
1033 1928 1115 1985 tem·

179 2023 276 2100 perat
305 2011 416 2080 oneris
435 2011 632 2081 adiectione.
655 2013 690 2080 L.
715 2011 747 2080 Si
777 2012 895 2079 doceas
924 2011 947 2076 l.
969 2008 1048 2077 Cod.
1072 2008 1114 2076 de

178 2105 293 2174 donat.
317 2104 352 2172 ld
373 2117 463 2193 patet
487 2106 629 2176 aliorum
651 2116 881 2174 contractuum
903 2103 1065 2189 exemplo;
1087 2101 1115 2168 si

176 2218 255 2267 vero
278 2198 397 2266 modus
429 2198 472 2267 sit
509 2197 724 2289 impossibilis
745 2209 802 2266 aut
826 2196 958 2285 turpis,
981 2205 1019 2262 ut
1037 2213 1116 2260 con·

180 2291 277 2359 traho
299 2302 407 2359 tecum
428 2345 437 2375 ,
460 2303 497 2362 ut
517 2305 663 2363 muntem
684 2308 823 2360 aureum
843 2288 926 2357 mihi
946 2287 1027 2370 des,
1047 2285 1117 2353 fur·

180 2396 251 2452 tum
272 2384 386 2466 larius,
403 2384 651 2454 matrimonium
672 2386 769 2468 valet,
790 2395 822 2454 et
838 2383 954 2452 modus
968 2401 1028 2470 pro
1047 2398 1116 2448 non

177 2476 310 2546 adiecto
331 2476 484 2548 habetur.
506 2479 609 2568 quue
626 2478 808 2567 generatim
828 2487 1059 2548 contractuum
1078 2493 1116 2542 o·

178 2570 310 2639 mnium
331 2572 504 2661 proprium
526 2583 599 2657 est,
616 2584 654 2641 ut
674 2572 736 2641 sub
754 2572 851 2641 modo
871 2571 961 2660 turpi
979 2568 1030 2637 vel
1051 2567 1114 2635 im-

177 2663 331 2752 possibili
351 2683 418 2732 non
434 2664 604 2749 vitientur,
625 2666 682 2734 sed
705 2667 823 2735 modus
855 2665 925 2753 ipse
955 2682 1016 2752 pro
1047 2678 1115 2729 non

176 2757 307 2826 adiecto
340 2757 516 2827 habeatur.
553 2758 638 2828 Sane
657 2779 724 2828 non
757 2758 890 2826 vitiatur
910 2765 1112 2842 contractus,

178 2851 258 2939 quia
288 2851 412 2920 modus
442 2852 472 2920 ei
493 2852 685 2942 supervenit
706 2852 771 2920 iarn
790 2851 958 2940 perlecto,
978 2848 1116 2919 vitiatur

178 2954 291 3013 autem
313 2945 443 3028 modus,
460 2945 541 3035 quia
556 2946 703 3035 turpium
721 2956 754 3015 et
770 2943 1023 3033 impossibilium
1040 2942 1116 3010 nul-

177 3037 208 3104 la
226 3046 278 3105 est
297 3036 470 3125 obligatio.
490 3037 537 3107 Ob
559 3040 711 3109 eamdem
741 3038 903 3106 rationem
936 3035 1031 3104 multi
1052 3035 1116 3104 Do-

178 3139 286 3198 ctores
318 3140 455 3200 censent
475 3132 611 3201 modum
641 3131 745 3202 etiam
775 3129 978 3199 substantiae
1000 3126 1124 3194 matria

178 3221 291 3290 monii
304 3235 546 3312 repugnantem
564 3278 573 3308 ‚
593 3245 643 3294 ex.
664 3247 715 3313 gr.
752 3221 917 3292 contraho
936 3231 1058 3300 tecum,
1079 3230 1116 3287 ut

179 3314 329 3403 corporis
350 3330 524 3405 quaestum
546 3318 659 3402 lacias,
683 3338 751 3387 non
769 3310 1011 3402 obstare-quin
1026 3311 1115 3381 idem

181 3407 437 3478 matrimonium
465 3411 671 3502 valeat·,·sed
702 3410 836 3478 modum
858 3429 919 3478 ceu
939 3423 1005 3474 non
1026 3404 1117 3474 adie-

180 3512 271 3569 ctum
291 3500 482 3578 habendum
503 3502 694 3585 essetQuae
714 3503 877 3571 sententia
892 3498 1029 3580 arridet,
1051 3494 1117 3563 nisi
