2642 4175
370 362 414 405 nn
432 359 667 406 mrnnmnnrrs
684 359 882 405 marmoren
978 348 1044 407 359

156 475 314 549 expresse
334 458 499 548 loquitur,
523 458 655 547 quando
678 456 766 526 inter
785 456 971 546 prohibitos
990 459 1093 531 inter·
1120 542 1124 547 p

156 553 249 621 venit
265 552 381 640 copula
403 551 546 620 carnalis
558 571 634 619 cum
653 549 765 620 auimo
785 551 826 620 de
840 552 925 621 lacto
938 572 1092 623 consum·

158 644 273 714 mandi
303 644 554 724 matrimonium
589 654 684 712 antea
718 643 804 714 inter
838 643 913 714 illos
951 646 1094 716 scienter

157 750 382 808 contractum.
418 737 501 806 Nam
529 736 808 826 quemadmodum
842 738 1092 810 matrimonium

159 830 272 921 ipsum
294 831 436 900 scienter
462 841 666 898 contractum
687 829 797 898 reddit
826 830 993 900 difficilem
1026 832 1094 900 dis·

47 941 50 944 ·
156 924 402 1011 pensationem,
423 925 508 992 sica
542 922 671 991 fortiori
698 922 839 991 reddere
860 923 957 993 debet
977 924 1094 992 diffici-

157 1016 306 1100 liorem,
339 1016 366 1085 si
400 1014 500 1085 luerit
530 1016 646 1104 copula
668 1013 792 1083 carnali
813 1027 1090 1085 consummatum.

157 1107 192 1176 ld
213 1109 424 1200 quodetiam
460 1118 536 1177 ante
568 1107 753 1178 Concilium
785 1107 1018 1179 Tridentinum
1044 1108 1094 1177 di·

158 1205 302 1271 cendum
324 1215 396 1272 erat
415 1222 453 1270 er
473 1202 557 1269 bene
577 1201 713 1269 lundata
732 1199 817 1269 luris
846 1200 1007 1291 pontificii
1035 1200 1094 1270 do·

157 1295 281 1363 ctrina.
302 1294 394 1364 Unde
415 1295 606 1381 colligitur,
630 1294 720 1382 quod
753 1293 937 1363 Concilium
959 1293 1095 1362 Triden-

158 1387 267 1456 tinum
287 1388 372 1456 nihil
392 1387 549 1456 innotare
568 1386 696 1469 voluit,
718 1387 850 1476 quando
882 1386 1000 1476 copula
1021 1405 1094 1454 car-

158 1480 245 1550 nalis
274 1479 450 1549 intervenit
466 1478 537 1549 sine
558 1478 819 1550 matrimonio.»
847 1477 1004 1549 Eamdem
1019 1481 1094 1548 senss

32 1581 34 1586 ⁴
128 1572 299 1641 -tentiam
329 1572 451 1642 acriter
474 1572 817 1641 tueturVincentinus
850 1572 890 1641 dc
922 1570 1021 1642 Iustis
1059 1571 1093 1639 in
1210 1607 1217 1612 ·

158 1684 220 1734 suo
242 1666 350 1735 Tract.
374 1666 415 1734 de
437 1665 582 1754 dispens.
604 1665 747 1735 Matrim.
780 1665 804 1736 l.
828 1664 860 1748 l,
883 1686 956 1754 cap.
978 1663 1013 1750 d,
1035 1665 1092 1733 ubi

158 1757 273 1827 multis
290 1757 468 1828 cumulatis
482 1757 667 1828 rationibus
688 1769 721 1827 et
740 1758 992 1828 auctoritatibus
1009 1778 1091 1826 con·

159 1849 283 1918 cludit:
309 1876 324 1917 ι
342 1852 414 1919 Non
433 1872 505 1919 esse
519 1847 742 1920 necessariam
760 1850 867 1919 dictae
884 1853 1022 1940 copulae
1043 1870 1094 1918 ex-

97 1971 101 1981 ·
161 1943 368 2031 pressionem
390 1945 423 2011 in
441 1942 686 2032 dispensatione
717 1942 918 2018 obtinenda,
935 1944 962 2011 si
983 1955 1093 2012 orato·

159 2055 214 2106 res
235 2036 333 2105 aliam
352 2057 485 2106 causam
506 2035 673 2119 habeant,
696 2055 782 2125 quae
813 2046 941 2105 moreat
960 2033 1095 2105 Pontid-

160 2149 233 2197 cem
261 2131 301 2198 ad
336 2128 615 2220 dispensationem
653 2127 910 2197 concedendam.
934 2128 1093 2196 »Verum

159 2221 242 2290 haec
260 2243 326 2291 non
347 2223 488 2305 obstant,
509 2221 690 2334 quominus
727 2219 928 2290 contrariam
960 2232 1094 2289 senten-

161 2314 241 2382 tiam
263 2316 513 2421 amplectamur
536 2315 617 2383 Nam
634 2294 744 2404 praxis
775 2313 942 2382 Romanae
973 2311 1093 2383 Curiae

160 2426 198 2475 ea
220 2419 280 2486 cst,
300 2419 337 2476 ut
357 2407 542 2477 incestuosa
561 2407 708 2496 copula
699 2428 733 2476 m
754 2406 907 2496 precibus
932 2405 1095 2496 supplica·
1155 2470 1157 2475 ,

159 2498 287 2569 tionum
308 2500 523 2589 exprimatur.
544 2500 628 2569 Hinc
648 2500 795 2592 Pyrrhus
828 2500 1016 2583 Corradus,
1042 2496 1094 2567 hi-

159 2613 211 2661 sce
234 2592 268 2660 in
287 2594 385 2662 rebus
406 2595 548 2663 multum
574 2606 609 2663 et
635 2595 805 2683 praeclare
839 2606 1005 2676 versatus,
1030 2591 1091 2660 lib.

160 2682 383 2775 8Dispensat
407 2688 602 2776 apostolia
610 2708 682 2776 cap.
707 2686 879 2769 iusserit,
902 2687 988 2755 hanc
1021 2706 1093 2755 cer·

160 2789 226 2845 tam
247 2779 446 2862 sententiam
468 2791 502 2851 et
517 2779 701 2849 stabilem
692 2801 725 2848 ιιι
745 2780 892 2849 Romana
921 2780 1020 2849 Curis
1041 2799 1093 2847 es·

159 2890 204 2953 sc,
228 2892 370 2960 eamque
390 2873 566 2944 confirmat
591 2872 743 2960 sequenti
768 2870 993 2939 declaratione
1011 2870 1095 2940 Con·

159 2964 375 3052 gregationis
384 2965 558 3035 Conciliiz-
583 2962 835 3052 ‹Congregatio
867 2961 1092 3032 cardinalium

158 3056 297 3126 Concilii
310 3058 439 3128 censuit
454 3055 737 3146 dispensationem
758 3055 988 3145 subreptitiam
1006 3076 1089 3136 esse,

158 3149 183 3217 si
206 3150 294 3218 inter
326 3151 590 3240 consanguineos
628 3161 661 3220 et
686 3150 826 3231 affines,
849 3160 906 3218 ant
926 3146 1091 3237 spirituali

161 3243 359 3351 cognatione
379 3246 572 3315 coniunctos
592 3242 734 3312 carnalis
761 3241 877 3331 copula
900 3238 1094 3330 praecessis-

158 3348 218 3413 set,
245 3337 343 3406 cuius
363 3336 567 3407 mentionem
587 3336 620 3406 in
638 3334 933 3425 supplicationibus
964 3333 1093 3403 nonie-

157 3428 290 3498 cissent.
312 3453 335 3496 ἱι
364 3430 497 3506 Confer.
531 3429 565 3499 S.
598 3429 728 3498 Poenit.
761 3427 992 3518 responsuml
1018 3425 1092 3495 llaii

160 3518 261 3591 1858.
278 3521 361 3591 Cum
378 3523 425 3591 nil
443 3534 608 3594 statuetur
621 3522 661 3593 de
680 3520 811 3613 publica
827 3522 1008 3605 honestate,
1026 3538 1093 3588 me·
