<?xml version="1.0" encoding="UTF-8"?>
<!DOCTYPE html PUBLIC "-//W3C//DTD XHTML 1.0 Transitional//EN"
    "http://www.w3.org/TR/xhtml1/DTD/xhtml1-transitional.dtd">
<html xmlns="http://www.w3.org/1999/xhtml" xml:lang="en" lang="en">
 <head>
  <title>
</title>
<meta http-equiv="Content-Type" content="text/html;charset=utf-8" />
  <meta name='ocr-system' content='tesseract 3.04.00' />
  <meta name='ocr-capabilities' content='ocr_page ocr_carea ocr_par ocr_line ocrx_word'/>
</head>
<body>
  <div class='ocr_page' id='page_1' title='image "./septimiimariaev00veccgoog_0283.png"; bbox 0 0 2642 4175; ppageno 0'>
   <div class='ocr_carea' id='block_1_1' title="bbox 370 305 1045 366">
    <p class='ocr_par' dir='ltr' id='par_1_1' title="bbox 370 305 1045 366">
     <span class='ocr_line' id='line_1_1' title="bbox 370 305 1045 366; baseline 0.01 -8"><span class='ocrx_word' id='word_1_1' title='bbox 370 316 413 361; x_wconf 85' lang='lat' dir='ltr'>nn</span> <span class='ocrx_word' id='word_1_2' title='bbox 431 315 665 362; x_wconf 78' lang='lat' dir='ltr'>mannmnnrrs</span> <span class='ocrx_word' id='word_1_3' title='bbox 684 317 884 363; x_wconf 72' lang='lat' dir='ltr'>muronicam</span> <span class='ocrx_word' id='word_1_4' title='bbox 980 305 1045 366; x_wconf 81' lang='lat'>259</span> 
     </span>
    </p>
   </div>
   <div class='ocr_carea' id='block_1_2' title="bbox 162 412 1097 787">
    <p class='ocr_par' dir='ltr' id='par_1_2' title="bbox 162 412 1097 787">
     <span class='ocr_line' id='line_1_2' title="bbox 162 412 1097 501; baseline 0.009 -20"><span class='ocrx_word' id='word_1_5' title='bbox 162 426 257 481; x_wconf 90' lang='lat' dir='ltr'>tanus</span> <span class='ocrx_word' id='word_1_6' title='bbox 276 432 351 481; x_wconf 91' lang='lat' dir='ltr'>cum</span> <span class='ocrx_word' id='word_1_7' title='bbox 374 412 482 501; x_wconf 85' lang='lat' dir='ltr'>puella</span> <span class='ocrx_word' id='word_1_8' title='bbox 503 412 651 482; x_wconf 88' lang='lat' dir='ltr'>eiusdem</span> <span class='ocrx_word' id='word_1_9' title='bbox 678 413 817 490; x_wconf 77' lang='lat' dir='ltr'>ciuitatis</span> <span class='ocrx_word' id='word_1_10' title='bbox 832 435 942 485; x_wconf 91' lang='lat' dir='ltr'>coram</span> <span class='ocrx_word' id='word_1_11' title='bbox 964 416 1097 489; x_wconf 92' lang='lat' dir='ltr'>missio-</span> 
     </span>
     <span class='ocr_line' id='line_1_3' title="bbox 162 505 1096 598; baseline 0.006 -23"><span class='ocrx_word' id='word_1_12' title='bbox 162 507 255 575; x_wconf 87' lang='lat' dir='ltr'>nario</span> <span class='ocrx_word' id='word_1_13' title='bbox 276 505 455 595; x_wconf 89' lang='lat' dir='ltr'>apostolico</span> <span class='ocrx_word' id='word_1_14' title='bbox 474 505 562 575; x_wconf 92' lang='lat' dir='ltr'>iniit.</span> <span class='ocrx_word' id='word_1_15' title='bbox 587 505 619 574; x_wconf 86' lang='lat' dir='ltr'>S.</span> <span class='ocrx_word' id='word_1_16' title='bbox 642 507 679 576; x_wconf 86' lang='lat' dir='ltr'>G.</span> <span class='ocrx_word' id='word_1_17' title='bbox 701 508 860 598; x_wconf 74' lang='lat' dir='ltr'><strong>reposuit:</strong></span> <span class='ocrx_word' id='word_1_18' title='bbox 886 534 900 575; x_wconf 83' lang='lat' dir='ltr'>t</span> <span class='ocrx_word' id='word_1_19' title='bbox 924 510 971 577; x_wconf 79' lang='lat' dir='ltr'>llx</span> <span class='ocrx_word' id='word_1_20' title='bbox 987 511 1096 582; x_wconf 85' lang='lat' dir='ltr'>hacto·</span> 
     </span>
     <span class='ocr_line' id='line_1_4' title="bbox 162 600 1095 674; baseline 0.006 -6"><span class='ocrx_word' id='word_1_21' title='bbox 162 621 224 669; x_wconf 87' lang='lat' dir='ltr'>nus</span> <span class='ocrx_word' id='word_1_22' title='bbox 243 600 394 669; x_wconf 88' lang='lat' dir='ltr'>deductis</span> <span class='ocrx_word' id='word_1_23' title='bbox 421 620 488 669; x_wconf 92' lang='lat' dir='ltr'>non</span> <span class='ocrx_word' id='word_1_24' title='bbox 508 611 659 670; x_wconf 78' lang='lat' dir='ltr'><strong>constare</strong></span> <span class='ocrx_word' id='word_1_25' title='bbox 688 602 729 671; x_wconf 90' lang='lat' dir='ltr'>de</span> <span class='ocrx_word' id='word_1_26' title='bbox 756 602 959 673; x_wconf 82' lang='lat' dir='ltr'>matrimonii</span> <span class='ocrx_word' id='word_1_27' title='bbox 980 605 1095 674; x_wconf 88' lang='lat' dir='ltr'>validi·</span> 
     </span>
     <span class='ocr_line' id='line_1_5' title="bbox 162 694 1096 787; baseline 0.007 -26"><span class='ocrx_word' id='word_1_28' title='bbox 162 706 246 775; x_wconf 87' lang='lat' dir='ltr'>tate,</span> <span class='ocrx_word' id='word_1_29' title='bbox 270 695 327 762; x_wconf 89' lang='lat' dir='ltr'>sed</span> <span class='ocrx_word' id='word_1_30' title='bbox 348 695 387 762; x_wconf 89' lang='lat' dir='ltr'>ad</span> <span class='ocrx_word' id='word_1_31' title='bbox 409 694 666 763; x_wconf 68' lang='lat' dir='ltr'>declarationem</span> <span class='ocrx_word' id='word_1_32' title='bbox 700 695 862 766; x_wconf 90' lang='lat' dir='ltr'>nullitatis</span> <span class='ocrx_word' id='word_1_33' title='bbox 888 717 960 766; x_wconf 89' lang='lat' dir='ltr'>esse</span> <span class='ocrx_word' id='word_1_34' title='bbox 980 719 1096 787; x_wconf 89' lang='lat' dir='ltr'>procc-</span> 
     </span>
    </p>
   </div>
   <div class='ocr_carea' id='block_1_3' title="bbox 81 787 1153 3586">
    <p class='ocr_par' dir='ltr' id='par_1_3' title="bbox 81 787 1153 1066">
     <span class='ocr_line' id='line_1_6' title="bbox 161 787 1093 877; baseline 0.006 -23"><span class='ocrx_word' id='word_1_35' title='bbox 161 788 306 855; x_wconf 92' lang='lat' dir='ltr'>dendum</span> <span class='ocrx_word' id='word_1_36' title='bbox 329 787 533 862; x_wconf 82' lang='lat' dir='ltr'>confectione</span> <span class='ocrx_word' id='word_1_37' title='bbox 560 808 758 877; x_wconf 79' lang='lat' dir='ltr'>processus,</span> <span class='ocrx_word' id='word_1_38' title='bbox 780 802 905 859; x_wconf 88' lang='lat' dir='ltr'>servata</span> <span class='ocrx_word' id='word_1_39' title='bbox 926 792 1042 861; x_wconf 91' lang='lat' dir='ltr'>saltem</span> <span class='ocrx_word' id='word_1_40' title='bbox 1061 792 1093 860; x_wconf 94' lang='lat' dir='ltr'>in</span> 
     </span>
     <span class='ocr_line' id='line_1_7' title="bbox 81 881 1153 971; baseline 0.006 -23"><span class='ocrx_word' id='word_1_41' title='bbox 81 962 88 971; x_wconf 30' lang='lat'><strong>¹</strong></span> <span class='ocrx_word' id='word_1_42' title='bbox 160 881 434 950; x_wconf 80' lang='lat' dir='ltr'>substantialibus</span> <span class='ocrx_word' id='word_1_43' title='bbox 455 882 561 950; x_wconf 87' lang='lat' dir='ltr'>forma</span> <span class='ocrx_word' id='word_1_44' title='bbox 579 881 690 952; x_wconf 84' lang='lat' dir='ltr'>Const.</span> <span class='ocrx_word' id='word_1_45' title='bbox 713 881 836 951; x_wconf 87' lang='lat' dir='ltr'>Bened.</span> <span class='ocrx_word' id='word_1_46' title='bbox 855 883 935 952; x_wconf 87' lang='lat' dir='ltr'><strong>XIV.</strong></span> <span class='ocrx_word' id='word_1_47' title='bbox 955 883 1012 952; x_wconf 88' lang='lat' dir='ltr'>Dei</span> <span class='ocrx_word' id='word_1_48' title='bbox 1033 885 1096 954; x_wconf 93' lang='lat' dir='ltr'>mi·</span> <span class='ocrx_word' id='word_1_49' title='bbox 1147 883 1153 892; x_wconf 68' lang='lat'><strong>⁴</strong></span> 
     </span>
     <span class='ocr_line' id='line_1_8' title="bbox 161 974 1092 1066; baseline 0.004 -24"><span class='ocrx_word' id='word_1_50' title='bbox 161 974 329 1045; x_wconf 81' lang='lat' dir='ltr'>sanatione</span> <span class='ocrx_word' id='word_1_51' title='bbox 349 994 504 1043; x_wconf 81' lang='lat' dir='ltr'>tusnncro</span> <span class='ocrx_word' id='word_1_52' title='bbox 525 994 731 1043; x_wconf 81' lang='lat' dir='ltr'>rnnssnnrnt</span> <span class='ocrx_word' id='word_1_53' title='bbox 750 993 864 1057; x_wconf 79' lang='lat' dir='ltr'>turno,</span> <span class='ocrx_word' id='word_1_54' title='bbox 882 989 915 1045; x_wconf 92' lang='lat' dir='ltr'>et</span> <span class='ocrx_word' id='word_1_55' title='bbox 932 988 1092 1066; x_wconf 88' lang='lat' dir='ltr'>tempore,</span> 
     </span>
    </p>

    <p class='ocr_par' dir='ltr' id='par_1_4' title="bbox 163 1068 1095 1158">
     <span class='ocr_line' id='line_1_9' title="bbox 163 1068 1095 1158; baseline 0.002 -22"><span class='ocrx_word' id='word_1_56' title='bbox 163 1090 227 1158; x_wconf 87' lang='lat' dir='ltr'>quo</span> <span class='ocrx_word' id='word_1_57' title='bbox 243 1068 360 1136; x_wconf 86' lang='lat' dir='ltr'>asserti</span> <span class='ocrx_word' id='word_1_58' title='bbox 375 1069 486 1157; x_wconf 89' lang='lat' dir='ltr'>sponsi</span> <span class='ocrx_word' id='word_1_59' title='bbox 501 1070 694 1137; x_wconf 89' lang='lat' dir='ltr'>commorati</span> <span class='ocrx_word' id='word_1_60' title='bbox 711 1071 929 1152; x_wconf 86' lang='lat' dir='ltr'>sunt,nedum</span> <span class='ocrx_word' id='word_1_61' title='bbox 945 1070 1095 1154; x_wconf 82' lang='lat' dir='ltr'>londini,</span> 
     </span>
    </p>

    <p class='ocr_par' dir='ltr' id='par_1_5' title="bbox 161 1162 1093 1252">
     <span class='ocr_line' id='line_1_10' title="bbox 161 1162 1093 1252; baseline -0.001 -22"><span class='ocrx_word' id='word_1_62' title='bbox 161 1162 217 1230; x_wconf 92' lang='lat' dir='ltr'>sed</span> <span class='ocrx_word' id='word_1_63' title='bbox 238 1162 337 1230; x_wconf 85' lang='lat' dir='ltr'>etiam</span> <span class='ocrx_word' id='word_1_64' title='bbox 357 1162 391 1229; x_wconf 92' lang='lat' dir='ltr'>in</span> <span class='ocrx_word' id='word_1_65' title='bbox 412 1162 563 1232; x_wconf 88' lang='lat' dir='ltr'>districtu</span> <span class='ocrx_word' id='word_1_66' title='bbox 577 1162 666 1231; x_wconf 91' lang='lat' dir='ltr'>illius</span> <span class='ocrx_word' id='word_1_67' title='bbox 684 1163 862 1252; x_wconf 84' lang='lat' dir='ltr'>Apostolici</span> <span class='ocrx_word' id='word_1_68' title='bbox 882 1162 1093 1233; x_wconf 82' lang='lat' dir='ltr'>vicariatus.»</span> 
     </span>
    </p>

    <p class='ocr_par' dir='ltr' id='par_1_6' title="bbox 160 1254 1096 1345">
     <span class='ocr_line' id='line_1_11' title="bbox 160 1254 1096 1345; baseline 0.004 -23"><span class='ocrx_word' id='word_1_69' title='bbox 160 1254 329 1336; x_wconf 85' lang='lat' dir='ltr'>Quaestio,</span> <span class='ocrx_word' id='word_1_70' title='bbox 350 1266 387 1324; x_wconf 92' lang='lat' dir='ltr'>ut</span> <span class='ocrx_word' id='word_1_71' title='bbox 405 1265 506 1345; x_wconf 88' lang='lat' dir='ltr'>patet,</span> <span class='ocrx_word' id='word_1_72' title='bbox 529 1256 562 1323; x_wconf 91' lang='lat' dir='ltr'>in</span> <span class='ocrx_word' id='word_1_73' title='bbox 578 1277 617 1324; x_wconf 91' lang='lat' dir='ltr'>eo</span> <span class='ocrx_word' id='word_1_74' title='bbox 635 1267 701 1325; x_wconf 91' lang='lat' dir='ltr'>tota</span> <span class='ocrx_word' id='word_1_75' title='bbox 720 1267 802 1338; x_wconf 88' lang='lat' dir='ltr'>erat,</span> <span class='ocrx_word' id='word_1_76' title='bbox 825 1277 866 1324; x_wconf 89' lang='lat' dir='ltr'>an</span> <span class='ocrx_word' id='word_1_77' title='bbox 895 1256 1002 1326; x_wconf 87' lang='lat' dir='ltr'>brevis</span> <span class='ocrx_word' id='word_1_78' title='bbox 1023 1267 1096 1326; x_wconf 91' lang='lat' dir='ltr'>octo</span> 
     </span>
    </p>

    <p class='ocr_par' dir='ltr' id='par_1_7' title="bbox 161 1348 1096 1438">
     <span class='ocr_line' id='line_1_12' title="bbox 161 1348 1096 1438; baseline 0.005 -25"><span class='ocrx_word' id='word_1_79' title='bbox 161 1350 209 1417; x_wconf 83' lang='lat' dir='ltr'>ral</span> <span class='ocrx_word' id='word_1_80' title='bbox 231 1349 346 1416; x_wconf 89' lang='lat' dir='ltr'>decem</span> <span class='ocrx_word' id='word_1_81' title='bbox 370 1349 500 1417; x_wconf 90' lang='lat' dir='ltr'>dierum</span> <span class='ocrx_word' id='word_1_82' title='bbox 521 1348 695 1431; x_wconf 90' lang='lat' dir='ltr'>habitatio,</span> <span class='ocrx_word' id='word_1_83' title='bbox 715 1350 755 1417; x_wconf 92' lang='lat' dir='ltr'>ad</span> <span class='ocrx_word' id='word_1_84' title='bbox 776 1349 869 1438; x_wconf 90' lang='lat' dir='ltr'>quasi</span> <span class='ocrx_word' id='word_1_85' title='bbox 891 1350 1096 1419; x_wconf 81' lang='lat' dir='ltr'>domicilium</span> 
     </span>
    </p>

    <p class='ocr_par' dir='ltr' id='par_1_8' title="bbox 162 1441 1097 1530">
     <span class='ocr_line' id='line_1_13' title="bbox 162 1441 1097 1530; baseline 0.003 -21"><span class='ocrx_word' id='word_1_86' title='bbox 162 1441 412 1530; x_wconf 86' lang='lat' dir='ltr'>adipiscendum</span> <span class='ocrx_word' id='word_1_87' title='bbox 432 1442 571 1511; x_wconf 86' lang='lat' dir='ltr'>Londini</span> <span class='ocrx_word' id='word_1_88' title='bbox 592 1442 760 1512; x_wconf 88' lang='lat' dir='ltr'>sufficiens</span> <span class='ocrx_word' id='word_1_89' title='bbox 779 1443 892 1513; x_wconf 86' lang='lat' dir='ltr'>luerit.</span> <span class='ocrx_word' id='word_1_90' title='bbox 916 1443 949 1512; x_wconf 88' lang='lat' dir='ltr'>S.</span> <span class='ocrx_word' id='word_1_91' title='bbox 971 1445 1007 1514; x_wconf 84' lang='lat' dir='ltr'>C.</span> <span class='ocrx_word' id='word_1_92' title='bbox 1030 1464 1097 1513; x_wconf 92' lang='lat' dir='ltr'>non</span> 
     </span>
    </p>

    <p class='ocr_par' dir='ltr' id='par_1_9' title="bbox 161 1535 1095 1624">
     <span class='ocr_line' id='line_1_14' title="bbox 161 1535 1095 1624; baseline 0.003 -22"><span class='ocrx_word' id='word_1_93' title='bbox 161 1536 311 1624; x_wconf 88' lang='lat' dir='ltr'>reposuit</span> <span class='ocrx_word' id='word_1_94' title='bbox 330 1535 482 1623; x_wconf 85' lang='lat' dir='ltr'>absolute</span> <span class='ocrx_word' id='word_1_95' title='bbox 498 1536 660 1624; x_wconf 86' lang='lat' dir='ltr'>negative,</span> <span class='ocrx_word' id='word_1_96' title='bbox 683 1537 793 1614; x_wconf 82' lang='lat' dir='ltr'>sodex</span> <span class='ocrx_word' id='word_1_97' title='bbox 812 1536 971 1607; x_wconf 89' lang='lat' dir='ltr'>hactenus</span> <span class='ocrx_word' id='word_1_98' title='bbox 990 1537 1095 1606; x_wconf 88' lang='lat' dir='ltr'>dedu·</span> 
     </span>
    </p>

    <p class='ocr_par' dir='ltr' id='par_1_10' title="bbox 161 1628 1091 1718">
     <span class='ocr_line' id='line_1_15' title="bbox 161 1628 1091 1718; baseline 0.004 -22"><span class='ocrx_word' id='word_1_99' title='bbox 161 1628 235 1712; x_wconf 85' lang='lat' dir='ltr'>ctis,</span> <span class='ocrx_word' id='word_1_100' title='bbox 259 1639 293 1699; x_wconf 85' lang='lat' dir='ltr'>et</span> <span class='ocrx_word' id='word_1_101' title='bbox 312 1628 449 1717; x_wconf 85' lang='lat' dir='ltr'>insuper</span> <span class='ocrx_word' id='word_1_102' title='bbox 468 1630 583 1710; x_wconf 90' lang='lat' dir='ltr'>voluit,</span> <span class='ocrx_word' id='word_1_103' title='bbox 608 1641 646 1705; x_wconf 87' lang='lat' dir='ltr'>ut</span> <span class='ocrx_word' id='word_1_104' title='bbox 666 1631 902 1718; x_wconf 84' lang='lat' dir='ltr'>procederetur</span> <span class='ocrx_word' id='word_1_105' title='bbox 922 1631 961 1699; x_wconf 91' lang='lat' dir='ltr'>ad</span> <span class='ocrx_word' id='word_1_106' title='bbox 978 1630 1091 1708; x_wconf 80' lang='lat' dir='ltr'>conse·</span> 
     </span>
    </p>

    <p class='ocr_par' dir='ltr' id='par_1_11' title="bbox 160 1722 1097 1814">
     <span class='ocr_line' id='line_1_16' title="bbox 160 1722 1097 1814; baseline 0.004 -25"><span class='ocrx_word' id='word_1_107' title='bbox 160 1722 304 1790; x_wconf 88' lang='lat' dir='ltr'>ctionem</span> <span class='ocrx_word' id='word_1_108' title='bbox 326 1741 501 1810; x_wconf 85' lang='lat' dir='ltr'>processus</span> <span class='ocrx_word' id='word_1_109' title='bbox 514 1743 574 1811; x_wconf 94' lang='lat' dir='ltr'>pro</span> <span class='ocrx_word' id='word_1_110' title='bbox 587 1722 740 1792; x_wconf 85' lang='lat' dir='ltr'>nullitate</span> <span class='ocrx_word' id='word_1_111' title='bbox 760 1724 969 1806; x_wconf 87' lang='lat' dir='ltr'>declaranda,</span> <span class='ocrx_word' id='word_1_112' title='bbox 986 1724 1097 1814; x_wconf 87' lang='lat' dir='ltr'>inspe-</span> 
     </span>
    </p>

    <p class='ocr_par' dir='ltr' id='par_1_12' title="bbox 155 1816 1112 3586">
     <span class='ocr_line' id='line_1_17' title="bbox 160 1816 1100 1905; baseline 0.003 -23"><span class='ocrx_word' id='word_1_113' title='bbox 160 1826 212 1884; x_wconf 87' lang='lat' dir='ltr'>cto</span> <span class='ocrx_word' id='word_1_114' title='bbox 229 1817 424 1903; x_wconf 87' lang='lat' dir='ltr'>praesertim</span> <span class='ocrx_word' id='word_1_115' title='bbox 441 1816 564 1899; x_wconf 89' lang='lat' dir='ltr'>animo,</span> <span class='ocrx_word' id='word_1_116' title='bbox 576 1826 780 1904; x_wconf 89' lang='lat' dir='ltr'>ettempore;</span> <span class='ocrx_word' id='word_1_117' title='bbox 791 1817 1031 1905; x_wconf 88' lang='lat' dir='ltr'>quibusverbis</span> <span class='ocrx_word' id='word_1_118' title='bbox 1046 1818 1100 1885; x_wconf 92' lang='lat' dir='ltr'>do·</span> 
     </span>
     <span class='ocr_line' id='line_1_18' title="bbox 161 1907 1101 1997; baseline 0.002 -21"><span class='ocrx_word' id='word_1_119' title='bbox 161 1907 366 1977; x_wconf 87' lang='lat' dir='ltr'>cemurS.C.</span> <span class='ocrx_word' id='word_1_120' title='bbox 381 1921 525 1977; x_wconf 90' lang='lat' dir='ltr'>mentem</span> <span class='ocrx_word' id='word_1_121' title='bbox 541 1929 612 1994; x_wconf 84' lang='lat' dir='ltr'>esse</span> <span class='ocrx_word' id='word_1_122' title='bbox 626 1909 721 1997; x_wconf 88' lang='lat' dir='ltr'>qnasi</span> <span class='ocrx_word' id='word_1_123' title='bbox 733 1909 937 1977; x_wconf 88' lang='lat' dir='ltr'>domicilium</span> <span class='ocrx_word' id='word_1_124' title='bbox 952 1930 1017 1978; x_wconf 90' lang='lat' dir='ltr'>non</span> <span class='ocrx_word' id='word_1_125' title='bbox 1033 1931 1101 1978; x_wconf 92' lang='lat' dir='ltr'>mo·</span> 
     </span>
     <span class='ocr_line' id='line_1_19' title="bbox 159 2001 1101 2082; baseline -0.002 -11"><span class='ocrx_word' id='word_1_126' title='bbox 159 2003 202 2071; x_wconf 91' lang='lat' dir='ltr'>dc</span> <span class='ocrx_word' id='word_1_127' title='bbox 218 2022 259 2069; x_wconf 85' lang='lat' dir='ltr'>ex</span> <span class='ocrx_word' id='word_1_128' title='bbox 274 2001 386 2070; x_wconf 91' lang='lat' dir='ltr'>animo</span> <span class='ocrx_word' id='word_1_129' title='bbox 401 2015 434 2071; x_wconf 88' lang='lat' dir='ltr'>et</span> <span class='ocrx_word' id='word_1_130' title='bbox 446 2023 539 2070; x_wconf 91' lang='lat' dir='ltr'>mora</span> <span class='ocrx_word' id='word_1_131' title='bbox 553 2001 782 2082; x_wconf 87' lang='lat' dir='ltr'>determinari,</span> <span class='ocrx_word' id='word_1_132' title='bbox 800 2002 857 2070; x_wconf 89' lang='lat' dir='ltr'>sed</span> <span class='ocrx_word' id='word_1_133' title='bbox 872 2002 972 2070; x_wconf 85' lang='lat' dir='ltr'>etiam</span> <span class='ocrx_word' id='word_1_134' title='bbox 987 2023 1026 2070; x_wconf 84' lang='lat' dir='ltr'>ex</span> <span class='ocrx_word' id='word_1_135' title='bbox 1044 2003 1101 2069; x_wconf 92' lang='lat' dir='ltr'>ad-</span> 
     </span>
     <span class='ocr_line' id='line_1_20' title="bbox 159 2094 1099 2185; baseline -0.002 -22"><span class='ocrx_word' id='word_1_136' title='bbox 159 2097 293 2179; x_wconf 86' lang='lat' dir='ltr'>iunctis,</span> <span class='ocrx_word' id='word_1_137' title='bbox 304 2107 336 2164; x_wconf 91' lang='lat' dir='ltr'>et</span> <span class='ocrx_word' id='word_1_138' title='bbox 349 2108 526 2185; x_wconf 90' lang='lat' dir='ltr'>antequam</span> <span class='ocrx_word' id='word_1_139' title='bbox 537 2095 661 2164; x_wconf 92' lang='lat' dir='ltr'>mensis</span> <span class='ocrx_word' id='word_1_140' title='bbox 671 2094 833 2177; x_wconf 85' lang='lat' dir='ltr'>elabatur,</span> <span class='ocrx_word' id='word_1_141' title='bbox 844 2095 942 2164; x_wconf 89' lang='lat' dir='ltr'>etiam</span> <span class='ocrx_word' id='word_1_142' title='bbox 958 2095 1099 2183; x_wconf 88' lang='lat' dir='ltr'>acquiri.</span> 
     </span>
     <span class='ocr_line' id='line_1_21' title="bbox 159 2187 1101 2280; baseline -0.004 -22"><span class='ocrx_word' id='word_1_143' title='bbox 159 2189 193 2258; x_wconf 86' lang='lat' dir='ltr'>Si</span> <span class='ocrx_word' id='word_1_144' title='bbox 208 2190 286 2280; x_wconf 89' lang='lat' dir='ltr'>quis</span> <span class='ocrx_word' id='word_1_145' title='bbox 303 2210 355 2258; x_wconf 85' lang='lat' dir='ltr'>ex.</span> <span class='ocrx_word' id='word_1_146' title='bbox 374 2211 426 2277; x_wconf 88' lang='lat' dir='ltr'>gr.</span> <span class='ocrx_word' id='word_1_147' title='bbox 445 2191 589 2279; x_wconf 91' lang='lat' dir='ltr'>aliquem</span> <span class='ocrx_word' id='word_1_148' title='bbox 605 2199 695 2278; x_wconf 90' lang='lat' dir='ltr'>petat</span> <span class='ocrx_word' id='word_1_149' title='bbox 714 2187 824 2256; x_wconf 93' lang='lat' dir='ltr'>locum</span> <span class='ocrx_word' id='word_1_150' title='bbox 839 2208 914 2263; x_wconf 87' lang='lat' dir='ltr'>cum</span> <span class='ocrx_word' id='word_1_151' title='bbox 931 2187 1042 2256; x_wconf 92' lang='lat' dir='ltr'>animo</span> <span class='ocrx_word' id='word_1_152' title='bbox 1055 2187 1101 2255; x_wconf 93' lang='lat' dir='ltr'>ibi</span> 
     </span>
     <span class='ocr_line' id='line_1_22' title="bbox 157 2281 1103 2373; baseline -0.005 -21"><span class='ocrx_word' id='word_1_153' title='bbox 157 2304 372 2373; x_wconf 89' lang='lat' dir='ltr'>perannum,</span> <span class='ocrx_word' id='word_1_154' title='bbox 388 2284 618 2352; x_wconf 89' lang='lat' dir='ltr'>autmaiorem</span> <span class='ocrx_word' id='word_1_155' title='bbox 640 2281 718 2350; x_wconf 89' lang='lat' dir='ltr'>anni</span> <span class='ocrx_word' id='word_1_156' title='bbox 741 2292 868 2371; x_wconf 89' lang='lat' dir='ltr'>partem</span> <span class='ocrx_word' id='word_1_157' title='bbox 887 2281 1042 2349; x_wconf 85' lang='lat' dir='ltr'>manendi</span> <span class='ocrx_word' id='word_1_158' title='bbox 1071 2294 1103 2349; x_wconf 87' lang='lat' dir='ltr'>et</span> 
     </span>
     <span class='ocr_line' id='line_1_23' title="bbox 158 2372 1102 2467; baseline -0.002 -22"><span class='ocrx_word' id='word_1_159' title='bbox 158 2390 233 2467; x_wconf 90' lang='lat' dir='ltr'>post</span> <span class='ocrx_word' id='word_1_160' title='bbox 252 2372 383 2466; x_wconf 86' lang='lat' dir='ltr'>aliquos</span> <span class='ocrx_word' id='word_1_161' title='bbox 403 2377 454 2444; x_wconf 93' lang='lat' dir='ltr'>sui</span> <span class='ocrx_word' id='word_1_162' title='bbox 476 2377 638 2445; x_wconf 89' lang='lat' dir='ltr'>incolatus</span> <span class='ocrx_word' id='word_1_163' title='bbox 657 2376 728 2444; x_wconf 90' lang='lat' dir='ltr'>dics</span> <span class='ocrx_word' id='word_1_164' title='bbox 750 2374 1001 2444; x_wconf 87' lang='lat' dir='ltr'>matrimonium</span> <span class='ocrx_word' id='word_1_165' title='bbox 1023 2395 1102 2443; x_wconf 92' lang='lat' dir='ltr'>con·</span> 
     </span>
     <span class='ocr_line' id='line_1_24' title="bbox 158 2467 1103 2560; baseline -0.003 -21"><span class='ocrx_word' id='word_1_166' title='bbox 158 2471 283 2553; x_wconf 91' lang='lat' dir='ltr'>trahat,</span> <span class='ocrx_word' id='word_1_167' title='bbox 306 2482 339 2539; x_wconf 90' lang='lat' dir='ltr'>et</span> <span class='ocrx_word' id='word_1_168' title='bbox 357 2471 421 2540; x_wconf 90' lang='lat' dir='ltr'>iter</span> <span class='ocrx_word' id='word_1_169' title='bbox 439 2469 666 2559; x_wconf 79' lang='lat' dir='ltr'>aggrediatur,</span> <span class='ocrx_word' id='word_1_170' title='bbox 681 2469 762 2560; x_wconf 89' lang='lat' dir='ltr'>quin</span> <span class='ocrx_word' id='word_1_171' title='bbox 781 2467 924 2558; x_wconf 85' lang='lat' dir='ltr'>amplius</span> <span class='ocrx_word' id='word_1_172' title='bbox 938 2469 979 2538; x_wconf 91' lang='lat' dir='ltr'>ad</span> <span class='ocrx_word' id='word_1_173' title='bbox 993 2470 1103 2538; x_wconf 89' lang='lat' dir='ltr'>locum</span> 
     </span>
     <span class='ocr_line' id='line_1_25' title="bbox 158 2562 1104 2652; baseline -0.003 -20"><span class='ocrx_word' id='word_1_174' title='bbox 158 2575 358 2645; x_wconf 89' lang='lat' dir='ltr'>revertatur,</span> <span class='ocrx_word' id='word_1_175' title='bbox 378 2564 420 2632; x_wconf 93' lang='lat' dir='ltr'>ob</span> <span class='ocrx_word' id='word_1_176' title='bbox 441 2564 635 2651; x_wconf 82' lang='lat' dir='ltr'>ingruentes</span> <span class='ocrx_word' id='word_1_177' title='bbox 655 2564 814 2646; x_wconf 88' lang='lat' dir='ltr'>rationes,</span> <span class='ocrx_word' id='word_1_178' title='bbox 831 2563 980 2652; x_wconf 87' lang='lat' dir='ltr'>profecto</span> <span class='ocrx_word' id='word_1_179' title='bbox 1000 2562 1104 2631; x_wconf 84' lang='lat' dir='ltr'>maxi-</span> 
     </span>
     <span class='ocr_line' id='line_1_26' title="bbox 158 2656 1103 2746; baseline -0.002 -21"><span class='ocrx_word' id='word_1_180' title='bbox 158 2659 203 2725; x_wconf 92' lang='lat' dir='ltr'>mi</span> <span class='ocrx_word' id='word_1_181' title='bbox 226 2657 388 2726; x_wconf 91' lang='lat' dir='ltr'>momenti</span> <span class='ocrx_word' id='word_1_182' title='bbox 422 2677 461 2725; x_wconf 81' lang='lat' dir='ltr'>ex</span> <span class='ocrx_word' id='word_1_183' title='bbox 489 2657 643 2726; x_wconf 89' lang='lat' dir='ltr'>omnibns</span> <span class='ocrx_word' id='word_1_184' title='bbox 676 2656 841 2727; x_wconf 89' lang='lat' dir='ltr'>adiunctis</span> <span class='ocrx_word' id='word_1_185' title='bbox 866 2666 1103 2746; x_wconf 84' lang='lat' dir='ltr'>argumentum</span> 
     </span>
     <span class='ocr_line' id='line_1_27' title="bbox 158 2750 1107 2839; baseline -0.003 -19"><span class='ocrx_word' id='word_1_186' title='bbox 158 2752 291 2821; x_wconf 90' lang='lat' dir='ltr'>desumi</span> <span class='ocrx_word' id='word_1_187' title='bbox 314 2762 422 2839; x_wconf 87' lang='lat' dir='ltr'>potest</span> <span class='ocrx_word' id='word_1_188' title='bbox 441 2750 481 2819; x_wconf 90' lang='lat' dir='ltr'>ad</span> <span class='ocrx_word' id='word_1_189' title='bbox 501 2751 751 2820; x_wconf 88' lang='lat' dir='ltr'>matrimonium</span> <span class='ocrx_word' id='word_1_190' title='bbox 771 2750 916 2819; x_wconf 90' lang='lat' dir='ltr'>validum</span> <span class='ocrx_word' id='word_1_191' title='bbox 937 2751 1107 2819; x_wconf 89' lang='lat' dir='ltr'>declaran-</span> 
     </span>
     <span class='ocr_line' id='line_1_28' title="bbox 157 2842 1101 2934; baseline -0.006 -20"><span class='ocrx_word' id='word_1_192' title='bbox 157 2847 254 2927; x_wconf 88' lang='lat' dir='ltr'>dum.</span> <span class='ocrx_word' id='word_1_193' title='bbox 277 2842 407 2913; x_wconf 91' lang='lat' dir='ltr'>Pariter</span> <span class='ocrx_word' id='word_1_194' title='bbox 425 2845 452 2912; x_wconf 93' lang='lat' dir='ltr'>si</span> <span class='ocrx_word' id='word_1_195' title='bbox 473 2842 548 2933; x_wconf 89' lang='lat' dir='ltr'>quis</span> <span class='ocrx_word' id='word_1_196' title='bbox 568 2845 693 2934; x_wconf 91' lang='lat' dir='ltr'>absque</span> <span class='ocrx_word' id='word_1_197' title='bbox 725 2842 836 2911; x_wconf 90' lang='lat' dir='ltr'>animo</span> <span class='ocrx_word' id='word_1_198' title='bbox 862 2843 920 2911; x_wconf 92' lang='lat' dir='ltr'>diu</span> <span class='ocrx_word' id='word_1_199' title='bbox 946 2842 1101 2913; x_wconf 91' lang='lat' dir='ltr'>manendi</span> 
     </span>
     <span class='ocr_line' id='line_1_29' title="bbox 155 2936 1108 3027; baseline -0.004 -21"><span class='ocrx_word' id='word_1_200' title='bbox 155 2939 226 3006; x_wconf 86' lang='lat' dir='ltr'>alio</span> <span class='ocrx_word' id='word_1_201' title='bbox 248 2937 382 3006; x_wconf 88' lang='lat' dir='ltr'>divertit</span> <span class='ocrx_word' id='word_1_202' title='bbox 401 2937 564 3027; x_wconf 89' lang='lat' dir='ltr'>impulsus</span> <span class='ocrx_word' id='word_1_203' title='bbox 581 2958 691 3019; x_wconf 91' lang='lat' dir='ltr'>causa,</span> <span class='ocrx_word' id='word_1_204' title='bbox 711 2956 798 3025; x_wconf 89' lang='lat' dir='ltr'>quae</span> <span class='ocrx_word' id='word_1_205' title='bbox 817 2936 892 3004; x_wconf 91' lang='lat' dir='ltr'>talis</span> <span class='ocrx_word' id='word_1_206' title='bbox 909 2945 1052 3020; x_wconf 87' lang='lat' dir='ltr'>nonest,</span> <span class='ocrx_word' id='word_1_207' title='bbox 1071 2946 1108 3003; x_wconf 87' lang='lat' dir='ltr'>at</span> 
     </span>
     <span class='ocr_line' id='line_1_30' title="bbox 159 3028 1106 3120; baseline -0.005 -19"><span class='ocrx_word' id='word_1_208' title='bbox 159 3031 266 3120; x_wconf 84' lang='lat' dir='ltr'>possit</span> <span class='ocrx_word' id='word_1_209' title='bbox 289 3030 507 3118; x_wconf 87' lang='lat' dir='ltr'>probabiliter</span> <span class='ocrx_word' id='word_1_210' title='bbox 521 3030 609 3099; x_wconf 91' lang='lat' dir='ltr'>illico</span> <span class='ocrx_word' id='word_1_211' title='bbox 631 3051 669 3099; x_wconf 93' lang='lat' dir='ltr'>ac</span> <span class='ocrx_word' id='word_1_212' title='bbox 688 3028 847 3098; x_wconf 90' lang='lat' dir='ltr'>continuo</span> <span class='ocrx_word' id='word_1_213' title='bbox 862 3049 1004 3112; x_wconf 86' lang='lat' dir='ltr'>cessare,</span> <span class='ocrx_word' id='word_1_214' title='bbox 1026 3048 1106 3118; x_wconf 88' lang='lat' dir='ltr'>qua-</span> 
     </span>
     <span class='ocr_line' id='line_1_31' title="bbox 157 3122 1107 3212; baseline -0.007 -20"><span class='ocrx_word' id='word_1_215' title='bbox 157 3125 199 3193; x_wconf 91' lang='lat' dir='ltr'>lis</span> <span class='ocrx_word' id='word_1_216' title='bbox 221 3144 323 3197; x_wconf 89' lang='lat' dir='ltr'>causa</span> <span class='ocrx_word' id='word_1_217' title='bbox 343 3123 434 3206; x_wconf 87' lang='lat' dir='ltr'>belli,</span> <span class='ocrx_word' id='word_1_218' title='bbox 456 3124 634 3212; x_wconf 70' lang='lat' dir='ltr'>asponis,</span> <span class='ocrx_word' id='word_1_219' title='bbox 657 3132 781 3211; x_wconf 86' lang='lat' dir='ltr'>etpost</span> <span class='ocrx_word' id='word_1_220' title='bbox 801 3142 924 3210; x_wconf 90' lang='lat' dir='ltr'>paucos</span> <span class='ocrx_word' id='word_1_221' title='bbox 942 3122 1012 3190; x_wconf 89' lang='lat' dir='ltr'>dies</span> <span class='ocrx_word' id='word_1_222' title='bbox 1038 3141 1107 3188; x_wconf 87' lang='lat' dir='ltr'>ma-</span> 
     </span>
     <span class='ocr_line' id='line_1_32' title="bbox 158 3212 1110 3304; baseline -0.007 -19"><span class='ocrx_word' id='word_1_223' title='bbox 158 3216 360 3287; x_wconf 87' lang='lat' dir='ltr'>trimonium</span> <span class='ocrx_word' id='word_1_224' title='bbox 380 3215 569 3298; x_wconf 88' lang='lat' dir='ltr'>contrahit,</span> <span class='ocrx_word' id='word_1_225' title='bbox 601 3218 666 3284; x_wconf 90' lang='lat' dir='ltr'>iam</span> <span class='ocrx_word' id='word_1_226' title='bbox 690 3214 802 3304; x_wconf 88' lang='lat' dir='ltr'>magni</span> <span class='ocrx_word' id='word_1_227' title='bbox 833 3213 995 3283; x_wconf 92' lang='lat' dir='ltr'>momenti</span> <span class='ocrx_word' id='word_1_228' title='bbox 1017 3212 1110 3281; x_wconf 86' lang='lat' dir='ltr'>adest</span> 
     </span>
     <span class='ocr_line' id='line_1_33' title="bbox 158 3305 1106 3397; baseline -0.006 -18"><span class='ocrx_word' id='word_1_229' title='bbox 158 3309 429 3393; x_wconf 89' lang='lat' dir='ltr'>adminiculum,</span> <span class='ocrx_word' id='word_1_230' title='bbox 452 3320 490 3378; x_wconf 91' lang='lat' dir='ltr'>ut</span> <span class='ocrx_word' id='word_1_231' title='bbox 509 3309 574 3378; x_wconf 90' lang='lat' dir='ltr'>dici</span> <span class='ocrx_word' id='word_1_232' title='bbox 594 3310 714 3378; x_wconf 90' lang='lat' dir='ltr'>merito</span> <span class='ocrx_word' id='word_1_233' title='bbox 735 3307 839 3397; x_wconf 85' lang='lat' dir='ltr'>possit</span> <span class='ocrx_word' id='word_1_234' title='bbox 858 3305 1106 3377; x_wconf 88' lang='lat' dir='ltr'>matrimonium</span> 
     </span>
     <span class='ocr_line' id='line_1_34' title="bbox 156 3399 1111 3491; baseline -0.005 -20"><span class='ocrx_word' id='word_1_235' title='bbox 156 3404 269 3474; x_wconf 84' lang='lat' dir='ltr'>valide</span> <span class='ocrx_word' id='word_1_236' title='bbox 290 3403 409 3471; x_wconf 90' lang='lat' dir='ltr'>initum</span> <span class='ocrx_word' id='word_1_237' title='bbox 431 3423 515 3484; x_wconf 89' lang='lat' dir='ltr'>esse,</span> <span class='ocrx_word' id='word_1_238' title='bbox 538 3404 651 3474; x_wconf 86' lang='lat' dir='ltr'>sireis</span> <span class='ocrx_word' id='word_1_239' title='bbox 669 3402 805 3491; x_wconf 89' lang='lat' dir='ltr'>posthac</span> <span class='ocrx_word' id='word_1_240' title='bbox 819 3399 1058 3472; x_wconf 87' lang='lat' dir='ltr'>habitationem</span> <span class='ocrx_word' id='word_1_241' title='bbox 1076 3399 1111 3466; x_wconf 91' lang='lat' dir='ltr'>in</span> 
     </span>
     <span class='ocr_line' id='line_1_35' title="bbox 156 3492 1112 3586; baseline -0.006 -22"><span class='ocrx_word' id='word_1_242' title='bbox 156 3497 233 3567; x_wconf 92' lang='lat' dir='ltr'>loco</span> <span class='ocrx_word' id='word_1_243' title='bbox 253 3497 431 3586; x_wconf 89' lang='lat' dir='ltr'>protrahat</span> <span class='ocrx_word' id='word_1_244' title='bbox 448 3496 526 3577; x_wconf 82' lang='lat' dir='ltr'>sire</span> <span class='ocrx_word' id='word_1_245' title='bbox 544 3519 624 3567; x_wconf 90' lang='lat' dir='ltr'>non.</span> <span class='ocrx_word' id='word_1_246' title='bbox 659 3496 739 3566; x_wconf 90' lang='lat' dir='ltr'>Vide</span> <span class='ocrx_word' id='word_1_247' title='bbox 773 3496 903 3573; x_wconf 84' lang='lat' dir='ltr'>Pavone</span> <span class='ocrx_word' id='word_1_248' title='bbox 931 3492 1112 3586; x_wconf 85' lang='lat' dir='ltr'>Spicilcgio</span> 
     </span>
    </p>
   </div>
   <div class='ocr_carea' id='block_1_4' title="bbox 0 0 1326 4175">
    <p class='ocr_par' dir='ltr' id='par_1_13' title="bbox 0 0 1326 4175">
     <span class='ocr_line' id='line_1_36' title="bbox 0 0 1326 4175; baseline 0 2"><span class='ocrx_word' id='word_1_249' title='bbox 0 0 1326 4175; x_wconf 95' lang='lat' dir='ltr'> </span> 
     </span>
    </p>
   </div>
  </div>
 </body>
</html>
