2642 4175
526 529 680 620 untur
709 531 740 621 t

431 705 491 774 nn
511 675 842 776 ‘securisumus

611 1027 629 1118 5
646 1027 681 1096 t.

328 1196 374 1262 ΙΝ
405 1195 525 1270 nouus
555 1196 588 1262 et
606 1196 720 1274 uptun
747 1160 956 1272 sponsata.
1083 1187 1087 1196 '

212 1374 385 1467 Sponsalia
406 1397 426 1448 a
444 1376 629 1467 mouendo
657 1398 718 1447 seu
751 1387 868 1467 sponte
887 1373 1114 1468 promittendo
1147 1399 1150 1406 ¹

170 1490 295 1542 nomen
313 1470 450 1544 habunt.
473 1468 585 1542 «Nam
603 1491 674 1542 mos
693 1469 756 1539 fuit
774 1469 940 1542 veteribus
959 1471 1113 1561 stipulari

171 1574 205 1636 et
220 1565 387 1654 spondere
400 1562 462 1636 sibi
487 1584 605 1638 uxores
618 1565 759 1650 futuras,
776 1565 865 1634 unde
883 1584 899 1633 s
923 1564 994 1634 onsi
1012 1586 1114 1655 spon·

171 1678 298 1749 sasque
318 1656 587 1748 appellationum
608 1672 698 1729 est.»
715 1657 753 1726 L.
768 1656 790 1726 ἓ
810 1671 843 1728 et
858 1654 880 1727 3
898 1586 934 1727 g.
955 1658 997 1727 de
1010 1656 1113 1749 Spera

172 1752 234 1824 sul.
253 1750 370 1841 ltaque
389 1750 553 1841 sponsalia
574 1751 781 1824 definiuntur
809 1776 823 1819 r
844 1753 1034 1822 futurarum
1053 1773 1115 1824 nu·

171 1844 318 1935 ptiarum
337 1845 546 1934 promissio»
569 1867 642 1916 can.
666 1844 710 1931 3,
729 1867 821 1916 caus.
842 1844 900 1928 30,
924 1856 1055 1936 quaest.
1076 1845 1111 1931 5,

170 1937 252 2025 sire,
266 1951 304 2008 ut
319 1938 420 2010 habet
432 1938 689 2014 Iurisconsultus
702 1939 762 2010 lib.
772 1939 805 2025 i,
816 1939 852 2008 M.
863 1940 953 2025 eod„
967 1940 1114 2012 «mentio

169 2044 205 2105 et
223 2031 400 2124 promissio
421 2034 608 2105 suturarum
630 2032 872 2124 nuptiarum.»
902 2033 943 2103 nt
970 2031 1114 2123 Sponsa·

171 2125 258 2196 lium
279 2146 401 2199 nomen
426 2126 538 2199 latiori
568 2147 667 2197 sensu
698 2126 865 2216 accipiunt
890 2125 1112 2210 Canonistae,

170 2239 282 2311 eoque
302 2219 493 2310 intelligunt
511 2219 611 2290 etiam
631 2217 881 2290 Matrimonium
902 2228 1026 2303 ratum,
1042 2217 1116 2289 sive

170 2334 371 2384 eonsensum
402 2314 614 2403 impraesens
640 2311 913 2398 Matrimonium,
936 2332 1036 2403 quam
1064 2311 1116 2383 lo·

171 2407 298 2498 quendi
318 2406 483 2478 rationem
504 2428 543 2478 er
563 2428 625 2476 usu
659 2406 906 2498 scripturarum
931 2406 1114 2496 protectam

175 2520 250 2572 esse
281 2520 349 2571 non
381 2499 594 2591 ambigimus.
621 2501 846 2572 «Recordare
866 2500 1116 2572 consuetudinis

176 2592 439 2685 scripturarum,
460 2595 550 2685 quod
569 2594 682 2685 sponsi
701 2594 775 2678 riri,
789 2607 823 2665 et
841 2615 981 2685 sponsae
999 2613 1118 2664 rocen-

175 2696 234 2758 t'nr
253 2709 372 2759 uxores
390 2712 405 2755 s
424 2687 535 2779 inquit
555 2688 777 2780 Hieronymus
794 2688 828 2757 in
847 2689 961 2759 Matth.
983 2709 1056 2780 cap.
1078 2687 1113 2758 1.

174 2779 258 2851 vide
277 2781 453 2853 Mnhorum·
480 2781 608 2851 observ.
639 2780 708 2853 iur.
735 2783 761 2851 Ι.
779 2780 817 2866 M,
840 2803 870 2852 c.
893 2781 927 2852 8.
949 2782 1047 2866 Hinc,
1068 2780 1117 2850 vi·
1197 2832 1201 2838 .

174 2876 297 2951 undae
312 2875 540 2966 ambiguitatis
559 2877 679 2966 grstia,
695 2874 868 2966 Sponsaiia
887 2886 947 2947 ant
962 2877 1004 2949 de
1024 2895 1121 2966 pree·

174 2968 283 3053 secu,
303 2981 361 3041 aut
379 2969 421 3043 de
441 2971 554 3041 futuro
575 2986 649 3039 esse
676 2969 845 3054 dicuntur,
864 2969 961 3041 etita
981 2968 1117 3060 quidem

174 3071 214 3137 ttt
237 3083 362 3137 nomen
391 3061 600 3153 Sponseiium
620 3061 845 3161 depromenti
865 3064 906 3133 ad
926 3061 1122 3153 significan·

177 3154 258 3231 dum
275 3156 523 3231 Matrimonium
545 3168 676 3240 ratum,
697 3177 821 3229 nomen
842 3168 954 3227 autem
975 3155 1120 3246 Sponsa·

176 3246 262 3323 lium
281 3250 324 3320 do
343 3251 457 3325 tuturo
482 3250 523 3321 sd
543 3251 630 3323 scias
656 3249 897 3340 dignoscendas
926 3248 1032 3334 icturi
1052 3249 1120 3323 Mr-

174 3341 326 3419 triutertii
344 3343 585 3434 promissiones
605 3356 802 3433 usurpetur.

232 3432 404 3526 transuta
423 3438 465 3513 de
493 3438 606 3511 futuro
634 3436 761 3528 nuptiis
779 3435 948 3528 praemitti
972 3435 1116 3525 debant,

179 3546 249 3601 non
269 3529 407 3621 quidem
438 3542 477 3603 nt
503 3532 612 3603 velent
631 3528 891 3613 Matrimonium,
910 3530 968 3601 scd
986 3540 1025 3598 ut
1042 3548 1124 3596 cau·
