2642 4175
355 411 400 456 nn
416 410 651 457 mannnrunrrs
668 409 869 458 mrnmonu
964 401 1031 460 326

148 506 297 593 gementi
316 506 380 574 vim
400 509 566 597 perspexit
582 507 737 584 Calvinus
758 507 827 597 ipse
846 508 904 577 lib.
928 509 973 595 l,
995 510 1080 586 lnsl.

147 618 220 686 cap.
240 598 299 682 l9,
320 600 337 689 ἓ
358 597 418 667 37.
443 625 456 667 a
482 601 543 669 Ubi
574 602 661 671 enim
691 603 818 685 semel,
841 603 973 693 inquit,
995 597 1091 675 enti?

149 712 253 761 nuere
272 693 445 777 Catholici,
468 694 715 763 Matrimonium
733 715 805 764 esse
823 693 1085 784 Sacramentum,

148 786 376 875 coniugalium
406 808 581 855 causarum
603 787 827 875 cognitionem
853 790 949 857 adse
978 802 1086 861 traxe-

151 890 237 962 runt,
261 879 386 968 quippe
406 901 460 949 res
484 881 667 969 spiritualis
697 889 769 949 erat
794 881 944 969 ¹prolenis
964 881 1085 953 ludici·

148 973 208 1041 bus
229 992 298 1040 non
323 974 572 1041 attrectanda.»
594 973 667 1062 lpse
681 973 852 1042 ³lliralreau
871 974 906 1041 in
924 995 982 1043 sna
1003 975 1081 1046 llic·

146 1066 277 1134 rarolria
297 1066 470 1154 pressione
491 1076 515 1133 t.
539 1064 571 1149 7,
591 1087 620 1135 o.
639 1064 696 1150 83,
718 1066 801 1134 haec
820 1066 931 1135 habet:
954 1067 1014 1135 ‹si
1031 1088 1086 1137 ve·

149 1180 221 1226 rum
241 1170 293 1228 est
313 1159 563 1228 matrimonium
585 1179 655 1228 esse
681 1171 945 1241 sacramentum,
963 1180 1084 1229 *causae

152 1271 266 1320 omnes
287 1253 550 1320 matrimoniales
581 1252 679 1320 unice
710 1263 859 1340 spectant
887 1253 925 1320 ad
950 1251 1084 1321 iurisdi-

147 1344 291 1413 ctionem
314 1345 492 1414 Ecclesiae.
515 1345 660 1413 Ecclesia
682 1357 754 1424 est,
775 1345 868 1413 cuius
889 1344 1083 1415 Hierarchia

149 1439 276 1526 pariter
293 1438 377 1504 iuris
394 1437 495 1506 divini
517 1450 576 1517 est,
597 1458 682 1527 quae
703 1438 800 1506 debet
818 1449 964 1507 statuere
984 1439 1086 1509 ratid-

148 1552 223 1599 nem
243 1531 422 1598 iudicandi
436 1552 551 1599 causas
571 1552 662 1600 snas.
685 1531 773 1600 Velle
792 1531 920 1619 lingere
942 1533 1014 1600 inra
1035 1533 1085 1601 di-

148 1643 241 1692 versa
263 1633 313 1693 est
332 1645 433 1692 ausus
461 1625 622 1694 maximus
652 1625 822 1713 potestatis
852 1625 1003 1713 publicae
1025 1626 1083 1693 nd·

148 1737 264 1786 versos
284 1728 481 1805 potestatem
501 1718 706 1807 religiosam.
733 1741 748 1783 c
768 1717 813 1786 lle
834 1717 897 1786 hae
920 1718 1084 1788 sententia

136 1809 290 1878 vlotarius
309 1831 418 1879 sermo
436 1810 568 1879 redibit.

202 1904 349 1972 Tertiam
372 1904 517 1992 denique
536 1902 761 1982 sententiam,
785 1921 870 1990 quae
888 1902 974 1970 hano
993 1914 1086 1991 pota·

144 2006 263 2064 statem
296 2010 365 2065 turn
387 1996 572 2080 Ecclesiae,
591 2008 660 2065 turn
682 1994 892 2082 Principibus
911 1996 1084 2078 coneedit,

148 2091 421 2178 amplexatisunt
439 2091 536 2177 pauci
561 2108 702 2158 numero
722 2087 878 2156 Doctores
902 2107 979 2155 cum
1006 2085 1088 2156 San-

21 2172 22 2177 ’
146 2183 250 2265 cher,
274 2185 332 2272 qui
352 2184 411 2251 lib.
434 2181 479 2266 7,
510 2184 596 2272 disp.
628 2180 674 2264 3,
693 2200 786 2248 num.
810 2176 933 2247 Ehoec
963 2176 1085 2249 habet:

21 2346 22 2353 ,
147 2276 315 2365 «absque
346 2276 448 2345 dnbio
480 2276 655 2343 dicendum
683 2283 757 2355 est,
777 2291 872 2361 posse
900 2270 1087 2360 Principem
1148 2334 1150 2339 .

21 2444 22 2447 Ἴ
144 2370 350 2438 saecularem
373 2390 411 2437 er
436 2389 582 2458 genere,
611 2378 644 2437 et
667 2377 786 2435 natura
810 2385 889 2434 suae
916 2365 1088 2452 potestatis

21 2454 22 2473 ¹
145 2463 352 2530 matrimonii
373 2462 608 2550 impedimenta
637 2459 827 2529 dirimentia
849 2458 1003 2526 fidel-ibus
1024 2458 1089 2528 sibi

144 2555 289 2623 subditis
309 2577 348 2623 ex
371 2555 466 2624 iusta
482 2576 577 2623 cansa
610 2554 679 2622 suis
704 2552 833 2642 legibus
857 2550 1028 2636 indicere,
1048 2572 1088 2621 eo

149 2659 259 2735 paeto,
293 2670 360 2736 quo
386 2649 419 2716 id
453 2647 601 2717 Pontifex
620 2646 775 2716 Summus
796 2657 945 2736 potest.»
968 2644 1089 2728 Verum

146 2740 234 2809 hanc
266 2742 323 2830 qui
363 2750 550 2831 sequuntur
576 2740 773 2811 sententiam
807 2761 875 2808 non
901 2758 1018 2807 omnes
1051 2739 1086 2807 in

145 2853 185 2901 ea
220 2834 411 2922 explicanda
442 2834 667 2915 conveniunt,
694 2853 758 2901 neo
790 2852 896 2899 unum
930 2831 1089 2920 idemque

148 2926 274 2994 sentire
309 2926 477 2996 videntur.
504 2927 566 2994 Alii
595 2926 682 2993 enim
717 2925 904 2992 concedunt
922 2923 1089 3013 principes

137 3017 387 3107 impedimenta
418 3018 622 3088 matrimonii
652 3026 835 3086 erratura
863 3015 912 3084 rei
942 3015 1090 3085 indicere

152 3131 273 3199 posse,
306 3113 364 3181 sed
395 3113 494 3181 simul
525 3112 780 3191 intenturam,
811 3108 919 3196 quoad
942 3109 1090 3176 subditos

152 3203 374 3288 christianos,
405 3205 596 3273 huiusmodi
629 3204 703 3272 inre
734 3201 916 3282 excidisse,
953 3220 992 3267 ex
1018 3218 1091 3288 uuo

149 3295 303 3368 Christus
343 3297 593 3367 matrimonium
631 3298 672 3365 ad
709 3292 912 3364 Sacramenti
948 3290 1092 3381 dignita-

150 3399 217 3457 tem
238 3390 355 3459 erexit.
379 3391 441 3458 ttii
459 3391 607 3459 latentur
623 3390 710 3458 hanc
722 3399 917 3479 potestatem
939 3385 981 3453 ob
998 3405 1091 3454 reve·

150 3483 293 3551 rentiam
317 3483 522 3552 Sacramenti
542 3503 712 3551 reservare
741 3481 803 3551 sibi
827 3478 1007 3549 Pontifices
1033 3500 1093 3568 po-

26 3592 27 3597 ’
148 3573 281 3661 tuisse,
304 3598 409 3667 quare
441 3574 609 3664 Principes
629 3576 727 3645 modo
747 3585 918 3670 nequeunt
950 3570 1093 3661 impedi·
