<?xml version="1.0" encoding="UTF-8"?>
<!DOCTYPE html PUBLIC "-//W3C//DTD XHTML 1.0 Transitional//EN"
    "http://www.w3.org/TR/xhtml1/DTD/xhtml1-transitional.dtd">
<html xmlns="http://www.w3.org/1999/xhtml" xml:lang="en" lang="en">
 <head>
  <title>
</title>
<meta http-equiv="Content-Type" content="text/html;charset=utf-8" />
  <meta name='ocr-system' content='tesseract 3.04.00' />
  <meta name='ocr-capabilities' content='ocr_page ocr_carea ocr_par ocr_line ocrx_word'/>
</head>
<body>
  <div class='ocr_page' id='page_1' title='image "./septimiimariaev00veccgoog_0311.png"; bbox 0 0 2642 4175; ppageno 0'>
   <div class='ocr_carea' id='block_1_1' title="bbox 362 325 1113 387">
    <p class='ocr_par' dir='ltr' id='par_1_1' title="bbox 362 325 1113 387">
     <span class='ocr_line' id='line_1_1' title="bbox 362 325 1113 387; baseline 0 -2"><span class='ocrx_word' id='word_1_1' title='bbox 362 342 406 385; x_wconf 87' lang='lat' dir='ltr'>nn</span> <span class='ocrx_word' id='word_1_2' title='bbox 424 325 659 386; x_wconf 75' lang='lat' dir='ltr'>mrnnmsnrr&#39;s</span> <span class='ocrx_word' id='word_1_3' title='bbox 678 341 877 386; x_wconf 82' lang='lat' dir='ltr'>uarnnronn</span> <span class='ocrx_word' id='word_1_4' title='bbox 974 329 1039 387; x_wconf 77' lang='lat'>287</span> <span class='ocrx_word' id='word_1_5' title='bbox 1106 343 1113 350; x_wconf 92' lang='lat'>·</span> 
     </span>
    </p>
   </div>
   <div class='ocr_carea' id='block_1_2' title="bbox 67 437 1097 3606">
    <p class='ocr_par' dir='ltr' id='par_1_2' title="bbox 145 437 1088 623">
     <span class='ocr_line' id='line_1_2' title="bbox 145 437 1088 529; baseline 0.002 -22"><span class='ocrx_word' id='word_1_6' title='bbox 145 439 183 507; x_wconf 93' lang='lat' dir='ltr'>in</span> <span class='ocrx_word' id='word_1_7' title='bbox 200 438 283 509; x_wconf 89' lang='lat' dir='ltr'>locis</span> <span class='ocrx_word' id='word_1_8' title='bbox 298 438 354 507; x_wconf 91' lang='lat' dir='ltr'>uhi</span> <span class='ocrx_word' id='word_1_9' title='bbox 369 438 553 508; x_wconf 83' lang='lat' dir='ltr'>Concilium</span> <span class='ocrx_word' id='word_1_10' title='bbox 571 437 721 508; x_wconf 81' lang='lat' dir='ltr'>Trident.</span> <span class='ocrx_word' id='word_1_11' title='bbox 744 451 913 529; x_wconf 86' lang='lat' dir='ltr'>receptum</span> <span class='ocrx_word' id='word_1_12' title='bbox 931 449 991 524; x_wconf 90' lang='lat' dir='ltr'>cst,</span> <span class='ocrx_word' id='word_1_13' title='bbox 1009 450 1088 509; x_wconf 80' lang='lat' dir='ltr'>tam</span> 
     </span>
     <span class='ocr_line' id='line_1_3' title="bbox 145 532 594 623; baseline -0.002 -22"><span class='ocrx_word' id='word_1_14' title='bbox 145 555 247 623; x_wconf 91' lang='lat' dir='ltr'>quam</span> <span class='ocrx_word' id='word_1_15' title='bbox 269 532 375 601; x_wconf 89' lang='lat' dir='ltr'>valida</span> <span class='ocrx_word' id='word_1_16' title='bbox 396 532 594 601; x_wconf 80' lang='lat' dir='ltr'><strong>habeantur.</strong></span> 
     </span>
    </p>

    <p class='ocr_par' dir='ltr' id='par_1_3' title="bbox 67 625 1097 3606">
     <span class='ocr_line' id='line_1_4' title="bbox 194 625 1086 716; baseline -0.001 -21"><span class='ocrx_word' id='word_1_17' title='bbox 194 626 285 706; x_wconf 84' lang='lat' dir='ltr'>Quae</span> <span class='ocrx_word' id='word_1_18' title='bbox 299 647 375 694; x_wconf 87' lang='lat' dir='ltr'>cum</span> <span class='ocrx_word' id='word_1_19' title='bbox 394 626 439 695; x_wconf 90' lang='lat' dir='ltr'>ita</span> <span class='ocrx_word' id='word_1_20' title='bbox 454 625 531 708; x_wconf 92' lang='lat' dir='ltr'>sint,</span> <span class='ocrx_word' id='word_1_21' title='bbox 548 625 694 694; x_wconf 90' lang='lat' dir='ltr'>nilaliud</span> <span class='ocrx_word' id='word_1_22' title='bbox 712 637 862 697; x_wconf 80' lang='lat' dir='ltr'><strong>remanet</strong></span> <span class='ocrx_word' id='word_1_23' title='bbox 875 645 973 705; x_wconf 93' lang='lat' dir='ltr'>nunc,</span> <span class='ocrx_word' id='word_1_24' title='bbox 988 647 1086 716; x_wconf 86' lang='lat' dir='ltr'>quam</span> 
     </span>
     <span class='ocr_line' id='line_1_5' title="bbox 148 718 1089 809; baseline 0.001 -23"><span class='ocrx_word' id='word_1_25' title='bbox 148 731 186 787; x_wconf 95' lang='lat' dir='ltr'>ut</span> <span class='ocrx_word' id='word_1_26' title='bbox 208 719 443 809; x_wconf 80' lang='lat' dir='ltr'>responsiones</span> <span class='ocrx_word' id='word_1_27' title='bbox 455 718 510 786; x_wconf 91' lang='lat' dir='ltr'>hic</span> <span class='ocrx_word' id='word_1_28' title='bbox 526 718 671 788; x_wconf 86' lang='lat' dir='ltr'>hreriter</span> <span class='ocrx_word' id='word_1_29' title='bbox 688 720 877 806; x_wconf 83' lang='lat' dir='ltr'>afferamus,</span> <span class='ocrx_word' id='word_1_30' title='bbox 893 741 975 809; x_wconf 91' lang='lat' dir='ltr'>quas</span> <span class='ocrx_word' id='word_1_31' title='bbox 988 720 1089 789; x_wconf 90' lang='lat' dir='ltr'>huius</span> 
     </span>
     <span class='ocr_line' id='line_1_6' title="bbox 148 811 1088 901; baseline 0.001 -20"><span class='ocrx_word' id='word_1_32' title='bbox 148 813 336 882; x_wconf 89' lang='lat' dir='ltr'>sententiae</span> <span class='ocrx_word' id='word_1_33' title='bbox 351 811 481 901; x_wconf 91' lang='lat' dir='ltr'>patroni</span> <span class='ocrx_word' id='word_1_34' title='bbox 494 813 528 879; x_wconf 90' lang='lat' dir='ltr'>in</span> <span class='ocrx_word' id='word_1_35' title='bbox 545 812 692 882; x_wconf 88' lang='lat' dir='ltr'>medium</span> <span class='ocrx_word' id='word_1_36' title='bbox 705 813 849 882; x_wconf 84' lang='lat' dir='ltr'>aderunt</span> <span class='ocrx_word' id='word_1_37' title='bbox 860 814 900 888; x_wconf 89' lang='lat' dir='ltr'>ad</span> <span class='ocrx_word' id='word_1_38' title='bbox 916 814 1088 886; x_wconf 85' lang='lat' dir='ltr'>destruen-</span> 
     </span>
     <span class='ocr_line' id='line_1_7' title="bbox 150 906 1089 995; baseline 0 -21"><span class='ocrx_word' id='word_1_39' title='bbox 150 908 189 975; x_wconf 91' lang='lat' dir='ltr'>da</span> <span class='ocrx_word' id='word_1_40' title='bbox 210 918 420 994; x_wconf 83' lang='lat' dir='ltr'>argumenta,</span> <span class='ocrx_word' id='word_1_41' title='bbox 445 925 531 995; x_wconf 90' lang='lat' dir='ltr'>quae</span> <span class='ocrx_word' id='word_1_42' title='bbox 565 906 606 974; x_wconf 94' lang='lat' dir='ltr'>ab</span> <span class='ocrx_word' id='word_1_43' title='bbox 626 906 798 995; x_wconf 91' lang='lat' dir='ltr'>oppositae</span> <span class='ocrx_word' id='word_1_44' title='bbox 825 907 1009 976; x_wconf 88' lang='lat' dir='ltr'>sententiae</span> <span class='ocrx_word' id='word_1_45' title='bbox 1030 929 1089 975; x_wconf 90' lang='lat' dir='ltr'>au-</span> 
     </span>
     <span class='ocr_line' id='line_1_8' title="bbox 150 999 1091 1090; baseline 0.002 -23"><span class='ocrx_word' id='word_1_46' title='bbox 150 1000 298 1069; x_wconf 89' lang='lat' dir='ltr'>ctoribus</span> <span class='ocrx_word' id='word_1_47' title='bbox 318 1009 564 1089; x_wconf 90' lang='lat' dir='ltr'>proponuntur.</span> <span class='ocrx_word' id='word_1_48' title='bbox 596 999 746 1068; x_wconf 87' lang='lat' dir='ltr'>Primum</span> <span class='ocrx_word' id='word_1_49' title='bbox 775 999 888 1089; x_wconf 89' lang='lat' dir='ltr'>itaque</span> <span class='ocrx_word' id='word_1_50' title='bbox 909 1001 995 1088; x_wconf 90' lang='lat' dir='ltr'>quod</span> <span class='ocrx_word' id='word_1_51' title='bbox 1017 1022 1091 1090; x_wconf 91' lang='lat' dir='ltr'>spe·</span> 
     </span>
     <span class='ocr_line' id='line_1_9' title="bbox 152 1091 1091 1182; baseline 0 -20"><span class='ocrx_word' id='word_1_52' title='bbox 152 1105 218 1162; x_wconf 83' lang='lat' dir='ltr'>ctat</span> <span class='ocrx_word' id='word_1_53' title='bbox 250 1116 289 1162; x_wconf 82' lang='lat' dir='ltr'>ex</span> <span class='ocrx_word' id='word_1_54' title='bbox 325 1092 383 1161; x_wconf 88' lang='lat' dir='ltr'>SS.</span> <span class='ocrx_word' id='word_1_55' title='bbox 417 1094 478 1163; x_wconf 84' lang='lat' dir='ltr'>CC.</span> <span class='ocrx_word' id='word_1_56' title='bbox 501 1091 726 1163; x_wconf 81' lang='lat' dir='ltr'>decisionibus</span> <span class='ocrx_word' id='word_1_57' title='bbox 756 1093 966 1182; x_wconf 88' lang='lat' dir='ltr'>desumptum</span> <span class='ocrx_word' id='word_1_58' title='bbox 992 1115 1091 1182; x_wconf 85' lang='lat' dir='ltr'>argu·</span> 
     </span>
     <span class='ocr_line' id='line_1_10' title="bbox 154 1187 1091 1266; baseline 0.001 -12"><span class='ocrx_word' id='word_1_59' title='bbox 154 1199 314 1266; x_wconf 22' lang='lat' dir='ltr'>sorentum,</span> <span class='ocrx_word' id='word_1_60' title='bbox 345 1187 441 1256; x_wconf 86' lang='lat' dir='ltr'>facile</span> <span class='ocrx_word' id='word_1_61' title='bbox 466 1187 615 1256; x_wconf 83' lang='lat' dir='ltr'>solvitur.</span> <span class='ocrx_word' id='word_1_62' title='bbox 647 1187 729 1257; x_wconf 90' lang='lat' dir='ltr'>Nam</span> <span class='ocrx_word' id='word_1_63' title='bbox 757 1187 876 1256; x_wconf 87' lang='lat' dir='ltr'>citatae</span> <span class='ocrx_word' id='word_1_64' title='bbox 908 1187 1091 1256; x_wconf 79' lang='lat' dir='ltr'>decisiones</span> 
     </span>
     <span class='ocr_line' id='line_1_11' title="bbox 152 1278 1092 1370; baseline 0.001 -23"><span class='ocrx_word' id='word_1_65' title='bbox 152 1280 216 1347; x_wconf 92' lang='lat' dir='ltr'>alio</span> <span class='ocrx_word' id='word_1_66' title='bbox 236 1301 355 1350; x_wconf 88' lang='lat' dir='ltr'>omncs</span> <span class='ocrx_word' id='word_1_67' title='bbox 374 1292 536 1370; x_wconf 90' lang='lat' dir='ltr'>spectant,</span> <span class='ocrx_word' id='word_1_68' title='bbox 553 1302 593 1349; x_wconf 92' lang='lat' dir='ltr'>co</span> <span class='ocrx_word' id='word_1_69' title='bbox 611 1281 699 1369; x_wconf 87' lang='lat' dir='ltr'>quod</span> <span class='ocrx_word' id='word_1_70' title='bbox 721 1278 889 1369; x_wconf 82' lang='lat' dir='ltr'>attingunt</span> <span class='ocrx_word' id='word_1_71' title='bbox 907 1280 1092 1350; x_wconf 88' lang='lat' dir='ltr'>haereticos</span> 
     </span>
     <span class='ocr_line' id='line_1_12' title="bbox 154 1374 1089 1463; baseline 0.004 -23"><span class='ocrx_word' id='word_1_72' title='bbox 154 1374 288 1456; x_wconf 90' lang='lat' dir='ltr'>incolas,</span> <span class='ocrx_word' id='word_1_73' title='bbox 304 1374 360 1463; x_wconf 93' lang='lat' dir='ltr'>qui</span> <span class='ocrx_word' id='word_1_74' title='bbox 381 1375 543 1455; x_wconf 91' lang='lat' dir='ltr'>nondum,</span> <span class='ocrx_word' id='word_1_75' title='bbox 559 1374 737 1444; x_wconf 90' lang='lat' dir='ltr'>constituta</span> <span class='ocrx_word' id='word_1_76' title='bbox 755 1384 907 1463; x_wconf 90' lang='lat' dir='ltr'>separata</span> <span class='ocrx_word' id='word_1_77' title='bbox 920 1375 1089 1457; x_wconf 87' lang='lat' dir='ltr'>societate,</span> 
     </span>
     <span class='ocr_line' id='line_1_13' title="bbox 154 1467 1088 1557; baseline 0.003 -25"><span class='ocrx_word' id='word_1_78' title='bbox 154 1468 239 1535; x_wconf 92' lang='lat' dir='ltr'>intra</span> <span class='ocrx_word' id='word_1_79' title='bbox 258 1467 440 1536; x_wconf 90' lang='lat' dir='ltr'>catholicae</span> <span class='ocrx_word' id='word_1_80' title='bbox 468 1468 642 1557; x_wconf 83' lang='lat' dir='ltr'>paroeciae</span> <span class='ocrx_word' id='word_1_81' title='bbox 660 1467 811 1550; x_wconf 90' lang='lat' dir='ltr'>limites,</span> <span class='ocrx_word' id='word_1_82' title='bbox 848 1467 880 1535; x_wconf 91' lang='lat' dir='ltr'>in</span> <span class='ocrx_word' id='word_1_83' title='bbox 901 1490 966 1556; x_wconf 89' lang='lat' dir='ltr'>qua</span> <span class='ocrx_word' id='word_1_84' title='bbox 987 1467 1088 1538; x_wconf 90' lang='lat' dir='ltr'>Conc.</span> 
     </span>
     <span class='ocr_line' id='line_1_14' title="bbox 154 1559 1092 1650; baseline 0.002 -23"><span class='ocrx_word' id='word_1_85' title='bbox 154 1559 244 1628; x_wconf 85' lang='lat' dir='ltr'>Trid.</span> <span class='ocrx_word' id='word_1_86' title='bbox 266 1570 316 1629; x_wconf 89' lang='lat' dir='ltr'>est</span> <span class='ocrx_word' id='word_1_87' title='bbox 334 1561 553 1650; x_wconf 89' lang='lat' dir='ltr'>publicatum,</span> <span class='ocrx_word' id='word_1_88' title='bbox 575 1560 780 1630; x_wconf 86' lang='lat' dir='ltr'>domicilium</span> <span class='ocrx_word' id='word_1_89' title='bbox 803 1570 835 1630; x_wconf 93' lang='lat' dir='ltr'>et</span> <span class='ocrx_word' id='word_1_90' title='bbox 853 1559 1092 1630; x_wconf 89' lang='lat' dir='ltr'>habitationem</span> 
     </span>
     <span class='ocr_line' id='line_1_15' title="bbox 153 1651 1092 1744; baseline 0.003 -24"><span class='ocrx_word' id='word_1_91' title='bbox 153 1651 288 1737; x_wconf 90' lang='lat' dir='ltr'>hahent,</span> <span class='ocrx_word' id='word_1_92' title='bbox 301 1654 610 1744; x_wconf 72' lang='lat' dir='ltr'>ecclesiasticaeque</span> <span class='ocrx_word' id='word_1_93' title='bbox 625 1653 845 1724; x_wconf 88' lang='lat' dir='ltr'>iurisdictioni</span> <span class='ocrx_word' id='word_1_94' title='bbox 855 1654 1092 1723; x_wconf 91' lang='lat' dir='ltr'>subiiciuntur.</span> 
     </span>
     <span class='ocr_line' id='line_1_16' title="bbox 152 1745 1091 1837; baseline 0 -20"><span class='ocrx_word' id='word_1_95' title='bbox 152 1745 234 1817; x_wconf 82' lang='lat' dir='ltr'>Cum</span> <span class='ocrx_word' id='word_1_96' title='bbox 256 1746 369 1836; x_wconf 87' lang='lat' dir='ltr'>itaque</span> <span class='ocrx_word' id='word_1_97' title='bbox 387 1768 498 1817; x_wconf 89' lang='lat' dir='ltr'>sermo</span> <span class='ocrx_word' id='word_1_98' title='bbox 530 1748 572 1817; x_wconf 91' lang='lat' dir='ltr'>sit</span> <span class='ocrx_word' id='word_1_99' title='bbox 604 1747 645 1816; x_wconf 91' lang='lat' dir='ltr'>de</span> <span class='ocrx_word' id='word_1_100' title='bbox 680 1745 883 1831; x_wconf 78' lang='lat' dir='ltr'>haereticis,</span> <span class='ocrx_word' id='word_1_101' title='bbox 906 1748 1091 1837; x_wconf 88' lang='lat' dir='ltr'>dequibus</span> 
     </span>
     <span class='ocr_line' id='line_1_17' title="bbox 154 1840 1097 1930; baseline 0.004 -24"><span class='ocrx_word' id='word_1_102' title='bbox 154 1840 285 1930; x_wconf 86' lang='lat' dir='ltr'>loquuti</span> <span class='ocrx_word' id='word_1_103' title='bbox 305 1840 430 1909; x_wconf 84' lang='lat' dir='ltr'>fuimus</span> <span class='ocrx_word' id='word_1_104' title='bbox 449 1841 484 1909; x_wconf 91' lang='lat' dir='ltr'>in</span> <span class='ocrx_word' id='word_1_105' title='bbox 505 1841 611 1930; x_wconf 93' lang='lat' dir='ltr'>prima</span> <span class='ocrx_word' id='word_1_106' title='bbox 634 1840 841 1928; x_wconf 87' lang='lat' dir='ltr'>quaestione,</span> <span class='ocrx_word' id='word_1_107' title='bbox 860 1841 990 1908; x_wconf 87' lang='lat' dir='ltr'>nullum</span> <span class='ocrx_word' id='word_1_108' title='bbox 1003 1843 1097 1910; x_wconf 90' lang='lat' dir='ltr'>adest</span> 
     </span>
     <span class='ocr_line' id='line_1_18' title="bbox 156 1931 1096 2023; baseline 0.005 -25"><span class='ocrx_word' id='word_1_109' title='bbox 156 1933 308 2016; x_wconf 85' lang='lat' dir='ltr'>dubium,</span> <span class='ocrx_word' id='word_1_110' title='bbox 329 1933 411 2023; x_wconf 90' lang='lat' dir='ltr'>quin</span> <span class='ocrx_word' id='word_1_111' title='bbox 428 1955 544 2004; x_wconf 90' lang='lat' dir='ltr'>eornm</span> <span class='ocrx_word' id='word_1_112' title='bbox 562 1931 786 2010; x_wconf 88' lang='lat' dir='ltr'>matrimonia,</span> <span class='ocrx_word' id='word_1_113' title='bbox 799 1952 865 2001; x_wconf 92' lang='lat' dir='ltr'>non</span> <span class='ocrx_word' id='word_1_114' title='bbox 879 1946 1006 2003; x_wconf 85' lang='lat' dir='ltr'>serrata</span> <span class='ocrx_word' id='word_1_115' title='bbox 1021 1936 1096 2021; x_wconf 82' lang='lat' dir='ltr'>lege</span> 
     </span>
     <span class='ocr_line' id='line_1_19' title="bbox 154 2025 1092 2115; baseline 0 -21"><span class='ocrx_word' id='word_1_116' title='bbox 154 2026 333 2112; x_wconf 87' lang='lat' dir='ltr'>Ecclesiae,</span> <span class='ocrx_word' id='word_1_117' title='bbox 356 2027 447 2097; x_wconf 92' lang='lat' dir='ltr'>nulla</span> <span class='ocrx_word' id='word_1_118' title='bbox 468 2027 535 2098; x_wconf 86' lang='lat' dir='ltr'>sint</span> <span class='ocrx_word' id='word_1_119' title='bbox 563 2048 602 2097; x_wconf 87' lang='lat' dir='ltr'>an</span> <span class='ocrx_word' id='word_1_120' title='bbox 627 2026 736 2097; x_wconf 90' lang='lat' dir='ltr'>irrita.</span> <span class='ocrx_word' id='word_1_121' title='bbox 760 2025 806 2092; x_wconf 84' lang='lat' dir='ltr'>hd</span> <span class='ocrx_word' id='word_1_122' title='bbox 839 2026 1038 2115; x_wconf 91' lang='lat' dir='ltr'>rescriptum</span> <span class='ocrx_word' id='word_1_123' title='bbox 1059 2026 1092 2094; x_wconf 91' lang='lat' dir='ltr'>S.</span> 
     </span>
     <span class='ocr_line' id='line_1_20' title="bbox 154 2118 1096 2208; baseline 0 -20"><span class='ocrx_word' id='word_1_124' title='bbox 154 2119 189 2188; x_wconf 83' lang='lat' dir='ltr'>G.</span> <span class='ocrx_word' id='word_1_125' title='bbox 212 2120 249 2189; x_wconf 82' lang='lat' dir='ltr'>G.</span> <span class='ocrx_word' id='word_1_126' title='bbox 272 2121 314 2188; x_wconf 89' lang='lat' dir='ltr'>dc</span> <span class='ocrx_word' id='word_1_127' title='bbox 346 2121 557 2190; x_wconf 89' lang='lat' dir='ltr'>matrimonio</span> <span class='ocrx_word' id='word_1_128' title='bbox 585 2119 701 2189; x_wconf 88' lang='lat' dir='ltr'>Ulmac</span> <span class='ocrx_word' id='word_1_129' title='bbox 727 2118 892 2187; x_wconf 88' lang='lat' dir='ltr'>celebrato</span> <span class='ocrx_word' id='word_1_130' title='bbox 912 2120 1001 2207; x_wconf 84' lang='lat' dir='ltr'>quod</span> <span class='ocrx_word' id='word_1_131' title='bbox 1020 2141 1096 2208; x_wconf 89' lang='lat' dir='ltr'>spe·</span> 
     </span>
     <span class='ocr_line' id='line_1_21' title="bbox 154 2212 1095 2301; baseline 0 -20"><span class='ocrx_word' id='word_1_132' title='bbox 154 2226 230 2297; x_wconf 91' lang='lat' dir='ltr'>ctat,</span> <span class='ocrx_word' id='word_1_133' title='bbox 252 2213 352 2282; x_wconf 91' lang='lat' dir='ltr'>iidem</span> <span class='ocrx_word' id='word_1_134' title='bbox 374 2226 526 2284; x_wconf 76' lang='lat' dir='ltr'>auctores</span> <span class='ocrx_word' id='word_1_135' title='bbox 550 2213 818 2282; x_wconf 88' lang='lat' dir='ltr'>animadvertunt</span> <span class='ocrx_word' id='word_1_136' title='bbox 836 2212 889 2301; x_wconf 84' lang='lat' dir='ltr'>agi</span> <span class='ocrx_word' id='word_1_137' title='bbox 920 2213 960 2280; x_wconf 89' lang='lat' dir='ltr'>de</span> <span class='ocrx_word' id='word_1_138' title='bbox 980 2214 1095 2281; x_wconf 92' lang='lat' dir='ltr'>matri-</span> 
     </span>
     <span class='ocr_line' id='line_1_22' title="bbox 157 2304 1094 2397; baseline 0.002 -24"><span class='ocrx_word' id='word_1_139' title='bbox 157 2306 279 2388; x_wconf 90' lang='lat' dir='ltr'>monio,</span> <span class='ocrx_word' id='word_1_140' title='bbox 300 2310 388 2396; x_wconf 93' lang='lat' dir='ltr'>quod</span> <span class='ocrx_word' id='word_1_141' title='bbox 408 2308 520 2397; x_wconf 88' lang='lat' dir='ltr'>sponsi</span> <span class='ocrx_word' id='word_1_142' title='bbox 539 2330 576 2377; x_wconf 83' lang='lat' dir='ltr'>ex</span> <span class='ocrx_word' id='word_1_143' title='bbox 591 2308 678 2388; x_wconf 86' lang='lat' dir='ltr'>loco,</span> <span class='ocrx_word' id='word_1_144' title='bbox 697 2305 754 2374; x_wconf 91' lang='lat' dir='ltr'>uhi</span> <span class='ocrx_word' id='word_1_145' title='bbox 771 2304 909 2381; x_wconf 77' lang='lat' dir='ltr'>Concilii</span> <span class='ocrx_word' id='word_1_146' title='bbox 922 2307 1094 2375; x_wconf 87' lang='lat' dir='ltr'>decretum</span> 
     </span>
     <span class='ocr_line' id='line_1_23' title="bbox 157 2398 1095 2491; baseline 0.001 -24"><span class='ocrx_word' id='word_1_147' title='bbox 157 2400 220 2469; x_wconf 84' lang='lat' dir='ltr'>init</span> <span class='ocrx_word' id='word_1_148' title='bbox 238 2403 500 2490; x_wconf 81' lang='lat' dir='ltr'>promulgatum,</span> <span class='ocrx_word' id='word_1_149' title='bbox 522 2414 555 2470; x_wconf 89' lang='lat' dir='ltr'>et</span> <span class='ocrx_word' id='word_1_150' title='bbox 575 2412 759 2491; x_wconf 90' lang='lat' dir='ltr'>acceptum,</span> <span class='ocrx_word' id='word_1_151' title='bbox 778 2420 814 2468; x_wconf 89' lang='lat' dir='ltr'>se</span> <span class='ocrx_word' id='word_1_152' title='bbox 830 2398 973 2482; x_wconf 82' lang='lat' dir='ltr'>UImam,</span> <span class='ocrx_word' id='word_1_153' title='bbox 997 2399 1095 2468; x_wconf 92' lang='lat' dir='ltr'>unius</span> 
     </span>
     <span class='ocr_line' id='line_1_24' title="bbox 157 2494 1096 2587; baseline 0.002 -27"><span class='ocrx_word' id='word_1_154' title='bbox 157 2494 360 2563; x_wconf 90' lang='lat' dir='ltr'>matrimonii</span> <span class='ocrx_word' id='word_1_155' title='bbox 380 2495 569 2587; x_wconf 87' lang='lat' dir='ltr'>celebrandi</span> <span class='ocrx_word' id='word_1_156' title='bbox 602 2515 700 2564; x_wconf 88' lang='lat' dir='ltr'>causa</span> <span class='ocrx_word' id='word_1_157' title='bbox 730 2494 991 2578; x_wconf 90' lang='lat' dir='ltr'>transtulerunt,</span> <span class='ocrx_word' id='word_1_158' title='bbox 1014 2494 1096 2583; x_wconf 91' lang='lat' dir='ltr'>quin</span> 
     </span>
     <span class='ocr_line' id='line_1_25' title="bbox 156 2586 1096 2677; baseline 0.001 -23"><span class='ocrx_word' id='word_1_159' title='bbox 156 2587 341 2674; x_wconf 82' lang='lat' dir='ltr'>legitimum</span> <span class='ocrx_word' id='word_1_160' title='bbox 365 2588 596 2668; x_wconf 89' lang='lat' dir='ltr'>domicilium,</span> <span class='ocrx_word' id='word_1_161' title='bbox 626 2589 676 2658; x_wconf 89' lang='lat' dir='ltr'>vel</span> <span class='ocrx_word' id='word_1_162' title='bbox 696 2588 790 2677; x_wconf 90' lang='lat' dir='ltr'>quasi</span> <span class='ocrx_word' id='word_1_163' title='bbox 811 2586 1016 2656; x_wconf 88' lang='lat' dir='ltr'>domicilium</span> <span class='ocrx_word' id='word_1_164' title='bbox 1050 2587 1096 2656; x_wconf 93' lang='lat' dir='ltr'>ihi</span> 
     </span>
     <span class='ocr_line' id='line_1_26' title="bbox 158 2681 1096 2771; baseline 0.003 -24"><span class='ocrx_word' id='word_1_165' title='bbox 158 2700 272 2748; x_wconf 85' lang='lat' dir='ltr'>revera</span> <span class='ocrx_word' id='word_1_166' title='bbox 288 2681 398 2769; x_wconf 90' lang='lat' dir='ltr'>adepti</span> <span class='ocrx_word' id='word_1_167' title='bbox 419 2693 540 2751; x_wconf 88' lang='lat' dir='ltr'>essent.</span> <span class='ocrx_word' id='word_1_168' title='bbox 575 2681 645 2750; x_wconf 93' lang='lat' dir='ltr'>lam</span> <span class='ocrx_word' id='word_1_169' title='bbox 665 2703 741 2751; x_wconf 87' lang='lat' dir='ltr'>vero</span> <span class='ocrx_word' id='word_1_170' title='bbox 762 2681 948 2771; x_wconf 89' lang='lat' dir='ltr'>paullulum</span> <span class='ocrx_word' id='word_1_171' title='bbox 969 2701 1096 2750; x_wconf 90' lang='lat' dir='ltr'>memo-</span> 
     </span>
     <span class='ocr_line' id='line_1_27' title="bbox 159 2773 1097 2863; baseline 0.003 -24"><span class='ocrx_word' id='word_1_172' title='bbox 159 2773 229 2842; x_wconf 90' lang='lat' dir='ltr'>riae</span> <span class='ocrx_word' id='word_1_173' title='bbox 262 2774 442 2843; x_wconf 85' lang='lat' dir='ltr'>revolventi</span> <span class='ocrx_word' id='word_1_174' title='bbox 483 2774 565 2842; x_wconf 85' lang='lat' dir='ltr'>inris</span> <span class='ocrx_word' id='word_1_175' title='bbox 602 2776 736 2861; x_wconf 78' lang='lat' dir='ltr'>regulas</span> <span class='ocrx_word' id='word_1_176' title='bbox 779 2774 975 2863; x_wconf 88' lang='lat' dir='ltr'>iampridem</span> <span class='ocrx_word' id='word_1_177' title='bbox 1017 2795 1097 2842; x_wconf 91' lang='lat' dir='ltr'>con·</span> 
     </span>
     <span class='ocr_line' id='line_1_28' title="bbox 160 2866 1092 2955; baseline 0.001 -21"><span class='ocrx_word' id='word_1_178' title='bbox 160 2868 290 2935; x_wconf 89' lang='lat' dir='ltr'>stitutas</span> <span class='ocrx_word' id='word_1_179' title='bbox 310 2888 349 2934; x_wconf 90' lang='lat' dir='ltr'>ac</span> <span class='ocrx_word' id='word_1_180' title='bbox 378 2866 532 2955; x_wconf 89' lang='lat' dir='ltr'>superius</span> <span class='ocrx_word' id='word_1_181' title='bbox 562 2889 580 2936; x_wconf 86' lang='lat' dir='ltr'>a</span> <span class='ocrx_word' id='word_1_182' title='bbox 612 2866 708 2936; x_wconf 91' lang='lat' dir='ltr'>nobis</span> <span class='ocrx_word' id='word_1_183' title='bbox 741 2867 928 2955; x_wconf 84' lang='lat' dir='ltr'>expositas,</span> <span class='ocrx_word' id='word_1_184' title='bbox 951 2869 992 2936; x_wconf 89' lang='lat' dir='ltr'>de</span> <span class='ocrx_word' id='word_1_185' title='bbox 1025 2867 1092 2950; x_wconf 91' lang='lat' dir='ltr'>iis,</span> 
     </span>
     <span class='ocr_line' id='line_1_29' title="bbox 67 2957 1090 3048; baseline 0.004 -22"><span class='ocrx_word' id='word_1_186' title='bbox 67 2984 71 2989; x_wconf 93' lang='lat'>·</span> <span class='ocrx_word' id='word_1_187' title='bbox 161 2959 216 3048; x_wconf 90' lang='lat' dir='ltr'>qui</span> <span class='ocrx_word' id='word_1_188' title='bbox 248 2958 362 3029; x_wconf 90' lang='lat' dir='ltr'>relicta</span> <span class='ocrx_word' id='word_1_189' title='bbox 394 2959 531 3048; x_wconf 81' lang='lat' dir='ltr'>regione</span> <span class='ocrx_word' id='word_1_190' title='bbox 557 2959 677 3048; x_wconf 90' lang='lat' dir='ltr'>inqua</span> <span class='ocrx_word' id='word_1_191' title='bbox 704 2957 909 3027; x_wconf 90' lang='lat' dir='ltr'>domicilium</span> <span class='ocrx_word' id='word_1_192' title='bbox 942 2960 1090 3042; x_wconf 90' lang='lat' dir='ltr'>habent,</span> 
     </span>
     <span class='ocr_line' id='line_1_30' title="bbox 161 3051 1091 3136; baseline 0.001 -17"><span class='ocrx_word' id='word_1_193' title='bbox 161 3053 223 3120; x_wconf 90' lang='lat' dir='ltr'>alio</span> <span class='ocrx_word' id='word_1_194' title='bbox 242 3073 278 3121; x_wconf 90' lang='lat' dir='ltr'>se</span> <span class='ocrx_word' id='word_1_195' title='bbox 297 3054 495 3135; x_wconf 86' lang='lat' dir='ltr'>conferunt,</span> <span class='ocrx_word' id='word_1_196' title='bbox 519 3064 576 3136; x_wconf 93' lang='lat' dir='ltr'>ut,</span> <span class='ocrx_word' id='word_1_197' title='bbox 606 3053 699 3121; x_wconf 90' lang='lat' dir='ltr'>nullo</span> <span class='ocrx_word' id='word_1_198' title='bbox 727 3072 810 3121; x_wconf 84' lang='lat' dir='ltr'>novo</span> <span class='ocrx_word' id='word_1_199' title='bbox 832 3051 878 3119; x_wconf 90' lang='lat' dir='ltr'>ihi</span> <span class='ocrx_word' id='word_1_200' title='bbox 899 3052 1091 3131; x_wconf 87' lang='lat' dir='ltr'>domicilia,</span> 
     </span>
     <span class='ocr_line' id='line_1_31' title="bbox 161 3144 1096 3235; baseline 0.001 -24"><span class='ocrx_word' id='word_1_201' title='bbox 161 3145 209 3212; x_wconf 87' lang='lat' dir='ltr'>rol</span> <span class='ocrx_word' id='word_1_202' title='bbox 237 3144 332 3234; x_wconf 92' lang='lat' dir='ltr'>quasi</span> <span class='ocrx_word' id='word_1_203' title='bbox 368 3145 536 3215; x_wconf 88' lang='lat' dir='ltr'>domicilio</span> <span class='ocrx_word' id='word_1_204' title='bbox 572 3146 681 3214; x_wconf 91' lang='lat' dir='ltr'>adhuc</span> <span class='ocrx_word' id='word_1_205' title='bbox 701 3144 886 3235; x_wconf 89' lang='lat' dir='ltr'>acquisito,</span> <span class='ocrx_word' id='word_1_206' title='bbox 924 3144 1096 3213; x_wconf 88' lang='lat' dir='ltr'>matrimo-</span> 
     </span>
     <span class='ocr_line' id='line_1_32' title="bbox 164 3236 1094 3329; baseline 0.002 -25"><span class='ocrx_word' id='word_1_207' title='bbox 164 3237 254 3307; x_wconf 90' lang='lat' dir='ltr'>nium</span> <span class='ocrx_word' id='word_1_208' title='bbox 287 3239 506 3322; x_wconf 88' lang='lat' dir='ltr'>contrahant,</span> <span class='ocrx_word' id='word_1_209' title='bbox 542 3237 630 3307; x_wconf 89' lang='lat' dir='ltr'>illico</span> <span class='ocrx_word' id='word_1_210' title='bbox 660 3239 787 3329; x_wconf 91' lang='lat' dir='ltr'>patebit</span> <span class='ocrx_word' id='word_1_211' title='bbox 813 3259 851 3307; x_wconf 90' lang='lat' dir='ltr'>ac</span> <span class='ocrx_word' id='word_1_212' title='bbox 883 3236 1094 3307; x_wconf 81' lang='lat' dir='ltr'>manifestum</span> 
     </span>
     <span class='ocr_line' id='line_1_33' title="bbox 164 3330 1096 3409; baseline 0.002 -13"><span class='ocrx_word' id='word_1_213' title='bbox 164 3330 224 3399; x_wconf 88' lang='lat' dir='ltr'>erit</span> <span class='ocrx_word' id='word_1_214' title='bbox 252 3331 501 3409; x_wconf 86' lang='lat' dir='ltr'>matrimonium</span> <span class='ocrx_word' id='word_1_215' title='bbox 539 3330 653 3401; x_wconf 92' lang='lat' dir='ltr'>Ulmac</span> <span class='ocrx_word' id='word_1_216' title='bbox 686 3343 891 3402; x_wconf 88' lang='lat' dir='ltr'>contractum</span> <span class='ocrx_word' id='word_1_217' title='bbox 922 3332 1096 3401; x_wconf 80' lang='lat' dir='ltr'>casulum</span> 
     </span>
     <span class='ocr_line' id='line_1_34' title="bbox 165 3423 1096 3514; baseline 0.005 -26"><span class='ocrx_word' id='word_1_218' title='bbox 165 3423 289 3494; x_wconf 88' lang='lat' dir='ltr'>ratione</span> <span class='ocrx_word' id='word_1_219' title='bbox 326 3424 457 3494; x_wconf 90' lang='lat' dir='ltr'>irritum</span> <span class='ocrx_word' id='word_1_220' title='bbox 495 3443 591 3508; x_wconf 88' lang='lat' dir='ltr'>esse,</span> <span class='ocrx_word' id='word_1_221' title='bbox 631 3426 709 3514; x_wconf 91' lang='lat' dir='ltr'>quia</span> <span class='ocrx_word' id='word_1_222' title='bbox 748 3426 827 3496; x_wconf 89' lang='lat' dir='ltr'>illuc</span> <span class='ocrx_word' id='word_1_223' title='bbox 862 3425 1096 3496; x_wconf 87' lang='lat' dir='ltr'>contrahentes</span> 
     </span>
     <span class='ocr_line' id='line_1_35' title="bbox 165 3513 1096 3606; baseline 0.002 -24"><span class='ocrx_word' id='word_1_224' title='bbox 165 3513 303 3588; x_wconf 84' lang='lat' dir='ltr'>fixerunt</span> <span class='ocrx_word' id='word_1_225' title='bbox 330 3517 581 3602; x_wconf 85' lang='lat' dir='ltr'>habitationem,</span> <span class='ocrx_word' id='word_1_226' title='bbox 601 3539 639 3588; x_wconf 94' lang='lat' dir='ltr'>eo</span> <span class='ocrx_word' id='word_1_227' title='bbox 659 3521 729 3589; x_wconf 89' lang='lat' dir='ltr'>solo</span> <span class='ocrx_word' id='word_1_228' title='bbox 757 3520 891 3606; x_wconf 87' lang='lat' dir='ltr'>animo,</span> <span class='ocrx_word' id='word_1_229' title='bbox 923 3531 983 3601; x_wconf 90' lang='lat' dir='ltr'>ut,</span> <span class='ocrx_word' id='word_1_230' title='bbox 1003 3518 1096 3587; x_wconf 90' lang='lat' dir='ltr'>nullo</span> 
     </span>
    </p>
   </div>
   <div class='ocr_carea' id='block_1_3' title="bbox 0 0 1347 4175">
    <p class='ocr_par' dir='ltr' id='par_1_4' title="bbox 0 0 1347 4175">
     <span class='ocr_line' id='line_1_36' title="bbox 0 0 1347 4175; baseline 0 0"><span class='ocrx_word' id='word_1_231' title='bbox 0 0 1347 4175; x_wconf 95' lang='lat' dir='ltr'> </span> 
     </span>
    </p>
   </div>
  </div>
 </body>
</html>
