2642 4175
494 367 537 411 nn
561 366 774 414 saonaamnns
1011 355 1053 413 47

162 469 244 537 bene
257 486 354 556 posse
368 465 510 534 videtur:
526 485 603 533 nam
619 464 646 532 si
661 486 701 533 es
719 466 870 535 adductis
884 468 1100 541 decisionibus

162 561 376 648 manifestam
392 566 493 639 esset,
517 558 555 627 S.
576 556 614 626 C.
637 560 797 628 censuisse
814 560 910 629 nollo
930 566 1119 650 sponsalia.

79 729 84 739 ,
160 657 251 723 inter
266 653 523 740 ooasoapeineos
542 652 631 720 istite
649 672 716 719 nota
735 673 775 719 ea
793 654 864 722 olio
880 657 1007 724 satione
1018 680 1096 743 asse,

161 769 263 837 qoam
282 768 323 814 eoo
338 745 636 832 oostsoapainitolis
651 746 898 833 impedimento,
913 750 999 837 quod
1012 752 1099 821 inter

159 862 295 930 sponsos
309 839 552 923 intersedebat,
572 838 667 906 eollo
683 840 787 927 pretio
807 840 919 910 bobito
937 845 1097 913 coaditio-

159 956 226 1017 ηε,
248 935 281 1001 si
299 933 396 1021 Papo
429 932 655 1022 dispensaret,
680 945 717 999 ut
752 933 869 1002 asserit
900 947 1014 1004 auctor
1038 960 1093 1028 op.

158 1030 240 1097 bate
254 1046 294 1095 ex
308 1025 349 1094 iis
362 1037 513 1113 excerpta
527 1036 589 1094 eta.
607 1024 749 1113 append.
766 1024 799 1108 l,
811 1025 1098 1117 p.lbl,sequere·

158 1131 216 1188 tur
231 1120 380 1209 prolecto
395 1118 586 1188 huiusmodi
600 1117 766 1206 sponsalia
781 1118 898 1187 eodem
914 1124 1024 1203 modo,
1041 1143 1096 1193 ea·

157 1214 304 1303 demque
324 1212 454 1281 ratione
470 1211 561 1280 nulla
582 1231 654 1280 esse
674 1231 712 1279 aa
732 1211 839 1295 imita,
862 1232 900 1281 aa
919 1213 987 1296 illa,
1010 1236 1095 1303 quae

156 1305 1097 1395 enmimpedimentosimplicitanetabsoluteoontnaban·

154 1412 225 1469 tun.
244 1399 317 1480 Quo
332 1398 452 1487 posito,
468 1399 567 1477 unde,
576 1398 738 1483 sciscitor,
746 1399 841 1482 daut
856 1400 888 1468 in
900 1400 963 1469 boa
976 1420 1095 1471 seeun-

156 1494 200 1562 do
217 1514 296 1561 easu
315 1492 518 1581 sponsalium
537 1491 696 1579 obligatio
709 1512 846 1579 prorsus
859 1506 1042 1580 evanescat,
1062 1508 1096 1566 et

154 1586 300 1655 libanum
315 1586 358 1655 sit
374 1586 460 1674 parti
479 1585 625 1673 utrique,
647 1606 708 1655 suo
725 1585 834 1655 lubitu
854 1599 887 1657 et
906 1587 1032 1677 absque
1046 1589 1096 1658 iu·

153 1679 235 1748 dieii
254 1678 419 1768 strepitu,
439 1680 548 1747 datam
567 1678 665 1747 fidem
685 1678 891 1768 infringere,
913 1682 1093 1751 dnmmodo

153 1772 189 1840 in
210 1772 268 1840 illo
287 1773 396 1861 primo
417 1792 495 1840 nasu
534 1772 738 1860 sponsalium
757 1772 1031 1861 impedimentum
1051 1778 1093 1844 ad

157 1876 284 1934 statum
304 1865 473 1948 libanum,
496 1885 595 1953 saepe
612 1864 808 1954 opponitur,
837 1869 1031 1937 mandatum
1051 1870 1093 1938 de

156 1978 225 2027 non
243 1959 404 2027 nubendo
424 1958 678 2047 pronunciatus,
697 1979 758 2046 pro
778 1957 1006 2048 impedimenti
1038 1982 1093 2030 re·

156 2053 305 2122 motione
320 2071 386 2121 nnn
396 2071 472 2121 mm
486 2050 689 2120 iudicialiter
703 2051 814 2139 agitur
828 2064 861 2123 et
880 2053 979 2122 etiam
995 2074 1094 2143 qnae·

156 2147 220 2215 stio
241 2146 413 2233 agitatur,
433 2145 613 2215 annexinde
636 2144 912 2233 impedimentum
939 2147 1092 2233 publicae

154 2237 342 2309 honestatis
359 2238 502 2308 ariatnr‘l
521 2238 557 2305 ld
575 2256 676 2326 pomo
691 2236 855 2324 explicatu
872 2237 1007 2307 difficile
1026 2252 1088 2322 est,

152 2333 181 2399 si
213 2334 345 2400 nullum
377 2330 465 2400 intes
486 2342 668 2419 utrumque
702 2349 815 2397 casum
836 2383 846 2413 ,
868 2351 907 2399 ex
925 2332 1016 2420 praxi
1053 2331 1087 2401 S.

150 2425 256 2514 Cong.
278 2426 344 2506 0.,
366 2423 545 2493 discrimen
566 2423 771 2493 admittatur.
811 2423 926 2496 Restat
948 2425 1085 2514 itaque,

147 2531 185 2586 ut
198 2520 350 2587 dieamus
365 2517 528 2585 excitatis
543 2516 769 2585 decisionibus
786 2519 974 2606 propositae
988 2541 1088 2609 qaae·

147 2611 263 2682 saionis
281 2613 407 2680 nodum
427 2611 573 2678 solutum
595 2610 705 2679 adhue
718 2630 786 2679 nan
807 2631 892 2681 esse.

570 2836 586 2915 ᾗ
607 2831 666 2900 ll.

330 2986 376 3043 lta
390 2985 585 3055 sponsalibus
603 2967 901 3052 liltorumtamtttas.⁴

187 3167 304 3236 Restat
320 3176 357 3234 ut
376 3164 535 3248 dieamus,
557 3176 669 3233 utrum
691 3166 908 3249 filiifamilias,
930 3164 1002 3234 sine
1022 3186 1082 3254 pa·
1146 3162 1148 3164 ’

142 3273 274 3329 rentum
295 3278 459 3327 consensu
477 3270 508 3326 et
524 3259 731 3344 anctoritate,
748 3260 875 3328 habiles
891 3259 958 3327 sint
981 3257 1080 3328 licitis

142 3353 310 3424 etvalidis
336 3351 546 3441 sponsalibus
576 3351 742 3421 ineundis.
777 3350 931 3433 Quaestio
959 3362 1008 3421 est
1038 3352 1080 3421 de

141 3447 218 3516 solis
248 3444 485 3537 sponsalibns;
519 3465 595 3514 nam
617 3445 705 3533 quod
733 3446 981 3516 matrimonium
1003 3465 1079 3533 spe·

141 3551 216 3624 etat,
239 3540 346 3631 ipsius
370 3539 520 3608 validitas
540 3559 558 3607 a
579 3538 848 3610 contrahentium
863 3559 1026 3610 consensu
1042 3558 1079 3605 o·
