2642 4175
270 348 338 407 240
609 361 711 409 carun
728 362 776 408 111.

222 461 258 528 1ο
276 461 506 552 lmpotentiam
534 462 771 551 temporalem,
793 459 861 532 sive
883 462 1168 547 antecedentem,

223 555 290 625 sive
315 556 573 646 subsequentem
603 574 670 624 nnn
696 552 854 625 dirimere
885 555 1164 640 matrimonium,

222 646 589 738 cap.dFanrnnn1rnr1
609 646 655 717 lle
669 647 745 738 frig.
769 660 802 717 et
823 649 935 718 malet.
948 648 1029 718 Nam
1049 648 1168 738 impo-

121 785 127 796 κ
192 753 199 763 “
221 754 295 811 tens
310 743 348 811 ad
365 755 494 833 tempos
510 753 617 833 potest
630 741 686 809 ius
699 741 733 809 in
748 759 868 831 corpus
882 742 1060 812 transferre
1080 762 1167 812 curn

222 834 424 924 obligatione
444 836 619 926 copulae,
646 833 702 903 ubi
724 834 917 924 impotentia
951 835 1162 906 cessaverit:

222 929 501 1018 quemadmodum
531 928 594 999 rite
624 928 831 998 contrahitur
859 928 1017 1018 obligatio
1049 928 1089 997 ad
1121 927 1164 998 id

223 1023 455 1111 praestandum
480 1023 581 1112 qnod,
602 1021 752 1111 quamvis
782 1034 952 1112 praestare
988 1022 1164 1111 praesenti

191 1181 194 1186 .
221 1128 370 1205 tempore
382 1134 449 1186 non
462 1119 581 1199 valeas,
593 1114 627 1184 in
642 1125 811 1205 posterum
824 1126 934 1186 tamen
949 1116 1085 1205 poteris,
1097 1126 1164 1185 aut

221 1210 336 1280 saltem
357 1210 538 1300 prudenter
557 1228 670 1299 speras
689 1220 720 1277 te
739 1209 811 1277 lore
830 1209 864 1277 in
887 1221 1056 1299 posterum
1083 1209 1160 1278 sol·

220 1304 325 1372 vendo
345 1323 471 1393 parem.
492 1303 538 1370 Ad
566 1301 768 1373 matrimonii
786 1301 990 1371 validitatem
1012 1318 1078 1371 non
1099 1323 1163 1370 ex·

220 1395 368 1484 poscitur
381 1395 528 1464 eiusdem
545 1413 635 1480 usus,
651 1396 708 1464 sed
724 1397 870 1484 potentia
887 1397 925 1465 ad
942 1416 1051 1464 usum.
1062 1394 1164 1466 Hanc

220 1487 401 1577 potentiam
424 1487 549 1557 habent
574 1489 596 1556 ii
617 1509 745 1572 omnes,
769 1489 830 1578 qui
848 1488 925 1559 licet
941 1488 996 1558 bic
1016 1498 1047 1557 ct
1065 1507 1163 1558 nunc

220 1582 262 1650 ob
283 1583 434 1651 morbum
455 1582 599 1673 aliquem
620 1582 709 1675 coire
725 1594 909 1672 nequeunt,
932 1592 1089 1672 poterunt
1103 1591 1160 1650 ta·

220 1694 296 1743 men
338 1676 372 1744 in
410 1685 591 1763 posterum.
630 1676 716 1743 Hinc
746 1674 882 1765 nuptiae
915 1675 1158 1765 impuberum,

219 1768 487 1858 quandoquidem
508 1769 701 1858 impotentia
721 1782 881 1859 perpetua
903 1778 1050 1847 nonest,
1074 1767 1160 1835 irri-

218 1874 271 1930 tae
299 1873 376 1930 sunt
405 1862 479 1931 iure
505 1873 633 1932 tantum
661 1862 900 1946 ecclesiastico,
937 1875 974 1932 ut
1004 1862 1164 1931 observat

218 1953 342 2023 Bened.
363 1954 429 2023 xlv
448 1955 559 2024 donst.
582 1956 698 2024 litent
723 1956 823 2025 Notus
843 1953 864 2024 8
884 1955 952 2025 lan.
986 1951 1096 2038 tran,
1119 1968 1160 2026 et

219 2047 376 2139 deinceps
396 2048 557 2132 dicemus,
579 2068 617 2118 ac
637 2049 777 2139 proinde
794 2049 917 2140 poterit
936 2047 1084 2119 Pontifex
1105 2047 1159 2117 di-

217 2163 389 2231 spensare.
403 2141 501 2224 Quin,
515 2143 586 2233 ipso
602 2142 677 2211 iure
696 2143 917 2213 ecclesiastico
939 2142 1154 2232 impuberum

217 2236 371 2326 coniugia
391 2236 496 2305 valida
514 2245 603 2320 snut,
625 2236 652 2305 si
674 2254 814 2326 praecox
829 2236 967 2320 malitia,
983 2249 1015 2306 et
1034 2254 1157 2325 corpo·

215 2329 262 2398 ris
288 2329 437 2419 aptitudo
457 2341 599 2399 aetatem
626 2331 800 2419 suppleat,
819 2338 853 2400 et
876 2351 916 2399 eo
946 2351 1022 2399 casu
1057 2329 1154 2400 nulla

159 2475 163 2481 .
216 2444 299 2511 opus
316 2435 366 2491 est
393 2421 561 2492 Pontificis
595 2423 862 2512 dispensatione,
884 2425 942 2493 sed
975 2425 1042 2492 sola
1068 2421 1152 2512 Epi·

214 2515 306 2605 scopi
325 2515 548 2586 declaratione
566 2537 623 2585 eos
654 2537 725 2587 esse
758 2516 913 2606 coniugio
941 2517 1088 2586 idoneos.
1111 2513 1154 2583 Ψ

216 2609 448 2697 lmpotentiam
466 2609 737 2700 subsequentem,
760 2608 838 2679 licet
855 2623 1061 2700 perpetuam,
1081 2629 1154 2679 non

217 2701 375 2770 dirimere
391 2703 655 2787 matrimonium,
679 2708 747 2773 tdm
781 2702 858 2794 quia
879 2703 988 2772 omnis
1019 2713 1154 2772 eontra-

216 2806 288 2864 ctns
308 2806 426 2865 natura
447 2808 507 2879 est,
529 2809 565 2866 nt
585 2814 644 2886 per
664 2797 951 2886 supervenientem
971 2796 1019 2866 rei
1046 2807 1155 2866 muta·

215 2888 340 2957 tionem
362 2908 428 2960 non
449 2890 658 2973 dissolvatur,
681 2902 751 2959 tom
782 2891 960 2980 praecipue
982 2889 1058 2980 quia
1079 2889 1153 2959 vin·

178 3020 188 3031 κ
216 2981 328 3051 culum
348 2983 551 3053 matrimonii
570 2982 799 3052 indissolubile
817 2984 952 3055 omnino
969 2995 1029 3053 est.
1046 2982 1153 3073 ldque

215 3076 324 3145 locum
346 3077 408 3146 sibi
428 3074 593 3160 vindicat,
614 3076 743 3147 etiamsi
769 3076 964 3166 impotentia
996 3090 1153 3145 consum·

108 3237 115 3243 ,
216 3169 395 3240 mationem
414 3170 616 3240 matrimonii
642 3170 883 3260 praecesserit;
907 3169 1073 3260 siquidem
1103 3188 1153 3239 se·
1218 3242 1223 3245 ,

216 3264 282 3332 mel
295 3264 440 3333 validum
458 3264 720 3347 matrimonium,
737 3262 778 3333 oh
794 3264 1052 3353 subsequentem
1068 3285 1152 3353 qno·

147 3434 148 3437 ¹
214 3357 261 3424 vis
274 3368 423 3446 tempore
437 3359 614 3441 delectum,
635 3378 746 3447 neque
766 3358 830 3427 rite
849 3369 1056 3427 contractum
1078 3376 1150 3426 esse

217 3461 333 3533 cessat,
364 3471 473 3540 neque
506 3451 579 3519 ideo
614 3450 744 3520 dissolvi
780 3461 906 3541 potest,
937 3448 1179 3539 Relinquitur-

217 3551 345 3610 tantum
367 3542 430 3611 boc
453 3565 541 3628 casu,
562 3557 598 3613 ut
618 3557 725 3614 ratum
742 3542 996 3614 'matrimonium
1032 3542 1152 3612 dissol-
