2642 4175
510 324 672 370 aprunum
691 325 713 369 1.
967 318 1032 376 483

142 425 268 516 poterit
298 428 483 511 utrumque
513 420 791 511 impedimentum
814 428 1007 515 tempestive
1027 450 1083 498 re·

146 540 291 600 movere,
312 532 344 586 et
356 515 446 606 parvi
459 516 593 605 quidem
607 516 721 599 relert,
740 522 924 605 generatim
941 521 1082 611 loqueu-

145 614 200 695 do,
222 611 400 681 delinires
426 630 570 699 quanam
590 609 838 698 dispensatione
856 616 996 703 petenda
1018 617 1083 685 ini·

145 706 228 776 tium
250 704 338 774 sumi
357 704 486 773 debeat.

192 797 372 880 Quaeritur
391 792 426 866 3.
447 795 531 876 Quid
552 797 717 883 agendum
739 809 800 881 est,
834 798 862 867 si
884 800 1079 888 poenitens,

145 895 196 962 vel
214 891 436 983 parochianus
455 890 489 957 iu
509 888 626 957 laciem
642 890 808 960 Ecclesiae
830 901 957 961 lantum
973 897 1084 964 matri·

146 987 298 1055 monium
317 985 424 1053 valide
444 981 656 1066 contraxerit,
679 983 747 1052 sive
767 986 855 1073 quod
873 999 982 1055 actum
1003 988 1083 1056 civi·

146 1081 213 1149 lem
236 1081 333 1168 plane
350 1076 511 1158 omiserit,
539 1076 606 1146 sive
627 1076 728 1165 quud,
750 1098 825 1146 cum
847 1079 1083 1169 impedimento

146 1173 235 1241 civili
259 1171 450 1253 dirimente,
472 1170 679 1260 impleverit?
697 1169 804 1250 Quum
825 1173 859 1239 in
881 1185 1023 1262 utroque
1049 1196 1084 1244 a·

145 1279 246 1334 ventu
268 1263 519 1333 matrimonium
540 1284 652 1331 coram
666 1263 732 1331 lieo
749 1264 856 1333 valide
876 1278 1082 1335 contractum

145 1359 202 1445 sit,
225 1358 377 1448 sequitur
397 1358 544 1447 prolecto
566 1355 815 1445 poenitentem,
839 1361 890 1428 vel
910 1361 1084 1448 parochia·

146 1472 226 1521 num
249 1464 318 1521 tnta
338 1449 537 1520 conscientie
574 1450 620 1518 uti
648 1450 860 1521 matrimonio
876 1474 984 1542 posse,
1001 1454 1084 1543 quin

146 1547 214 1615 imo
235 1547 305 1634 ipse
325 1545 468 1633 graviter
488 1554 651 1632 peccaret,
667 1543 695 1612 si
712 1545 887 1633 coniugem
903 1548 1085 1629 desereret,

147 1653 205 1708 aut
222 1639 373 1709 debitum
389 1636 564 1725 coniugale
579 1648 749 1727 praestare
762 1639 972 1710 detrectaret.
987 1642 1084 1710 Nulla

39 1790 45 1801 „
146 1734 189 1801 de
209 1733 271 1800 hac
288 1752 325 1800 re
354 1731 504 1821 quaestio
529 1731 653 1799 moveri
673 1743 803 1819 potest,
833 1756 936 1822 quum
957 1755 995 1803 cx
1025 1733 1083 1804 SS.

145 1824 208 1893 ΡΡ.
232 1839 266 1896 et
295 1824 352 1894 SS.
374 1825 435 1894 GC.
469 1823 637 1913 responsis
656 1837 770 1911 aperte
803 1825 930 1915 liqueat
959 1827 1085 1897 «hisce

147 1919 368 1988 matrimoniis
387 1938 481 1986 suam
506 1917 613 2006 quoad
633 1916 820 1985 maritalem
838 1939 961 1988 nexum
976 1920 1086 1990 inesse

146 2014 210 2081 vim
234 2023 268 2082 et
283 2013 440 2096 valorem,
463 2010 724 2101 qualiacumque
736 2012 869 2080 tandem
887 2012 1014 2082 luerint
1028 2013 1088 2080 im·

148 2107 338 2196 pedimenta
375 2107 416 2174 ah
437 2104 599 2174 saeculari
629 2114 816 2192 potestate,
839 2106 985 2174 Ecclesia
1018 2127 1087 2176 non

100 2227 103 2230 “
146 2201 311 2281 consulta,
331 2220 392 2268 nec
411 2199 585 2289 probante,
608 2218 786 2286 perperam
804 2220 843 2267 ac
860 2199 998 2269 uulliter
1014 2221 1089 2269 con·

148 2293 281 2376 stituta;
300 2317 315 2360 t
331 2303 369 2361 ut
381 2293 488 2361 verbis
503 2304 579 2363 utar
592 2289 625 2359 S.
643 2290 830 2361 Poenitent.
846 2291 867 2361 6
883 2292 965 2361 iunii
980 2290 1085 2361 ttae.

149 2387 229 2455 Vide
262 2407 412 2476 respons.
436 2387 476 2454 ad
507 2385 814 2475 Episcsduiciens.
838 2385 857 2453 7
879 2388 960 2475 dpr.
981 2384 1086 2456 l826.

147 2480 269 2549 Verum
289 2481 456 2548 enimvero
477 2478 641 2569 quaedam
661 2500 679 2547 a
700 2480 862 2569 parocho,
888 2482 939 2550 vel
959 2481 1089 2551 conles·

150 2573 250 2657 sario,
270 2572 461 2663 inutraque
475 2584 594 2642 eventu
608 2575 806 2661 praestanda
824 2575 966 2644 suntin
983 2574 1088 2663 priori
1129 2647 1135 2654 ,

150 2669 239 2737 enim
262 2687 365 2749 casu,
388 2667 523 2755 quando
543 2686 664 2754 nempe
696 2680 788 2737 actus
817 2668 922 2738 civilis
946 2669 1090 2738 omissus

151 2773 214 2843 est,
238 2760 350 2850 spousi
371 2760 468 2829 enixe
488 2758 670 2841 hortandi,
693 2760 861 2849 quinimo
882 2772 916 2830 et
950 2762 1090 2849 cogendi

152 2864 241 2935 sunt,
264 2854 328 2923 nisi
346 2855 431 2923 ratic
451 2852 621 2941 potissima
643 2851 741 2920 aliter
759 2855 907 2937 suadeat,
925 2866 962 2922 ut
978 2873 1091 2922 coram

154 2947 308 3016 ministro
329 2947 416 3015 civili
451 2943 700 3013 matrimonium
734 2945 798 3013 rite
818 2946 944 3014 ineant.
968 2945 1038 3014 Hoc
1058 2967 1092 3015 e·

152 3040 223 3109 uim
244 3052 339 3129 pacto
360 3040 396 3106 1⁰
418 3037 668 3108 matrimonium
683 3037 834 3107 civilibus
849 3039 1012 3108 fructibus
1026 3060 1093 3108 nnn

153 3134 325 3222 privatur3
348 3132 384 3200 2⁰
405 3133 516 3222 proles
537 3130 718 3217 nascitura,
742 3152 853 3201 coram
878 3133 966 3219 lege,
989 3143 1027 3201 ut
1045 3134 1094 3201 le-

154 3226 269 3315 gitima
299 3227 465 3309 habetur;
492 3224 528 3293 3⁰
551 3226 685 3294 tandem
702 3225 887 3313 periculum
906 3237 1096 3294 removetur

156 3320 363 3408 aproposito
385 3319 561 3389 recedendi
581 3339 773 3409 novumque
806 3319 945 3389 ineundi
981 3321 1097 3387 matri-

155 3413 307 3481 monium
333 3412 452 3495 civile,
485 3412 653 3501 vitamque
686 3412 720 3480 in
754 3413 919 3483 adulterio
944 3414 1097 3501 legaliter

155 3507 366 3576 traducendi.
388 3506 424 3574 ln
445 3505 624 3596 posteriori
639 3527 729 3591 casu,
746 3507 880 3597 quando
894 3528 1014 3597 nempe
1031 3528 1100 3575 ma·
