2642 4175
254 312 321 375 436
574 324 739 375 arenam
756 326 779 373 1.
801 312 808 316 ’

207 428 299 518 poris
319 424 437 516 spatio,
454 434 487 494 et
508 422 617 505 abiis,
632 421 666 492 in
687 440 832 512 qaorum
852 423 993 513 gratiam
1012 423 1148 499 iadneta

208 532 271 591 est.
300 521 465 608 Perpetuo
491 516 632 586 auilites
650 515 772 598 existit,
795 519 929 606 quaudo
949 537 1060 607 neque
1076 518 1149 589 ulto
1237 534 1243 539 “

207 613 369 704 temporis
402 612 522 702 lapsu,
544 629 655 700 neque
687 609 839 698 sequenti
866 609 1146 696 confirmatione,
1191 689 1194 695 ,

206 728 280 790 seu,
299 718 337 775 ut
354 704 467 786 aiunt,
488 702 743 784 ratihabitione,
762 703 916 791 legaiiter
931 702 1075 792 contegi,
1088 717 1150 777 aut

212 798 349 890 purgari
370 808 491 888 potest.
510 796 655 865 Tandem
674 796 814 865 nattitoa
833 798 1031 885 memoratio
1049 797 1149 867 bebe-

207 906 276 976 tur,
298 893 378 961 dum
399 890 449 960 aet
470 889 631 978 temporis
650 890 806 973 decursu,
822 889 873 958 vel
893 890 1147 961 mnbrmatione

209 985 413 1071 contegitur.
446 982 525 1051 Vide
558 982 709 1052 [larridre
745 984 786 1051 de
818 982 1043 1055 contractibus
1078 983 1143 1073 (t).

207 1078 397 1161 Caeterum,
414 1074 584 1165 quaelibet
599 1074 747 1158 nuditas,
767 1085 803 1144 ut
819 1075 854 1144 iu
870 1073 994 1144 iudieio
1009 1077 1146 1145 decerni

207 1171 322 1260 possit,
343 1189 477 1240 neeesse
498 1188 637 1257 prorsus
651 1178 713 1251 est,
733 1181 771 1238 ut
785 1179 875 1239 textu
889 1167 973 1256 legis
990 1169 1146 1257 erptiaito

206 1264 434 1335 indubitanter
453 1261 664 1331 contineatur
679 1280 687 1328 :
716 1284 730 1327 ι
754 1262 803 1331 bo
820 1261 1004 1330 multitado
1017 1264 1147 1331 moria·

204 1376 255 1445 pa,
278 1357 326 1427 ait
344 1356 511 1436 Deloourt,
533 1375 573 1422 aa
582 1354 797 1443 petatjomois
814 1357 880 1423 btre
893 1359 1073 1443 proaoaoee
1084 1377 1148 1445 qua

204 1451 289 1525 doras
306 1450 335 1518 te
352 1470 419 1529 eos,
442 1448 485 1516 oo
503 1448 538 1515 lo
558 1447 794 1516 toit'ootorise
816 1468 882 1536 por
905 1468 952 1515 aa
981 1455 1066 1516 teoto
1089 1471 1146 1517 aa·

201 1545 291 1631 pris.
326 1564 338 1605 a
371 1540 474 1609 Porro
502 1539 538 1607 in
558 1538 819 1610 determinandis
844 1539 1055 1610 nuditatibus
1076 1562 1144 1611 non

205 1636 312 1723 ipsum
333 1632 535 1703 matrimonii
554 1634 699 1702 valorem
720 1632 947 1711 intrinsecum,
972 1633 1031 1702 sed
1052 1654 1144 1703 eom-

204 1746 306 1795 mune
324 1726 461 1805 bonum,
480 1724 626 1797 familiae
647 1725 913 1815 prosperitatem,
930 1736 964 1794 et
982 1725 1145 1816 reipubli-

205 1840 263 1891 oae
292 1839 408 1909 paoem
428 1838 467 1888 ac
494 1818 758 1889 incolumitatem
778 1818 932 1908 primitus
959 1819 1013 1887 lex
1030 1840 1144 1909 respe-
1213 1831 1216 1838 '

201 1913 287 1982 xisse
307 1913 453 1983 videtur.
1197 1970 1210 1985 ι

256 2005 355 2079 Hisce
388 2003 572 2095 generatim
607 2001 828 2094 praepositis,
862 2003 1006 2075 instituti
1035 2004 1142 2073 nostri

202 2100 287 2169 ratio
320 2101 485 2190 postulat,
504 2110 543 2166 ut
571 2099 680 2186 petam
707 2097 867 2170 iaciamus
899 2109 971 2166 tum
1001 2097 1143 2187 impedi-

203 2204 341 2275 menta,
380 2212 468 2282 qnae
502 2190 661 2261 radicitus
699 2202 759 2260 aut
792 2210 852 2279 per
889 2190 1141 2277 abrogationem

199 2286 446 2358 matrimonium
468 2282 653 2366 dirimunt,
673 2295 744 2353 tum
765 2302 821 2366 aa,
843 2303 929 2373 quea
958 2283 1041 2352 illud
1065 2294 1139 2352 tan·

200 2379 372 2450 tummodo
392 2376 581 2468 prohibent.
604 2376 672 2446 iam
702 2395 780 2446 vero
799 2376 867 2446 duo
891 2387 971 2445 sunt
997 2376 1141 2465 impedi·

231 2591 270 2659 (t)
293 2590 409 2643 Toaiiier
425 2599 444 2643 t.
465 2596 497 2655 t,
515 2596 611 2659 pettit
632 2592 686 2644 nita
717 2592 753 2644 ba
770 2593 830 2661 pius
847 2592 954 2661 paride
972 2608 1015 2646 ees
1032 2593 1142 2646 nultius

196 2682 229 2718 ne
243 2674 301 2720 sont
318 2667 390 2735 point
406 2665 471 2722 dant
490 2669 514 2720 is
532 2676 624 2720 nature
641 2667 689 2720 das
705 2668 804 2720 obosesa
816 2669 834 2720 ii
853 2686 886 2721 en
898 2668 995 2726 rimiae
1007 2688 1060 2739 que
1071 2672 1140 2740 i'ap-

195 2741 318 2809 ptiustiop
336 2745 434 2808 serait,
449 2761 483 2797 ea
500 2745 613 2800 eertains
631 2761 684 2808 aaa,
697 2761 733 2797 un
752 2746 803 2798 mal
820 2746 881 2813 pius
896 2746 979 2814 grand
997 2764 1050 2815 qna
1068 2748 1085 2798 l'
1096 2750 1140 2801 in·

194 2821 350 2874 cenrtuient
366 2822 478 2890 qu'ona
495 2823 576 2884 souin
594 2824 731 2890 pravenir:
749 2823 819 2875 roild
837 2828 964 2891 pour-quoi
978 2840 1039 2876 oua
1057 2828 1139 2879 annin

193 2897 303 2966 qu’eiiea
313 2898 414 2949 fussent
431 2907 566 2950 convertes
584 2914 631 2966 pur
643 2898 668 2952 le
686 2906 779 2966 temps,
792 2907 818 2950 at
834 2899 964 2967 pourquoi
979 2916 1013 2951 on
1030 2917 1045 2952 a
1063 2901 1139 2954 laissi

193 2974 329 3043 beaucoup
347 2975 362 3026 d
391 2976 416 3041 ΙΙι
433 2975 566 3043 prudence
583 2973 620 3026 du
649 2975 782 3043 magistrat
798 2976 845 3043 qui
869 2984 908 3027 est
926 2976 968 3027 iex
985 2976 1108 3047 loquens.
1123 3004 1135 3027 ι

193 3051 358 3121 Dagueaaanu
376 3052 516 3120 Plaidoyar
531 3057 576 3117 25,
594 3061 614 3105 t.
629 3057 655 3116 t,
673 3068 702 3120 p.
722 3056 782 3116 ibt),
796 3052 906 3121 loquens
922 3051 955 3104 de
971 3053 1140 3110 nuditatibus

192 3127 219 3178 in
238 3129 356 3184 favorem
381 3130 546 3197 quarundam
576 3144 747 3197 personarum
766 3127 881 3182 induetis
905 3128 963 3181 nit:
989 3130 1139 3201 «bonaque

192 3222 235 3258 ees
258 3222 400 3275 personnae
417 3223 450 3260 na
468 3215 525 3260 aaut
543 3206 603 3274 plus
620 3222 653 3260 au
671 3209 724 3258 ttat
738 3206 772 3258 de
798 3206 837 3258 ies
853 3222 999 3275 proporat,
1016 3208 1087 3261 ators
1103 3228 1137 3263 uu

163 3292 256 3348 -peut
271 3282 329 3336 dire
347 3300 398 3352 que
424 3284 452 3335 ie
466 3284 580 3356 mariage
609 3292 647 3335 ast
666 3299 765 3336 comma
788 3283 899 3346 aalide,
917 3299 969 3334 non
994 3284 1039 3352 qu'
1050 3284 1069 3334 ii
1086 3287 1138 3337 soit

193 3369 295 3426 exampt
312 3359 345 3412 de
363 3360 474 3424 ditant,
493 3361 556 3412 mais
573 3376 620 3428 par
636 3360 661 3412 le
679 3358 769 3412 ditant
786 3360 819 3412 de
836 3360 905 3411 droit
920 3358 985 3411 dans
1001 3361 1071 3412 celui
1089 3363 1135 3430 qui

190 3441 254 3484 veut
271 3434 296 3486 ie
324 3435 538 3500 immorantur,
562 3451 614 3489 nou
641 3436 699 3488 iure
723 3438 848 3506 proprio,
871 3434 916 3489 sed
940 3436 1046 3490 detentu
1071 3441 1137 3491 iuris

192 3510 310 3563 alieni.»
