2642 4175
483 382 527 427 nn
546 382 763 431 aronetnmoe
1024 374 1043 434 9

154 475 392 569 suetudinem,
420 491 454 554 et
478 501 689 553 communem
714 484 940 578 acceptionem
968 483 1092 559 bebere

28 597 31 602 ·
153 574 274 648 rolant.

200 669 339 781 Quod
311 691 339 741 ar
357 680 431 780 poet
448 668 589 758 diligens
608 690 744 741 examen
761 671 802 741 de
820 669 941 755 uerbis,
965 683 1022 743 aut
1041 674 1088 744 si·

158 766 232 855 gnie
250 766 398 837 artemio
413 783 480 835 non
500 765 579 835 mtie
598 776 737 850 maeret,
758 765 926 857 plerisque
945 765 1090 838 Canoni-

155 858 213 929 etis
232 859 365 929 ridetur
385 857 544 928 iudicium
565 878 625 947 pro
646 858 797 927 libertate
814 859 985 929 serendum
1002 880 1087 947 esse,

51 1036 55 1042 ⁴
156 971 231 1022 eum
247 949 415 1061 sponsalia
435 951 551 1022 mottir
574 950 769 1021 nominibus
796 951 928 1022 emetat
950 955 1088 1043 possint,

71 1127 75 1134 ‚
157 1057 189 1117 at
206 1047 282 1116 iuro
301 1045 369 1116 tint
388 1045 591 1137 promptiora
627 1046 668 1114 ad
689 1045 897 1116 liberandum
930 1067 1030 1135 quam
1050 1048 1091 1118 ad

160 1123 383 1232 ammineum,-
403 1140 461 1209 lib.
481 1136 528 1207 uu
544 1139 586 1208 de
603 1136 643 1209 0
666 1150 700 1208 et
717 1139 773 1209 Α
796 1151 897 1230 etque
915 1139 1016 1210 etiam
1034 1160 1094 1212 ne·

39 1230 42 1235 '
158 1249 209 1303 mo
242 1235 284 1306 rai
303 1233 539 1304 eetabmoeom
560 1232 811 1304 matrimonium
831 1233 1000 1323 eugendus
1019 1243 1090 1319 eet,
1210 1269 1212 1276 ·

10 1393 11 1398 ,
155 1340 332 1417 prepterea
352 1328 443 1417 quod
457 1327 669 1396 matrimonia
688 1337 800 1397 coacto
819 1327 928 1398 solent
945 1326 1094 1400 funestos

17 1512 20 1518 ¹
156 1431 189 1491 et
204 1421 319 1492 trietue
335 1421 471 1524 babere
477 1420 595 1508 eritne,
614 1441 689 1511 oap.
706 1418 764 1504 17,
788 1420 851 1514 boe
869 1420 922 1492 tit

200 1514 292 1587 itaer
311 1509 422 1585 autem
437 1514 478 1585 ud
492 1514 656 1605 sponsalia
677 1507 855 1604 pertineot;
877 1536 954 1586 nam
969 1518 1011 1588 de
1027 1535 1094 1588 ma·

11 1581 17 1630 7
155 1607 314 1679 trimoniu
334 1609 433 1678 aliter
451 1609 661 1678 sentiendum
681 1620 755 1693 eet,
789 1608 970 1718 quoniam,
992 1621 1029 1680 ut
1047 1609 1095 1680 uit

155 1699 303 1773 Sanebea
320 1704 365 1772 rie
384 1701 541 1786 Matrim,
557 1701 618 1771 tib.
632 1701 649 1769 1
657 1702 843 1810 5diaputat.
858 1700 950 1772 18
920 1725 976 1774 run
991 1703 1094 1773 dubio

154 1813 236 1865 mu
255 1796 300 1868 eit
314 1797 576 1879 matrimonium,
597 1815 726 1880 neena,
742 1796 775 1865 in
791 1795 1095 1868 manimoniitaro·

155 1907 227 1959 rem
245 1891 443 1961 senteutiam
465 1890 657 1974 terendam,
681 1889 759 1979 quia
781 1890 984 1962 matrimonii
1003 1890 1094 1961 teror

25 2020 27 2023 Δ
153 1984 282 2055 multuo
301 1995 363 2068 eet,
387 1996 425 2053 ut
441 1993 573 2053 oensem
590 2003 714 2073 excep.
736 1983 782 2052 Ex
797 2002 948 2054 utrumme
968 1985 1009 2055 de
1021 2005 1095 2072 pro·

152 2075 296 2162 betium,
317 2076 375 2147 ubi
389 2076 566 2160 domnitam,
588 2075 821 2147 exsistentibus
842 2077 1094 2166 probationibus
1165 2099 1170 2110 ¹

151 2172 457 2262 peribur,iudieem
474 2171 643 2243 abmivere
657 2169 791 2253 debere,
806 2182 1040 2260 praeterquam
1058 2169 1095 2238 in

152 2264 287 2335 liberali
308 2286 420 2345 oauea,
442 2264 499 2334 ubi
512 2262 625 2334 Giueea
645 2263 736 2333 verb.
757 2262 798 2332 In
818 2262 960 2347 liberali,
981 2261 1039 2345 ait,
1057 2269 1096 2331 ut

63 2386 72 2402 ·
154 2359 191 2428 ire
209 2360 452 2430 marmorato:
470 2370 505 2429 et
519 2378 593 2448 cup.
617 2357 677 2427 riu.
700 2358 847 2427 deuant.
866 2367 901 2425 et
919 2378 956 2427 re
989 2355 1094 2426 indie.

154 2451 410 2537 reuertentes,
428 2452 561 2523 eoobur
576 2450 740 2522 iudicibus
757 2450 934 2521 ordinariis
947 2449 1093 2522 diverses

155 2544 337 2616 sententiae
357 2546 613 2637 proterentibus,
633 2545 794 2637 praeferri
814 2564 947 2636 semper
963 2556 1094 2615 oenten-

157 2637 239 2709 tiam
254 2640 291 2709 in
310 2640 456 2710 sororem
476 2640 549 2723 nei,
574 2639 638 2709 nini
658 2640 693 2710 iu
712 2660 810 2710 neuen
829 2637 1001 2710 favorabili
1022 2658 1094 2708 ma·

155 2733 328 2805 mimonio.
349 2756 366 2800 o
389 2734 426 2803 ia
446 2754 546 2825 quam
565 2733 765 2804 senteutiam
801 2732 914 2823 plures
940 2733 1093 2802 doctores

153 2827 325 2909 numium,
346 2826 466 2898 deiude
483 2828 661 2918 nequitur:
685 2851 700 2894 r
720 2827 807 2896 idern
828 2825 909 2896 dioit
927 2823 1089 2910 Beroiue,

154 2921 289 3009 qnando
311 2920 425 3011 opinio
441 2921 527 2991 iuret
539 2942 657 2991 musae
675 2921 761 3010 piae,
780 2930 817 2989 et
834 2918 1028 3009 opinionem
1043 2918 1091 2989 ie·
1114 2984 1117 2991 ,

151 3024 282 3084 rentem
298 3014 523 3098 matrimonio,
540 3016 592 3085 vei
608 3034 729 3084 musae
746 3013 820 3104 piae
838 3011 1090 3102 praeterendum

152 3120 226 3177 eree
245 3109 344 3178 bouet
362 3107 462 3178 etium
496 3066 688 3193 beverone,
721 3106 934 3198 etprobatur
956 3126 1089 3196 excep

154 3196 255 3271 imur
275 3218 321 3272 nx
336 3218 473 3281 euentu
493 3196 527 3272 in
545 3199 628 3273 'fine
634 3202 676 3271 de
694 3207 772 3271 teet.
793 3211 826 3270 et
845 3209 956 3271 atteet.
979 3221 995 3264 a
