2642 4175
309 366 374 425 nat
614 380 777 425 urrunnu
795 382 841 426 111.

260 480 374 550 unctio
394 476 581 547 chrismatis
600 499 675 546 cum
700 478 765 547 illis
784 478 891 548 verbis
912 480 952 547 ab
973 481 1181 549 mniirmante

261 573 413 664 prolatis:
443 571 580 661 ‹Sipno
598 580 627 641 tc
646 574 739 662 sipno
769 571 899 656 Crucis,
927 581 957 641 ct
975 575 1126 660 confirmo
1156 582 1185 642 tc

261 669 434 736 chrismate
450 667 587 749 solutis,
609 668 646 734 iu
667 668 797 735 nominc
828 667 965 748 Putris,
986 675 1016 735 et
1036 666 1137 749 Filii,
1155 674 1184 734 ct
1267 752 1270 760 μ

262 761 409 851 Spiritus
430 760 588 843 Sancti»
608 781 648 828 an
671 761 754 829 ritus
774 772 915 850 uterque
935 760 1033 829 simul
1052 760 1114 829 siut
1131 760 1185 826 hu·

264 857 315 924 ius
335 854 533 923 sacramenti
557 854 693 923 materia
715 866 747 922 et
766 854 889 937 forma,
913 854 945 922 in
964 875 1032 943 quo
1066 864 1182 923 senten·

264 951 385 1018 tiarum
407 947 598 1017 discrimine
617 967 752 1016 necesse
766 959 816 1016 est
830 960 1006 1038 utramque
1024 949 1183 1017 materiam

264 1055 297 1112 et
316 1044 455 1111 sormam
477 1042 659 1122 adhibere,
682 1062 724 1110 ne
756 1054 1000 1111 sacramentum
1033 1041 1184 1109 nullitatir

264 1138 411 1226 periculo
427 1145 620 1224 exponatur.
642 1133 754 1202 Solum
775 1147 886 1203 autem
909 1135 1105 1224 Episcopum
1121 1152 1184 1202 esse

264 1230 469 1299 ordinarium
488 1228 587 1296 huius
606 1230 802 1297 sacramenti
824 1229 1034 1310 ministrum,
1057 1228 1182 1296 Triden-

265 1323 331 1392 tina
360 1323 510 1414 synodus
530 1321 678 1390 definivit
697 1343 778 1390 sess.
797 1320 849 1389 Vll
882 1323 923 1390 de
951 1324 1047 1390 Cous.
1076 1316 1186 1389 cani

263 1417 314 1485 his
335 1417 492 1486 verbiszc
518 1413 550 1483 Si
579 1417 653 1504 quis
675 1415 794 1485 dixerit
813 1427 944 1483 sanctae
962 1415 1182 1485 Confirmatio·

263 1511 315 1579 nis
335 1510 541 1578 ordinarium
573 1509 762 1577 ministrum
795 1529 861 1577 non
893 1530 965 1578 esse
992 1511 1099 1578 solum
1120 1505 1184 1595 Epi·

263 1624 412 1692 scopum,
435 1603 491 1671 sed
513 1602 662 1692 quemvis
681 1603 866 1691 simplicem
881 1602 1104 1684 Sacerdotem,
1121 1619 1186 1669 ana

263 1696 373 1764 thema
392 1697 445 1765 sit.
467 1719 480 1760 r
505 1695 625 1764 Verum
645 1697 928 1764 extraordinarius
954 1698 1106 1764 minister
1124 1712 1186 1761 esse

264 1801 373 1877 potest
391 1789 529 1877 simplex
547 1787 724 1871 Sacerdos,
744 1790 796 1856 cui
816 1791 1022 1878 gravissima,
1044 1791 1185 1857 honesta·

265 1905 329 1972 que
350 1884 391 1953 de
411 1903 522 1966 causa,
543 1882 712 1951 Romanus
731 1882 878 1952 Pontifex
896 1885 1075 1973 specialem
1099 1879 1186 1948 facul·

266 1989 366 2048 tatem
389 1977 600 2064 delegaverit.
624 2001 638 2043 c
659 1977 794 2064 Legitur
810 1977 1015 2066 aliquando,
1037 1989 1073 2044 ut
1090 1972 1184 2063 inquit

266 2070 436 2161 Eugenius
456 2071 494 2140 IV
515 2070 549 2139 in
568 2070 714 2140 Concilio
734 2071 938 2155 Florentino,
970 2094 1032 2160 per
1048 2065 1186 2159 apostoli·

167 2165 176 2174 ”
263 2186 321 2235 «cae
344 2164 437 2234 Sedis
457 2165 736 2255 dispensationem
758 2186 795 2233 ex
811 2165 1002 2233 rationabili
1021 2177 1054 2234 et
1068 2160 1183 2250 urgenti

263 2260 440 2327 admodum
462 2279 558 2328 causa
580 2258 763 2346 simplicem
786 2257 998 2329 Sacerdotem
1019 2259 1185 2326 chrismate

262 2371 322 2439 per
352 2352 548 2442 Episcopum
570 2353 739 2434 conlecto,
763 2351 826 2421 hoc
847 2364 1091 2421 sacramentum
1111 2349 1182 2417 Con·

262 2444 460 2515 firmationis
494 2445 708 2514 ministrasse.
743 2445 812 2515 llac
837 2447 878 2514 de
910 2448 1032 2515 relate
1070 2452 1184 2531 pertra-

263 2550 329 2608 ctat
347 2538 544 2607 Benedictus
563 2538 629 2605 xtv
646 2540 688 2607 de
709 2538 839 2629 Synodo
859 2539 965 2607 dioec.
999 2542 1021 2607 l.
1042 2536 1097 2619 ld,
1118 2554 1180 2621 cap.

261 2630 319 2699 15.
337 2632 385 2699 tf.
400 2632 655 2700 Instructionem
671 2631 705 2699 S.
720 2632 842 2720 Gongr.
859 2634 901 2701 de
913 2631 1125 2721 Propaganda
1139 2624 1181 2694 ti·

262 2724 302 2793 de
322 2724 387 2792 diei
407 2723 446 2792 ut
477 2724 582 2793 Martii
604 2723 709 2808 1774,
728 2748 791 2815 qua
812 2727 1002 2796 declaratur
1025 2715 1182 2811 «simplici

263 2817 432 2888 Sacerdoti
461 2817 729 2902 administranti,
752 2819 1012 2888 extraordinaria
1033 2817 1183 2891 facultate,

261 2911 802 2994 Confirmationissacramentum,
824 2934 890 2982 non
912 2915 1013 2982 licere
1035 2931 1125 2981 usum
1139 2925 1180 3009 ro·

262 3005 376 3089 chetti,
399 3006 528 3089 mitrae,
549 3007 656 3075 baculi
678 3007 863 3096 pastoralis,
879 3009 1006 3092 annuli,
1020 3007 1069 3075 vel
1087 3016 1182 3071 crucis

260 3099 447 3189 pectoralis.
463 3123 477 3165 r

308 3192 446 3264 Nonnisi
466 3192 622 3281 baptizati
640 3192 830 3262 confirmari
850 3194 955 3261 valide
976 3199 1118 3282 possunt.
1143 3180 1180 3251 0·

261 3287 319 3354 lim
345 3287 479 3376 quidem
501 3285 683 3356 infantibus
700 3300 773 3376 post
804 3289 959 3356 collatum
993 3284 1176 3373 baptismum

262 3378 530 3450 Confirmationis
579 3392 823 3451 sacramentnm
871 3378 1179 3449 administrabatur,

262 3493 346 3561 quae
365 3474 568 3542 cousuetudo
588 3473 697 3542 adhuc
716 3475 804 3562 riget
839 3476 923 3564 apud
959 3491 1102 3561 graecos.
1122 3459 1175 3532 Sed

261 3564 354 3632 latini
376 3587 392 3634 a
418 3567 532 3636 multis
550 3568 691 3637 saeculis
722 3588 871 3637 seorsum
894 3590 911 3637 a
932 3567 1090 3656 baptismo
1108 3574 1177 3626 0011·
