2642 4175
286 401 352 458 250
622 414 724 459 onnus
740 414 788 458 sn.

177 493 180 498 ’
238 527 285 584 tet
303 534 341 583 ex
360 514 491 595 verbis,
511 535 597 604 qnae
616 515 776 602 leguntur
809 512 843 580 in
872 511 959 580 dicto
982 531 1060 601 cap.
1084 509 1178 581 idem

237 606 414 678 dicendum
434 627 505 677 esse
524 608 681 690 videtur,
702 606 731 675 si
751 617 869 697 agatur
896 606 936 674 do
963 604 1181 674 matrimonio

238 702 331 771 nullo
349 701 392 770 ob
412 700 725 771 clandestinitatem.

656 919 673 1009 ᾗ
692 918 752 989 61.

541 1078 586 1134 lta
602 1062 867 1134 olunrlostlnttuta.

284 1255 531 1327 Matrimonium
553 1254 706 1345 pluribus
724 1253 831 1323 modis
848 1252 1092 1322 clandestinum
1112 1253 1175 1322 dici

237 1361 356 1439 potest,
372 1350 410 1416 1⁰
426 1361 563 1439 proptor
583 1349 749 1418 delectum
779 1368 959 1417 consensus
979 1359 1168 1438 parentum

235 1442 273 1509 2⁰
291 1452 428 1532 propter
448 1443 613 1512 delectum
642 1441 945 1525 denuntiationum;
964 1437 1002 1507 3⁰
1022 1439 1065 1508 ob
1086 1439 1175 1509 dele·

237 1544 327 1603 ctum
345 1535 552 1625 praesentiae
572 1533 712 1603 Parochi
747 1545 781 1603 et
812 1534 957 1603 testium.
980 1532 1025 1599 lle
1045 1533 1174 1602 denun-

235 1628 430 1698 tiationibus
450 1628 514 1696 iam
535 1627 666 1717 loquuti
686 1647 813 1711 sumus;
836 1628 877 1696 de
897 1625 1121 1697 matrimoniis
1138 1629 1176 1696 li·

235 1720 357 1789 liorum
379 1720 507 1810 absque
521 1732 698 1810 parentum
732 1740 897 1790 consensu
928 1719 1085 1816 deinceps
1103 1740 1173 1789 ser·

236 1835 290 1883 mo
302 1814 492 1884 habebitur.
516 1815 609 1883 Nunc
622 1815 664 1883 de
678 1813 890 1883 matrimonio
906 1814 989 1883 clam
1004 1823 1174 1883 contracto

238 1907 364 1997 absque
395 1906 535 1977 Parocbi
572 1907 784 1997 praesentia,
825 1928 934 1977 sermo
973 1905 1198 1976 instituitur(

239 2000 489 2072 Matrimonium
523 2002 586 2069 hoc
620 2012 697 2070 ante
727 2000 909 2070 Concilium
941 1999 1174 2069 Tridentinum

238 2094 354 2165 Sancta
375 2095 432 2165 Dei
453 2095 598 2164 Ecclesia
619 2116 657 2165 en
679 2094 868 2164 iustissimis
900 2095 1008 2163 causis
1040 2113 1175 2183 semper

235 2191 396 2260 detestata
418 2201 467 2258 est
487 2198 587 2279 atque
606 2188 966 2279 prohibuitzrerum,si
984 2185 1098 2269 fiebat,
1120 2208 1174 2256 va·

235 2281 339 2352 lidum
370 2293 453 2351 erat.
477 2282 514 2351 ln
539 2283 611 2351 foro
632 2293 767 2351 externo
794 2281 856 2350 bae
886 2281 1104 2350 servabantur
1121 2301 1174 2351 re·
1260 2289 1264 2296 '

235 2377 344 2462 gulae:
362 2375 438 2443 l.si
461 2387 602 2465 utraque
623 2396 700 2465 pars
721 2376 771 2444 vel
786 2375 946 2445 alterutra
966 2373 1175 2442 inficiaretur

235 2467 486 2537 matrimonium
516 2468 668 2552 existere,
692 2480 725 2537 et
744 2468 817 2536 eins
838 2467 1009 2537 existentia
1038 2467 1173 2537 aliunde

235 2560 370 2650 probari
390 2561 569 2650 nequiret,
593 2560 846 2630 matrimonium
872 2581 938 2631 non
959 2571 1089 2630 exstare
1108 2571 1174 2630 sta·
1286 2596 1291 2607 ·

235 2653 403 2738 tuebatur,
427 2654 557 2724 etiamsi
576 2655 694 2743 copula
712 2653 854 2724 carnalis
876 2653 1130 2724 intercessisset.
1139 2652 1172 2723 Si

236 2758 395 2816 tractatus
413 2748 454 2816 de
475 2747 688 2816 matrimonio
709 2768 746 2816 ex
764 2768 796 2836 g.
818 2767 880 2836 per
896 2747 1062 2837 sponsalia
1080 2768 1174 2836 prae·

234 2839 397 2924 cessisset,
422 2853 456 2910 et
474 2842 591 2930 copula
610 2841 720 2910 locum
741 2840 923 2925 habuisset,
943 2840 1171 2931 praesumptio

236 2944 307 3002 erat
337 2934 441 3017 iuris,
465 2945 499 3004 et
526 2935 568 3003 de
588 2934 661 3004 iura
691 2933 941 3003 matrimonium
962 2934 1117 3017 existere,
1141 2946 1174 3003 et

235 3028 398 3116 sponsalia
431 3048 491 3118 per
520 3029 673 3117 copulam
704 3027 923 3097 censebantur
944 3026 1173 3097 transiissem

235 3120 497 3205 matrimonium,
519 3120 582 3189 nisi
603 3119 755 3210 probatio
776 3119 930 3191 existeret
950 3120 1089 3191 alterius
1108 3140 1174 3189 ma·

233 3213 382 3283 trimonii
414 3215 573 3284 contracti
606 3225 684 3282 ante
715 3214 880 3303 copulam.
903 3212 937 3281 l.
964 3213 997 3282 Si
1030 3226 1172 3302 utraque

234 3326 311 3395 pars
337 3306 518 3377 affirmaret
536 3306 784 3376 matrimonium
810 3307 962 3391 existere,
986 3317 1023 3376 nt
1041 3318 1170 3376 certum

234 3399 267 3468 id
289 3399 485 3483 habebatur,
507 3400 534 3469 si
556 3412 667 3469 mmen
687 3400 972 3489 pronuntiandum
991 3410 1065 3470 erat
1085 3401 1172 3468 inter

235 3491 595 3583 matrimonium,quod
609 3504 721 3583 partes
736 3494 927 3563 asserebant
943 3494 1023 3563 olim
1041 3492 1174 3574 initum,

236 3593 270 3653 et
289 3585 379 3654 aliud
399 3586 531 3674 publice
558 3596 789 3671 contractum,
812 3599 845 3656 et
873 3588 970 3676 plene
990 3608 1052 3677 per
1073 3597 1174 3656 testes
