2642 4175
270 373 312 432 36
619 381 720 428 carun
739 382 760 428 t.

222 496 328 558 aetate
360 481 595 554 contrahendis
625 479 834 570 sponsalibus
865 480 968 569 inepti
995 491 1085 549 sunt.
1113 482 1161 550 Ad

222 601 293 649 rem
332 576 366 646 S.
399 577 543 645 Thomas
577 577 611 643 in
646 573 757 662 suppl.
791 585 920 659 quaest.
948 570 1017 656 dd,
1052 595 1086 642 a.
1113 573 1158 643 2:

229 698 243 740 ‹
262 671 394 740 Primus
414 668 560 738 bominis
578 678 683 738 status
700 677 760 748 est,
778 687 853 736 cnm
874 667 949 756 qnis
962 687 1071 756 neque
1092 667 1163 757 ipse

225 764 383 852 intelligit
402 784 462 852 per
480 783 540 843 se,
561 781 672 850 neque
690 760 731 828 ab
750 759 815 829 alio
835 780 953 849 capere
982 772 1101 848 potest.
1122 760 1164 831 Et

223 860 451 928 honestatum
472 855 601 924 obtinet
630 854 731 922 bomo
760 865 836 922 aute
862 854 1008 942 primum
1032 865 1164 942 septen·

224 953 332 1035 nium,
356 962 390 1021 et
409 949 549 1040 proinde
569 948 626 1016 illo
645 959 794 1036 tempore
814 948 897 1016 nulli
918 946 1101 1018 contractui
1126 968 1162 1016 a·

224 1056 301 1135 ptus
321 1056 382 1127 est,
406 1042 502 1113 etita
523 1062 585 1111 nee
604 1040 828 1130 sponsalibus.
847 1064 861 1107 n
881 1040 992 1128 Igitur
1006 1052 1095 1110 aetas
1110 1061 1162 1110 se·

225 1138 351 1229 ptennii
373 1135 530 1226 completi
560 1136 602 1204 ad
631 1133 836 1223 sponsalium
866 1134 1067 1204 validitatem
1089 1143 1161 1202 turn

221 1234 309 1320 lege,
326 1242 396 1299 tum
411 1240 530 1298 natura
551 1228 723 1298 definitur.
739 1228 780 1295 At
798 1228 826 1297 si
846 1228 901 1296 oui
922 1248 1003 1298 usus
1020 1223 1162 1296 rationis

226 1325 324 1393 citius
341 1323 507 1400 adveniat,
519 1332 552 1390 et
566 1320 742 1410 prudentia
764 1332 904 1391 aetatem
922 1320 1085 1411 suppleat,
1100 1321 1165 1389 boc

227 1429 287 1500 est,
307 1416 334 1485 si
356 1417 445 1506 quod
466 1415 558 1503 agit,
579 1427 612 1484 et
631 1435 731 1504 quarn
753 1414 891 1504 suscipit
910 1414 1160 1502 obligationem,

229 1511 308 1580 satis
326 1509 499 1598 percipiat,
519 1519 589 1577 tum
609 1520 643 1579 et
660 1509 803 1577 naturali
822 1522 856 1579 et
874 1507 1097 1579 ecclesiastico
1115 1507 1165 1575 iu·

227 1625 264 1672 re
286 1603 497 1692 sponsalibus
518 1601 674 1670 ineundis
694 1613 790 1690 aptus
808 1603 882 1671 erit.
905 1602 941 1670 ln
961 1602 1033 1670 foro
1051 1613 1163 1670 tamen

228 1709 366 1772 externo
382 1717 449 1765 non
467 1707 537 1766 rata
556 1695 720 1784 sponsalia
741 1695 918 1779 habentur,
941 1695 1004 1764 nisi
1022 1695 1102 1762 illud
1117 1695 1165 1763 di·

226 1790 337 1859 lucide
352 1791 600 1878 comprobetur,
611 1790 701 1880 quod
715 1790 823 1878 reipsa
839 1790 974 1879 quidem
988 1788 1163 1856 consilinm

228 1883 437 1972 praevenerit
468 1894 635 1966 aetatem,
659 1882 771 1953 Glossa
804 1883 838 1951 in
864 1884 1092 1973 oap.lnven1s
1123 1882 1165 1949 ad

227 1977 319 2046 verb.
340 1977 441 2045 detdic
459 1977 499 2046 de
519 1975 670 2065 Sponsal.
694 1988 727 2045 et
745 1976 853 2060 Matr,
877 1989 910 2046 et
930 1976 1082 2066 plerique
1101 1975 1165 2043 Do·

224 2083 332 2140 ctores
343 2069 566 2153 consentiunt;
577 2092 642 2160 qua
656 2070 691 2139 in
707 2091 743 2141 re
757 2070 909 2160 Episcopi
924 2082 975 2141 est
988 2068 1162 2139 iudicium.

224 2166 344 2237 Contra
378 2176 489 2234 autem
524 2164 716 2253 impuberes
754 2166 958 2256 quicumque
990 2162 1168 2252 septennio

225 2260 380 2340 maiores,
403 2259 492 2347 quod
512 2258 734 2329 communiter
755 2260 957 2348 intelligunt,
971 2270 1004 2327 et
1023 2259 1057 2325 in
1076 2257 1167 2327 futu·

224 2374 279 2420 ras
298 2351 430 2441 nuptias
452 2362 589 2438 possunt
608 2353 822 2435 consentire,
845 2365 878 2421 et
897 2352 1053 2421 Romanis
1081 2350 1167 2439 legi·

224 2446 300 2528 bus,
321 2443 493 2531 sacrisque
511 2444 702 2513 Canonibus
727 2446 893 2535 sponsalia
914 2458 1004 2514 recte
1033 2456 1167 2514 contra·

226 2539 322 2606 hunt.
339 2536 501 2616 Quoniam
520 2557 597 2606 vero
617 2539 785 2607 lubricum
807 2555 840 2608 et
858 2538 979 2628 fragile
993 2550 1042 2608 est
1057 2539 1167 2627 impu-

226 2632 344 2700 berum
365 2629 554 2713 consilium,
571 2652 588 2698 a
607 2632 818 2720 sponsalibus
833 2632 1011 2701 contractis
1027 2632 1117 2700 licite
1134 2643 1168 2700 et

226 2723 332 2791 valide
349 2735 488 2812 possunt
506 2725 650 2808 resilire,
670 2727 727 2794 sed
750 2738 821 2795 tom
836 2727 942 2795 solum
965 2747 1039 2795 cum
1056 2727 1096 2793 ad
1118 2725 1167 2793 le·

226 2816 375 2904 gitimam
397 2828 550 2902 aetatem,
574 2839 633 2887 seu
653 2821 693 2887 ad
716 2820 924 2908 pubertatem
942 2817 1167 2910 pervenerint,

227 2912 272 2978 ito
285 2921 398 2980 tamen
419 2922 457 2979 ut
475 2912 534 3000 qni
554 2912 646 2999 prior
667 2913 875 3001 pubertatem
895 2913 1101 3002 adipiscitur,
1116 2931 1168 2980 re·

227 3003 321 3072 silire
339 3003 450 3073 statim
472 3026 532 3094 pro
553 3005 650 3074 libitu
670 3008 787 3089 valeat,
808 3027 871 3076 neo
889 3009 1044 3088 alterum,
1061 3008 1168 3075 donec

226 3098 397 3188 pubescat,
412 3109 585 3188 expectare
603 3111 770 3169 teneatur.
788 3104 827 3169 dt
847 3101 872 3168 si
893 3100 997 3190 pubes
1017 3121 1091 3167 curn
1108 3098 1169 3167 im·

226 3192 353 3281 pubere
372 3192 538 3281 sponsalia
556 3192 664 3277 ineat,
687 3214 754 3262 non
785 3215 892 3283 aequo
914 3194 985 3263 iure
1007 3193 1168 3281 utrinqne

228 3285 424 3369 consistunt3
444 3307 521 3354 narn
540 3287 675 3376 pubesa
691 3286 756 3356 fide
770 3288 845 3356 data
858 3308 1040 3378 numquam
1061 3296 1170 3374 potest

227 3377 382 3461 resilire,
405 3380 490 3449 bene
509 3401 585 3449 vero
603 3370 778 3470 impubes,
798 3403 873 3450 cum
894 3382 933 3450 ad
956 3381 1166 3470 pubertatem

229 3472 430 3560 pervenerit,
441 3473 874 3565 sponsaliarescinderepro
884 3473 1163 3562 arbitriopoterit.

229 3565 321 3637 Hauc
341 3578 453 3637 autern
475 3567 705 3638 rescissionem
733 3567 925 3659 impuberes
957 3569 1165 3659 pubertatem
