2642 4175
409 363 454 407 nu
471 362 601 409 nerunt
619 362 818 410 unrnmonn
981 354 1046 412 123

581 577 669 668 geo.

375 749 421 805 lle
439 747 635 806 matrimonio
656 747 876 806 eonscientiae.

202 923 454 994 Matrimonium
472 923 694 994 conscientiae
711 924 854 992 dicimus
875 925 962 1013 quod
980 945 1093 996 coram
1174 914 1178 923 ’

154 1017 320 1102 Parocbo,
343 1029 402 1087 aut
421 1018 486 1086 alio
508 1016 685 1087 Sacerdote
702 1016 852 1104 legitime
872 1017 1041 1106 deputato,
1063 1031 1097 1089 et

155 1112 289 1181 duobus
307 1111 451 1180 testibus
471 1109 681 1181 contrabitur
700 1129 738 1178 ea
759 1110 858 1197 lege,
881 1121 918 1178 ut
948 1111 1097 1200 evulgari

155 1216 193 1274 et
210 1203 418 1275 manifestari
448 1225 514 1273 nou
536 1203 670 1273 debeat.
690 1203 798 1273 luitur
817 1202 931 1292 itaque
951 1204 1096 1273 auctori·

156 1307 225 1366 tale
245 1296 468 1367 Ecclesiastici
501 1296 719 1387 Superioris,
742 1296 799 1385 qui
818 1316 856 1365 ex
875 1297 961 1365 insta
998 1317 1097 1366 causa

157 1390 330 1479 dispenset
349 1402 420 1459 turn
448 1411 550 1480 super
582 1389 725 1480 publicis
757 1388 1095 1476 denuntiationibus,

157 1497 230 1551 tum
245 1504 349 1573 super
360 1483 584 1574 descriptione
604 1484 752 1552 eiusdem
772 1482 974 1551 matrimonii
990 1482 1024 1551 in
1040 1503 1099 1573 pu-

157 1577 247 1646 blico
266 1590 301 1646 at
319 1577 490 1646 ordinario
518 1575 809 1646 matrimoniorum
831 1575 929 1644 libro.
960 1576 1008 1643 Ex
1028 1576 1101 1665 qui*

158 1671 222 1738 bus
240 1669 322 1738 satis
342 1670 567 1759 intelligitur,
590 1668 854 1742 matrimonium
875 1669 1099 1739 conscientiae

158 1783 275 1831 verum
295 1774 329 1831 et
346 1762 534 1851 legitimum
553 1782 637 1846 esse,
657 1781 720 1831 nec
739 1772 864 1830 temere
892 1762 1098 1831 contunden-

157 1857 240 1924 dum
260 1877 336 1925 cum
352 1856 427 1925 aliis
447 1855 585 1925 occultis
604 1854 906 1938 coniunctionibus,
923 1875 1010 1944 qnae
1031 1875 1098 1923 nou

160 1961 240 2018 sunt
255 1968 354 2018 verae
372 1950 532 2039 nuptiae,
555 1949 612 2018 sed
634 1948 722 2017 foedi
751 1959 784 2017 et
806 1948 954 2017 damnati
975 1968 1098 2017 concu-

159 2042 264 2114 bitus.
297 2042 401 2113 Nemo
431 2054 542 2113 tamen
572 2040 716 2111 inficiari
737 2040 860 2128 poterit
878 2040 1016 2110 occultis
1036 2040 1100 2109 bu·

90 2174 94 2180 ·
161 2136 306 2206 insmodi
328 2136 549 2206 conscientiae
570 2132 794 2223 matrimoniis
810 2132 966 2220 spiritum
988 2133 1099 2203 Eccle-

158 2230 229 2299 siae
248 2250 462 2318 nequaquam
483 2231 605 2299 farere.
627 2226 795 2307 Quantum
831 2224 920 2293 enim
941 2246 958 2293 a
979 2224 1097 2293 Sacra·

160 2324 264 2392 menti
285 2323 446 2411 dignitate
480 2334 514 2392 et
543 2319 843 2391 ecclesiasticarum
868 2318 981 2405 legum
1001 2337 1098 2406 prae·

160 2415 286 2506 scripto
299 2416 382 2484 haec
398 2415 610 2484 matrimonia
627 2411 861 2502 utplurimum
877 2411 1093 2494 abhorreant,

159 2508 240 2578 satis
271 2529 440 2599 superque
461 2508 710 2596 coniicipotest
740 2526 778 2574 ex
798 2503 944 2574 exitiosis
964 2504 1100 2574 illisei»

160 2602 319 2684 lectibus,
339 2622 424 2691 quos
444 2609 596 2670 recenset
614 2597 813 2668 Benedictus
831 2598 899 2666 xlv
919 2598 1096 2668 Constitut.

162 2719 175 2761 r
196 2693 314 2763 SdllS
331 2693 447 2764 VOBIS
463 2718 478 2761 r
494 2692 538 2761 17
555 2694 634 2763 Nor.
658 2690 763 2759 llll.
778 2692 989 2781 Quapropter
1009 2692 1099 2760 idem

161 2788 317 2857 Pontifex
349 2788 384 2856 in
408 2787 464 2857 cil.
495 2788 660 2870 Constit,
685 2795 722 2854 ut
742 2795 791 2855 tot
809 2784 974 2875 tantisque
1002 2784 1100 2853 malis

159 2881 292 2950 obviem
315 2881 401 2963 iret,
424 2893 539 2950 mouet
558 2879 727 2968 inprimis
747 2877 940 2968 Episcopus,
963 2898 1006 2947 ne
1026 2877 1101 2946 siue
1227 2932 1231 2939 .

160 2973 252 3063 graui
274 2986 309 3044 et
322 2974 472 3062 legitima
492 2975 591 3043 causa
610 2993 712 3063 super
731 2971 874 3060 publicis
894 2969 1099 3040 matrimonii

161 3066 471 3136 denuntiationibus
492 3068 708 3156 dispensent.
732 3085 820 3160 nere·
834 3077 908 3153 post
942 3063 1099 3133 remissas

162 3160 407 3249 publicationes
428 3160 679 3230 matrimonium
701 3157 828 3227 occulte
846 3156 1007 3225 celebrari
1026 3175 1100 3253 perf

163 3253 297 3326 mittunt
316 3263 356 3323 'ex
375 3253 468 3323 obvia
488 3252 603 3344 quavis
622 3262 656 3321 et
674 3248 802 3338 vulgari
823 3268 936 3327 cause,
951 3247 1007 3316 sed
1023 3266 1099 3335 gra-

161 3367 247 3430 vem,
271 3358 472 3435 urgentem,
491 3359 526 3416 et
543 3341 814 3434 urgentissimam
835 3339 972 3410 omniuo
990 3350 1100 3429 postu·

81 3484 86 3489 -
163 3441 221 3509 lat.
245 3440 330 3509 'lum
352 3460 408 3509 eos
426 3440 573 3528 graviter
592 3440 771 3527 bortatur,
794 3447 831 3503 ut
850 3432 1028 3521 diligenter
1047 3433 1100 3501 iu·

78 3589 85 3594 .
164 3532 298 3621 quirunt
315 3534 357 3602 de
383 3533 554 3623 qualitate,
577 3532 704 3622 gradu,
725 3540 759 3600 et
774 3526 963 3598 conditione
984 3544 1100 3617 perso·
