2642 4175
337 391 403 452 342
652 437 654 440 .
673 407 774 454 carne
790 408 836 453 111.

288 503 462 587 Pontifice,
488 505 578 594 «qui
597 506 783 575 secuudum
803 503 1043 593 plenitudinem
1057 503 1222 592 potestatis

291 600 333 667 de
352 599 426 666 iure
456 608 567 686 potest
593 619 693 686 supra
715 597 767 667 ius
786 598 990 687 dispensare,
1010 620 1025 662 ι
1049 618 1123 686 cap.
1142 595 1219 664 Pru

292 708 411 759 resurr
428 690 470 759 de
487 710 634 759 concess.
654 691 841 760 Praebend.
858 714 874 757 ι
897 690 1105 780 Quamquam
1122 689 1217 770 enim,

293 794 331 853 ut
343 794 433 852 recte
446 781 679 852 animadvertit
689 783 840 852 [trouver
852 783 914 851 lib.
926 781 948 852 9
960 784 1001 851 de
1016 782 1064 851 Re
1078 782 1216 851 Sacram.

293 897 368 966 cap.
389 874 422 960 t,
442 897 475 965 q.
498 873 532 957 7,
550 874 614 944 hoc
632 875 753 945 nullibi
773 877 905 964 legatur
922 874 1070 965 antiquis
1089 875 1219 945 Canoni-

293 970 357 1038 bus
374 968 602 1051 coustitutum,
624 990 704 1037 usus
723 982 833 1039 tamen
853 968 1004 1049 invaluit,
1025 979 1059 1038 et
1078 967 1218 1056 generali

294 1061 467 1150 disciplina
488 1074 664 1149 receptus,
687 1073 725 1131 ut
743 1083 804 1151 pro
825 1060 1015 1131 huiusmodi
1036 1061 1150 1149 gratiis
1163 1060 1217 1129 ob·

296 1154 441 1223 tinendis
459 1153 549 1222 solus
565 1153 715 1223 Pontifex
732 1154 893 1223 llaximus
904 1154 989 1223 adiri
1006 1153 1219 1222 communiter

295 1247 433 1316 deberet
450 1266 488 1315 ac
509 1256 629 1336 posset,
653 1248 830 1317 et'merito
851 1247 985 1337 quidem
1006 1262 1074 1314 tam
1092 1256 1217 1336 propter

296 1339 441 1408 debitam
462 1337 537 1408 Sedi
557 1339 764 1429 Apostolicae
783 1340 1022 1420 reuerentiam,
1044 1341 1097 1408 cui
1125 1338 1216 1426 potis·

296 1432 419 1501 simum
436 1430 606 1501 (lenonum
628 1432 813 1508 observatio
835 1444 867 1502 et
891 1433 1092 1521 dispensatio
1110 1429 1216 1500 divini·

296 1535 350 1593 tus
370 1535 419 1593 est
448 1525 650 1608 commissa,
672 1537 743 1595 tum
769 1526 860 1615 quia,
896 1546 971 1593 eum
994 1524 1216 1613 impedimenta

297 1616 547 1684 matrimonium
567 1615 756 1687 dirimentia
776 1618 826 1688 vel
851 1639 870 1686 a
890 1617 1047 1686 Consiliis
1066 1615 1215 1706 generali·

297 1710 371 1792 bus,
393 1709 444 1776 rel
463 1730 481 1777 a
502 1707 647 1779 Summis
669 1710 884 1780 Pontificibus
903 1710 1029 1779 luerint
1057 1709 1216 1783 instituta,

300 1802 335 1871 in
357 1822 499 1890 quorum
513 1803 644 1872 decreta
660 1816 855 1892 potestatem
873 1825 939 1873 non
960 1803 1084 1871 habeut
1100 1801 1214 1889 llpisco·
1287 1847 1288 1886 3

299 1894 343 1984 pi,
362 1914 571 1985 consequeus
590 1897 676 1980 luit,
706 1908 742 1965 ut
761 1898 841 1966 solis
859 1896 999 1965 summis
1018 1894 1215 1964 Pontificibus
1287 1891 1288 1922 ³

298 1988 437 2057 deberet
470 1987 628 2057 relaxatio
661 1990 863 2078 regulariter
890 1987 1052 2057 reservari
1071 2011 1085 2053 ι
1107 1987 1213 2055 Eadem

298 2079 413 2150 dicunt
432 2080 670 2152 Thomnssiuus
688 2083 730 2153 N.
763 2096 795 2153 et
819 2082 855 2150 V.
878 2082 967 2150 Eccl.
989 2081 1116 2170 discipl.
1137 2102 1166 2169 p.
1186 2075 1214 2158 l,

297 2176 322 2243 l.
344 2173 378 2253 3,
411 2195 440 2243 c.
463 2173 520 2243 bd.
542 2175 617 2244 Nat.
638 2176 731 2246 Alex.
755 2176 871 2245 l'beol.
893 2176 1010 2263 Dogm.
1034 2176 1075 2243 de
1093 2174 1167 2243 llat.
1184 2191 1213 2238 u.

299 2265 333 2351 u,
352 2268 495 2351 Hubert,
519 2266 670 2351 Billuart,
691 2269 870 2360 Touruely,
885 2269 1020 2357 aliique.
1038 2266 1154 2337 Primis
1165 2262 1215 2331 llo·

299 2362 420 2429 clesiae
443 2361 584 2430 saeculis
607 2363 699 2430 nulla
727 2362 867 2431 dabatur
900 2361 1073 2429 relaxatio.
1103 2358 1216 2426 Primus
1286 2430 1287 2437 ἵ

300 2452 501 2541 dispensavit
528 2453 742 2524 Innocentius
761 2454 805 2522 lll
825 2475 900 2523 cum
930 2474 1010 2542 rege
1037 2451 1158 2521 Othone
1171 2448 1214 2528 ll,
1286 2450 1287 2475 l

300 2556 333 2615 et
351 2566 505 2615 successu
527 2547 686 2636 temporis
706 2548 794 2637 quod
811 2550 929 2615 vulnus
949 2559 1021 2615 erat
1036 2545 1134 2634 legis,
1153 2563 1216 2611 eva·

299 2637 343 2705 sit
359 2637 531 2706 bominum
552 2640 730 2709 medicina.
748 2641 839 2708 Hanc
856 2648 1050 2730 potestatem
1065 2633 1215 2707 communi

299 2730 369 2799 lere
388 2730 514 2800 calculo
534 2731 691 2802 Doctores
711 2734 876 2822 denegant
895 2733 1077 2821 Episcopis,
1097 2743 1128 2799 et
1144 2727 1216 2798 Con·

300 2823 512 2912 gregationes
542 2825 705 2908 Consilii,
739 2848 778 2895 ao
803 2845 980 2915 supremae
1007 2821 1219 2914 lnquisitiouis
1285 2890 1286 2895 ,

300 2917 562 3006 propositionem
573 2929 775 2987 asserentem
790 2919 942 3008 Episcopi
961 2918 1014 2986 ius
1026 2913 1216 2986 ordinarium
1285 2932 1286 2981 t

301 3008 514 3099 dispensandi
528 3032 629 3101 super
644 3011 882 3101 impedimento
894 3010 1027 3100 publico
1045 3010 1216 3085 dirimente,
1268 3071 1278 3085 ,

301 3123 363 3191 pro
383 3104 597 3174 matrimonio
616 3105 842 3174 contrahendo
857 3105 924 3174 sive
941 3105 975 3172 in
993 3104 1131 3172 articulo
1145 3117 1218 3167 mor-

299 3195 353 3280 tis,
375 3196 444 3266 sive
474 3196 508 3266 iu
539 3196 602 3266 alia
625 3197 859 3285 urgentissima
879 3197 1093 3278 necessitate,
1114 3194 1146 3261 in
1164 3209 1217 3280 qua

300 3289 459 3363 continuo
482 3288 517 3360 S.
539 3289 633 3360 Sedis
652 3291 854 3379 dispensatio
872 3288 1017 3359 obtineri
1034 3309 1102 3357 nou
1118 3292 1222 3387 potest,

299 3393 469 3472 tamquam
482 3384 611 3465 salsam,
628 3383 1220 3467 temerariam,scandalosam,pem1·
1284 3436 1285 3467 3

300 3473 436 3558 elusam,
460 3487 494 3545 et
511 3476 721 3558 seditiosam,
743 3497 810 3545 nou
830 3477 932 3546 semel
953 3474 1217 3563 proscripserunt.
1284 3468 1285 3495 ¹

300 3565 517 3656 VideRiganti
531 3569 554 3637 l.
569 3568 603 3652 4,
619 3569 653 3638 iu
668 3569 752 3658 Reg.
765 3570 863 3653 (lanc.
881 3588 915 3638 ιι.
936 3567 969 3663 2,
982 3561 1176 3638 Benedxtv
1188 3561 1224 3628 de
