2642 4175
304 358 373 417 362
598 423 604 428 f
634 370 738 416 carun
755 370 803 416 ru.

674 579 763 674 aar.

523 752 569 810 lle
586 751 693 809 canelo
711 751 921 822 deperanda.

298 927 566 1019 dispensationes
579 928 840 998 matrimoniales
853 926 1093 1010 rontemnere,
1109 926 1185 1017 qnia

251 1041 312 1111 per
324 1043 380 1092 eas
399 1022 451 1093 ius
463 1023 668 1105 vulneratur,
685 1034 722 1091 ut
735 1023 783 1091 ait
797 1043 869 1113 cap.
887 1022 977 1092 lusrt
996 1038 1114 1090 eterna
1128 1017 1182 1103 ue,

252 1136 287 1204 q.
303 1114 339 1199 lt,
358 1116 509 1205 adeoque
528 1135 604 1185 raro
622 1116 814 1197 admodum,
830 1126 865 1185 et
879 1111 1011 1184 nonnisi
1028 1112 1185 1202 legitimis

250 1208 358 1279 causis
374 1207 624 1297 impertiuntur.
642 1208 742 1278 Couc.
764 1207 855 1276 Trid.
871 1227 952 1277 sese.
970 1204 1077 1288 XXIV,
1100 1226 1131 1276 c.
1150 1205 1183 1276 5.

251 1299 284 1369 Si
300 1301 550 1372 matrimonium
578 1300 643 1370 iem
664 1312 872 1371 contractum
901 1301 945 1369 ob
965 1299 1185 1387 impedimen·

251 1405 319 1463 tum
342 1395 449 1464 lateus
476 1395 608 1463 nullum
639 1392 706 1477 sit,
728 1413 826 1463 causa
847 1413 908 1483 pro
938 1391 1123 1462 obtinenda
1143 1391 1185 1462 di·
1218 1453 1222 1460 ,

251 1487 462 1575 spensatione
475 1506 548 1558 esse
566 1497 675 1575 potest
693 1485 893 1577 ignorantia,
909 1486 995 1556 bona
1014 1483 1113 1569 fides,
1132 1495 1190 1555 aut

252 1591 373 1663 metus,
404 1599 448 1648 ue
472 1577 711 1649 detrimentum
742 1578 897 1669 aliquod,
920 1589 980 1669 aut
996 1576 1183 1663 dissidium,

250 1683 309 1739 aut
326 1672 517 1741 scandalum
539 1672 702 1743 excitetur
721 1672 761 1757 si,
783 1693 852 1742 nou
885 1672 1020 1743 obtenta
1050 1670 1184 1761 dispen-

250 1764 389 1849 satione,
406 1765 657 1834 matrimonium
671 1765 882 1838 dissoluatur.
896 1765 986 1860 llaec
1002 1775 1117 1834 autem
1132 1785 1184 1853 po·

249 1857 371 1926 sterior
384 1878 483 1928 causa
498 1858 614 1928 deesse
632 1860 718 1928 solet
732 1860 801 1929 llere
821 1878 1008 1949 uunquam;
1023 1856 1076 1926 vix
1096 1857 1182 1926 enim

252 1950 319 2018 ulla
339 1950 471 2020 dissolui
491 1963 631 2041 possunt
645 1951 857 2021 matrimonia
878 1954 944 2021 iam
963 1961 1134 2021 eontracta
1153 1960 1182 2019 et

251 2048 491 2125 consummata,
509 2044 589 2136 quin
606 2045 799 2133 gravissima
818 2046 905 2115 mala
924 2044 1179 2136 subsequantur,

251 2158 338 2227 quae
363 2158 425 2228 per
456 2138 735 2227 dispensationem
770 2139 1025 2227 impedirentur.
1058 2137 1182 2208 Causae

249 2251 327 2300 uero
347 2252 409 2321 pro
428 2232 614 2302 relaxandis
634 2232 891 2322 impedimentis
915 2230 1056 2301 maxime
1076 2230 1181 2319 publi-

250 2323 309 2407 cis,
321 2344 382 2411 pro
396 2324 609 2394 matrimonio
622 2325 859 2408 contrahendo,
869 2324 1068 2414 praecipuae
1075 2343 1115 2392 ex
1122 2334 1181 2412 stp-

251 2415 285 2484 lo
305 2418 418 2486 curiae
432 2429 521 2487 sunt:
538 2416 576 2484 1ο
595 2416 643 2487 Ob
659 2418 783 2487 bonum
797 2418 900 2508 pacis.
920 2416 1009 2486 Haeo
1021 2436 1120 2486 causa
1133 2413 1178 2483 nel

249 2508 425 2578 adducitur
437 2510 477 2577 ad
492 2510 746 2598 exstinguendas
757 2531 870 2597 graues
884 2509 1179 2599 inimicitias,quae

250 2599 337 2667 inter
349 2601 616 2672 contrahentium
633 2616 788 2693 parentes
801 2616 835 2673 et
853 2603 1118 2692 consanguineos
1130 2600 1178 2669 rel

249 2691 364 2760 affines
383 2706 515 2764 exortae
528 2694 595 2764 iam
608 2696 686 2779 siut,
701 2715 854 2787 quaeque
870 2695 1095 2766 celebratione
1107 2715 1176 2762 ma·

249 2783 396 2856 trimouii
412 2788 548 2859 omuino
568 2801 867 2878 componerentur,
889 2799 923 2859 et
948 2789 1047 2877 vulgo
1067 2787 1177 2877 appel-

249 2878 337 2948 latur
368 2892 507 2971 propter
534 2880 749 2967 inimicitias;
774 2882 825 2951 ¹tel
853 2880 1012 2964 affertur,
1045 2879 1177 2970 quando

248 2972 369 3060 nempe
389 2974 477 3044 inter
502 2974 769 3044 contrahentium
797 2985 963 3062 parentes,
984 2971 1177 3061 consangui-

247 3085 351 3150 neos,
374 3079 407 3135 et
423 3067 537 3137 affines
556 3066 751 3136 inimicitiae
783 3087 898 3155 graues
930 3064 1109 3155 viguerint,
1146 3075 1176 3133 et

249 3161 474 3248 quamvisper
492 3160 581 3230 iuter
594 3158 683 3250 ipsos
698 3159 779 3228 inita
797 3159 852 3242 sit,
867 3158 1046 3229 celebratio
1065 3169 1174 3226 tamen

249 3252 451 3322 matrimonii
470 3253 511 3321 ad
530 3252 633 3343 ipsius
653 3252 744 3343 pacis
773 3252 1057 3321 confirmationem
1076 3269 1174 3340 quam

248 3346 390 3416 maxime
413 3345 624 3429 conduceret,
648 3343 1174 3414 etdiciturob-coniirmatiouem

248 3437 350 3524 pacis.
371 3437 444 3507 lluc
462 3438 562 3508 etiam
581 3439 726 3507 refertur
745 3459 842 3508 causa
867 3436 1092 3508 exstinctionis
1109 3433 1175 3503 litis

246 3549 348 3619 super
366 3530 467 3600 rebus
486 3532 595 3621 gravis
620 3530 798 3617 momenti,
818 3532 897 3602 dum
926 3529 1080 3600 videlicet
1109 3547 1175 3597 cer·
