2642 4175
270 350 334 405 llll
608 360 709 405 oneur
728 362 763 405 11.

218 458 493 529 3ll.·novation.
524 458 672 548 Denique
690 460 861 548 generales
890 460 965 529 illae
995 461 1156 530 conditio·

219 573 291 636 nes,
307 553 666 642 quaeomnicontra'ctu
682 552 906 638 continentur,
921 553 1023 623 veluti
1038 556 1155 623 ducam

220 660 266 732 te,
288 646 314 716 si
336 646 537 730 vixerimm,
566 647 592 715 si
617 646 704 715 Deus
719 646 882 730 voluerit,
904 649 955 716 vel
981 668 1067 738 quac
1087 669 1155 716 ma·

221 738 380 809 trimonio
401 740 600 809 intrinsecae
620 752 709 824 sunt,
727 740 828 809 veluti
846 740 963 808 ducam
985 751 1028 820 te,
1042 740 1069 809 si
1089 762 1154 809 non

219 835 266 904 sis
284 833 527 921 consanguinea
548 854 638 914 mea,
656 833 684 902 si
705 854 771 903 non
792 833 837 902 sis
856 834 1069 903 matrimonio
1090 834 1153 904 iam

219 928 391 1018 copulata,¹
402 927 465 995 vim
481 939 514 996 et
527 927 681 996 ellectum
695 927 921 996 conditionum
935 947 1001 995 non
1020 927 1153 997 habent.

219 1022 277 1090 sed
301 1021 549 1088 matrimonium
569 1021 739 1089 confestim
760 1020 868 1103 valet,
892 1020 919 1090 si
940 1020 1030 1088 aliud
1050 1021 1153 1110 impe-

222 1114 405 1182 dimentum
427 1133 491 1183 non
510 1113 685 1184 exstiterit.

268 1207 373 1295 lgitur
393 1217 555 1295 superest,
579 1218 616 1275 ut
636 1207 727 1275 solae
745 1205 960 1275 conditiones
982 1206 1024 1275 de
1045 1208 1158 1275 futuro

219 1300 423 1386 contingenti
442 1310 646 1368 contractum
684 1298 885 1368 matrimonii
908 1309 941 1367 et
960 1318 1155 1369 consensum

222 1394 329 1483 ipsum
351 1391 613 1462 conditionatum
629 1393 784 1476 efficiant,
804 1392 887 1461 acin
908 1392 1159 1462 incertumcon·

220 1484 359 1571 ditionis
382 1485 503 1553 exitum
524 1488 738 1575 suspendant
760 1488 800 1554 Al
820 1485 1024 1554 conditiones
1044 1486 1158 1554 huius-

221 1565 311 1647 modi
335 1591 393 1646 aut
420 1578 578 1649 honestae
597 1591 630 1648 et
650 1579 824 1668 possibiles
843 1591 942 1661 sunt,
907 1591 1027 1648 taut
1047 1590 1160 1668 turpes

207 1683 255 1753 xet
283 1672 520 1761 impossibiles.
542 1673 588 1742 De
608 1672 853 1757 conditionibus
874 1672 1025 1762 turpibus
1045 1684 1078 1741 et
1097 1673 1160 1740 im·

221 1765 439 1855 possibilibus
468 1766 609 1834 celebris
629 1778 680 1835 est
698 1765 877 1835 Decretalis
896 1765 1045 1853 Gregorii
1065 1765 1134 1833 lll
1125 1787 1160 1834 m

221 1880 295 1948 cap.
317 1857 351 1926 St
369 1876 588 1928 conorrronus
604 1860 645 1928 de
665 1858 795 1928 Condit.
819 1880 948 1949 appos,
967 1859 1063 1927 cuius
1079 1858 1162 1928 haec

222 1952 320 2021 verba
351 1966 452 2021 sunt:
487 1977 501 2018 a
525 1951 558 2020 Si
579 1952 785 2021 conditiones
810 1963 922 2021 contra
943 1952 1159 2022 substantiam

225 2044 373 2135 coniugii
393 2046 594 2131 inserantur,
614 2056 691 2136 puta
709 2046 735 2116 si
750 2047 834 2116 alter
846 2045 933 2115 dicat
951 2046 1066 2116 alteri:
1082 2066 1161 2116 con·

120 2225 124 2228 ¹
224 2141 319 2209 traho
346 2154 478 2224 tecum,
502 2139 529 2208 si
562 2139 810 2232 generationem
831 2141 934 2228 prolis
964 2140 1087 2223 evites,
1110 2142 1160 2208 vel

222 2234 329 2303 donec
351 2234 516 2303 inveniam
538 2234 636 2303 aliam
658 2233 785 2302 honore
809 2234 858 2301 vel
879 2232 1091 2304 facultatibus
1111 2232 1160 2301 di·
1190 2312 1195 2319 ¹

224 2327 365 2408 liorem,
386 2339 443 2395 aut
472 2327 499 2393 si
532 2347 592 2415 pro
612 2338 752 2415 quaestu
772 2326 1020 2395 adulterandam
1041 2337 1073 2395 te
1092 2338 1162 2396 tra·

223 2421 294 2487 das:
318 2418 572 2486 matrimonialis
589 2429 787 2497 contractus,
805 2431 1101 2510 quantumcunque
1117 2419 1164 2487 sit

124 2550 129 2554 ·
225 2509 437 2594 favorabilis,
460 2522 550 2579 caret
580 2511 723 2595 ellectu;
743 2512 924 2582 licetaliae
952 2513 1160 2582 conditiones

225 2603 394 2692 appositae
412 2603 445 2671 in
467 2603 692 2685 matrimonio,
717 2604 745 2673 si
766 2616 879 2711 turpes
897 2617 955 2674 aut
971 2605 1161 2695 impossibi-

225 2699 273 2765 les
292 2696 428 2779 fuerint,
451 2696 593 2765 debeant
612 2709 748 2787 propter
768 2698 998 2771 eiuslavorem
1018 2719 1163 2788 pronon

205 2865 208 2871 ,
225 2788 390 2874 adiunctis
410 2789 571 2858 haberi.»
594 2791 663 2859 lam
682 2811 758 2860 vcro
780 2790 812 2859 in
831 2792 892 2859 hac
913 2792 1073 2861 Decretali
1094 2792 1163 2860 duo

225 2904 244 2950 a
266 2882 424 2951 Pontifice
443 2882 695 2971 distinguuntur
711 2904 831 2971 genera
852 2885 1079 2955 conditionum
1094 2896 1167 2954 tnr-

228 2974 339 3064 pium:
363 2976 506 3065 primum
528 2997 655 3061 earum,
679 2997 765 3065 quae
786 2991 864 3047 sunt
882 2991 994 3047 contra
1015 2978 1166 3047 substan·

227 3069 306 3137 tiam
327 3069 543 3152 matrimonii3
563 3071 704 3138 alterum
723 3091 798 3139 vero
819 3071 964 3155 illarum,
987 3071 1165 3162 quaesim·

227 3162 358 3251 pliciter
388 3175 502 3252 turpes
521 3175 621 3244 sunt3
648 3164 904 3251 impossibilium
928 3176 1038 3234 autem
1059 3164 1166 3232 imum

226 3276 333 3343 genus
354 3257 567 3336 nominatur,
585 3277 700 3324 earum
732 3256 857 3327 scilicet
877 3280 962 3346 quae
983 3280 1021 3327 ex
1047 3270 1165 3325 natura

229 3349 289 3432 rei,
307 3369 364 3416 seu
382 3351 422 3418 de
442 3349 527 3417 sacto
548 3348 750 3418 exsecutioni
770 3352 918 3420 mandari
933 3372 999 3419 uon
1013 3362 1167 3441 possunt

225 3439 439 3510 Conditiones
455 3441 552 3530 primi
567 3443 712 3530 generis,
729 3443 754 3511 si
771 3444 983 3513 matrimonio
999 3463 1170 3550 apponan-

228 3545 307 3617 tur,
331 3554 368 3602 ex
399 3546 512 3624 aperta
534 3534 703 3606 Pontificis
722 3537 972 3623 declaratione,
995 3537 1174 3607 matrimo
