2642 4175
404 573 724 673 luparum
768 580 786 673 Ι

196 769 250 828 ua
274 769 419 829 aunum
442 769 493 828 ur
515 770 797 833 mraomaurrs
820 774 1004 836 ommmus

400 956 404 967 ,
480 870 718 951 maramouu

333 1010 387 1069 ax
409 1011 609 1085 noumuuo
630 1013 727 1073 man
751 1012 865 1072 crtum

460 1211 740 1220 -ψ

180 1499 272 1581 Quod
292 1498 354 1567 viri
375 1500 537 1589 cuiusque
556 1501 683 1569 ordinis
703 1502 971 1590 praeclarissimi,
991 1524 1069 1571 eru·

137 1593 210 1663 ditis
237 1593 306 1662 suis
344 1593 498 1683 seriptis,
524 1596 688 1665 antistites
706 1595 966 1686 sapientissimi,
991 1606 1070 1665 cum'

135 1687 350 1775 singillatim,
374 1700 443 1755 tum
462 1708 526 1757 uua
548 1688 662 1771 simul,
685 1689 978 1779 protestationibus
996 1692 1067 1760 zelo

136 1801 173 1848 ac
195 1780 342 1850 doctrina
376 1781 529 1866 referris,
565 1784 605 1851 et'
625 1783 766 1872 ipsemet
789 1783 938 1853 Pontifex
969 1785 1069 1853 llari·

136 1895 233 1958 mus,
256 1874 509 1962 augustissimae
529 1897 609 1945 suae
630 1877 719 1945 vocis
740 1877 957 1959 auctoritate,
975 1898 1068 1946 arer-

25 2052 26 2055 ,
134 1979 203 2037 tere
222 1969 332 2037 conati
348 1980 449 2050 suut,
474 1969 519 2050 id,
543 1970 576 2038 in
590 1969 757 2058 pluribus
776 1970 969 2057 regionibns
989 1990 1067 2039 con·

114 2068 118 2072 ’
133 2061 284 2131 stitutum
306 2082 377 2131 esse
397 2061 550 2131 vidimus.
572 2063 702 2133 Etenim
719 2063 755 2131 in
772 2061 900 2146 Galliis,
925 2061 1063 2151 Belgio,

133 2155 318 2239 llollandia‚
328 2156 432 2238 ltalia,
447 2155 587 2245 aliisque
603 2157 684 2226 locis
698 2156 943 2225 matrimonium
958 2155 1064 2239 uirile,

133 2271 197 2318 non
219 2251 365 2318 consulte
386 2270 450 2318 uec
469 2252 629 2339 probante
649 2250 807 2333 Ecclesia,
827 2249 948 2319 misere
970 2247 1067 2317 indu·

133 2354 220 2411 ctum
241 2355 307 2425 est,
331 2363 369 2410 ao
388 2342 461 2431 lege
481 2344 634 2426 inlausta,
656 2342 787 2433 ipsique
806 2343 973 2426 societati,
994 2355 1066 2411 tum
1182 2338 1185 2344 ’

25 2439 26 2458 ¹
133 2436 395 2518 ecclesiasticae,
431 2450 502 2505 tum
534 2438 619 2506 civili
653 2458 866 2527 summopere
903 2438 1063 2519 adversa,

134 2530 374 2618 praescriptum
401 2550 439 2597 ac
468 2532 729 2620 promulgatum.
751 2531 844 2600 Unde
862 2532 911 2614 lit,
935 2543 971 2601 ut
991 2533 1067 2600 nul-

132 2625 199 2691 lum
223 2624 419 2692 admittatur
439 2626 641 2694 connubium
660 2680 670 2710 ,
691 2626 850 2717 nullaque
870 2625 981 2716 proles
1006 2625 1066 2694 ba·

132 2717 250 2786 beatur
269 2716 441 2804 legitima,
464 2718 519 2786 ubi
540 2720 667 2789 sormae
698 2720 783 2788 civili
816 2719 890 2807 lege
918 2719 1063 2789 sancitae

42 2871 50 2895 ,
133 2810 274 2880 omissae
295 2811 373 2878 sint.
396 2811 477 2879 Gom
504 2833 604 2900 porro
634 2812 719 2881 nihil
740 2813 979 2900 impedimento
999 2812 1060 2895 sit,

133 2903 311 2993 quominus
344 2905 474 2993 sponsi,
498 2904 632 2973 attentis
658 2905 852 2994 praesertim
874 2904 1060 2988 adiunctis,

133 2998 197 3086 legi
226 2997 321 3082 buio,
344 3018 574 3087 quaecumque
600 3010 770 3066 caeterum
790 3018 827 3066 ea
848 2998 902 3078 sit,
926 3011 1064 3084 pareant

77 3090 79 3096 '
133 3090 165 3157 in
186 3090 271 3159 the'si
286 3091 433 3179 generali
455 3111 539 3161 ause
553 3092 760 3173 submittant,
776 3089 976 3159 utrivilibus
994 3092 1065 3158 sru-

134 3184 242 3252 etibus
255 3185 353 3272 potiri
375 3196 509 3273 queant,
528 3206 626 3253 nemo
640 3198 701 3268 est,
719 3185 775 3273 qui
790 3205 856 3251 non
869 3183 977 3251 videat
991 3185 1064 3271 plu·

134 3279 256 3369 rimam
271 3278 442 3360 interesse,
458 3291 495 3347 ut
508 3277 645 3348 Paroclii
659 3277 867 3369 praesertim,
885 3298 922 3345 ac
933 3277 1064 3346 Confes-

134 3370 211 3438 sarii
232 3372 425 3462 praecipuas
441 3372 641 3442 matrimonii
657 3371 761 3441 'uirilis
774 3373 896 3440 lormes
909 3377 948 3439 au
962 3371 1065 3460 impe·

134 3465 277 3533 dimenta
298 3479 375 3533 nota
397 3461 545 3552 apprime
566 3487 603 3534 ae
620 3477 790 3555 perspecta
812 3465 967 3535 babeant.
986 3465 1065 3533 llul·

133 3558 173 3627 tis
193 3559 282 3629 enim
304 3558 524 3648 gravibusque
544 3560 792 3630 difficultatibus
818 3571 1004 3651 opportune
1026 3580 1065 3627 uc
