2642 4175
286 326 351 385 158
622 336 724 381 caros
740 336 788 380 ω.

239 439 345 509 valide
368 435 616 506 matrimonium
636 435 858 517 contrahere,
878 433 957 502 licet
972 434 1118 503 secundo
1137 435 1181 503 li·

243 553 326 602 neae
343 530 498 620 obliquae
516 529 620 618 gradu
641 527 902 617 coniungantur,
926 526 1075 617 illudque
1097 527 1179 596 vali.
1305 560 1306 599 ι

240 626 320 695 dum
347 643 546 703 remanere,
564 621 694 691 etiamsi
721 622 760 690 ad
793 621 893 690 fidem
928 632 1172 690 convertantur.
1300 646 1306 653 ·

239 717 318 788 Vide
349 738 421 808 cap.
454 716 639 786 Goodemus
660 712 707 797 8,
741 714 782 784 de
815 713 974 784 divortiis.
1003 716 1052 783 ln
1085 714 1173 784 idem

239 811 304 882 dici
326 811 444 881 debeat
473 810 514 880 de
535 808 755 879 matrimoniis
776 809 817 877 ab
837 808 1028 877 infidelibus
1056 807 1173 893 initis,

239 906 307 976 sire
338 905 372 973 in
404 905 510 993 gradu
535 903 681 973 secundo
710 923 749 971 ao
784 901 955 972 remotiori
988 902 1096 971 lineae
1121 922 1177 972 re·
1305 914 1306 927 ¹

239 1010 324 1084 ctae,
343 999 410 1067 sive
425 999 458 1067 in
473 997 581 1088 primo
599 997 702 1085 grado
716 995 824 1065 lineae
838 996 1005 1086 obliquae,
1024 995 1175 1085 quaestio
1305 1018 1306 1027 ¹

242 1103 316 1175 est,
337 1092 431 1162 cuius
451 1091 572 1161 solutio
592 1088 772 1160 theoretica
794 1089 925 1179 'pendet
943 1110 961 1158 a
980 1090 1175 1179 quaestione

206 1240 211 1251 .
242 1186 308 1255 iam
330 1186 465 1275 agitato
483 1205 525 1252 an
544 1185 627 1253 baec
646 1182 856 1252 matrimonia
874 1182 948 1253 iure
962 1196 1113 1266 naturae,
1133 1204 1175 1253 an

244 1279 355 1369 potius
375 1280 449 1348 iure
477 1277 615 1367 positivo
644 1277 780 1362 divino,
801 1278 852 1345 rel
882 1277 1041 1347 canonico
1061 1276 1176 1366 probi·

240 1373 395 1442 beantur.
415 1372 534 1441 Verum
557 1370 717 1461 quidquid
739 1371 783 1440 sit
801 1370 842 1439 de
862 1370 1057 1461 quaestione
1076 1371 1172 1455 ioris,

240 1465 322 1534 illud
344 1466 431 1556 opud
448 1485 563 1534 omnes
583 1465 769 1534 admittitor
789 1464 823 1532 in
842 1464 932 1554 praxi
949 1465 1037 1536 baud
1055 1464 1176 1534 boben-
1305 1530 1306 1567 ,

240 1559 281 1628 da
299 1580 371 1629 esse
392 1558 583 1628 huiusmodi
600 1558 762 1627 connubia
784 1569 953 1647 tamquam
967 1559 1059 1627 nulla
1079 1580 1118 1628 ac
1132 1559 1175 1628 ir·
1305 1572 1306 1643 j

240 1652 316 1736 rito,
334 1652 397 1722 nisi
415 1665 589 1743 postquam
610 1651 642 1720 S.
666 1651 851 1743 Apostolica
867 1651 1027 1722 iudicium
1048 1651 1169 1722 emisit.

241 1745 327 1814 Hinc
346 1746 372 1815 si
399 1746 550 1815 infideles
571 1756 804 1814 convertantur
835 1745 1009 1837 separandi
1030 1758 1109 1816 sunt
1131 1746 1173 1815 ob

241 1838 387 1909 incestus
404 1841 602 1929 pericolum,
624 1852 657 1908 et
676 1838 711 1908 S.
732 1839 833 1908 Sedes
852 1861 913 1929 pro
932 1839 1097 1910 solutione
1117 1841 1174 1910 du·

239 1932 286 2011 bii
306 1934 347 2002 de
371 1934 538 2003 validitate
557 1933 641 2002 adiri
664 1933 775 2003 debet.
795 1932 924 2003 Pariter
944 1954 1099 2004 recursus
1118 1934 1177 2003 liat
1305 1988 1306 2001 ,

114 2030 117 2036 “
239 2026 502 2112 adS.Sedem,si
512 2039 629 2114 agatur
643 2027 685 2096 de
696 2025 907 2097 matrimonio
925 2026 965 2096 ab
986 2027 1176 2098 infidelibus
1305 2008 1306 2067 l

241 2122 324 2191 inito
345 2122 431 2192 intra
451 2123 593 2211 gradus,
613 2142 673 2211 pro
693 2122 814 2211 quibus
834 2132 977 2211 potestas
996 2121 1100 2192 civilis
1126 2123 1175 2191 in·

239 2216 441 2286 validitatem
459 2214 623 2296 decrevit,
646 2216 724 2285 licet
742 2235 851 2284 sermo
870 2215 913 2284 sit
932 2216 973 2285 de
992 2215 1173 2303 gradibus,
1257 2259 1258 2262 =
1304 2261 1305 2280 ι

243 2308 330 2378 intro
352 2330 434 2399 quos
453 2308 639 2378 invaliditos
659 2308 731 2378 iure
748 2320 888 2377 naturae
906 2329 974 2377 non
994 2309 1116 2394 existit;
1131 2311 1174 2380 si·

241 2404 376 2492 quidem
396 2401 557 2483 doctrina,
575 2422 660 2490 quae
679 2413 874 2491 potestatem
896 2400 1013 2471 tribuit
1032 2403 1172 2493 principi

242 2494 328 2563 civili
366 2494 601 2584 impedimenta
635 2495 824 2565 dirimentis
862 2496 1083 2565 constituendi
1117 2517 1176 2586 pro

235 2587 467 2656 ¹matrimoniis
486 2587 670 2657 infidelium
692 2609 758 2658 non
782 2590 889 2658 solum
914 2589 1045 2673 libera,
1068 2591 1125 2660 sed
1145 2602 1177 2660 et

243 2681 453 2750 communior
477 2691 538 2751 est.
571 2681 676 2751 Porro
697 2702 782 2772 quae
812 2683 853 2752 de
874 2682 1064 2753 infidelibus
1092 2683 1177 2753 dicta
1303 2723 1304 2736 2

245 2774 419 2863 hucusque
436 2786 524 2858 suut,
540 2798 555 2840 a
580 2775 763 2866 respiciunt
777 2777 929 2865 coningio
944 2777 1026 2845 inita
1041 2777 1081 2846 ab
1097 2778 1177 2867 ipsis

243 2866 331 2937 inter
362 2888 409 2937 se.
430 2867 512 2938 Nom
533 2869 781 2939 matrimonium
809 2870 951 2940 infidelis
983 2891 1059 2939 oum
1088 2870 1176 2940 fideli

244 2960 375 3029 irritum
395 2973 445 3031 est
465 2982 532 3030 non
551 2965 658 3031 solum
678 2964 720 3032 ob
739 2965 849 3034 cultus
868 2963 1106 3060 disparitatem,
1122 2985 1175 3033 re·

206 3127 210 3132 ,
244 3074 319 3122 rum
342 3055 440 3125 etiam
467 3056 510 3124 ob
529 3056 846 3145 consanguinitatem
878 3058 963 3128 intra
985 3056 1110 3146 'gradus
1136 3057 1175 3126 ab
1301 3093 1302 3144 ;

244 3148 389 3218 Ecclesia
420 3149 627 3239 prohibitos,
650 3172 753 3240 quum
787 3152 821 3220 io
847 3150 900 3221 bis
932 3153 1024 3220 locus
1050 3150 1176 3221 nonsit
1301 3149 1302 3156 ’

245 3242 535 3312 communicationi
555 3243 720 3332 privilegii
746 3244 987 3335 exemptionis,
1010 3244 1088 3335 quia
1109 3259 1175 3314 non
1301 3253 1302 3311 T

245 3335 357 3423 agitur
375 3337 415 3406 de
433 3337 537 3405 forma
558 3349 758 3421 contractos,
780 3338 919 3429 eiusque
934 3337 1174 3416 individuitate,

247 3426 288 3495 de
316 3449 382 3517 quo
402 3450 511 3498 sermo
531 3442 581 3500 est
607 3432 727 3515 solum,
754 3431 869 3502 ubido
889 3432 1173 3513 clandestinitate,

246 3521 525 3610 quemadmodum
546 3545 606 3594 suo
625 3526 698 3595 loco
717 3525 912 3597 ridebimus.
