2642 4175
376 343 419 385 nn
437 343 671 388 rrrrnomnnrrs
690 345 887 390 nnncrnoun
985 335 1051 395 285

162 444 267 514 raleat
286 443 319 511 in
340 440 509 531 Hungaria
530 440 780 512 matrimonium
803 442 888 512 inter
917 456 1043 534 partem
1064 470 1104 516 u·

162 554 317 627 tramqne
331 535 615 619 haereticam,non
626 547 752 605 servata
761 536 867 605 forma
881 537 980 608 Cone.
992 540 1101 624 Trid.;

164 631 198 701 S.
212 631 252 701 0.
268 632 333 702 fer.
354 627 433 698 otc
453 628 565 698 martii
577 626 671 698 ttso
684 631 845 719 reposuit:
863 633 1102 704 «matrimonia

165 726 413 796 baereticorum
432 723 520 795 inter
539 743 586 807 se,
608 743 720 794 coram
754 723 907 796 ministro
935 726 1105 798 haeretico

165 820 245 890 inita
270 819 314 888 ita
333 828 488 906 oportere
506 816 731 901 dissimulare,
751 830 899 908 utsupra
919 839 1035 890 eorum
1049 841 1103 891 va·

163 915 305 994 liditate,
328 912 378 981 vel
398 910 601 981 insoliditate
619 911 661 980 ab
675 911 767 982 omni
785 932 921 1000 prorsus
938 914 1105 984 abstineas

165 1029 205 1078 ne
229 1008 310 1076 dum
332 1005 532 1094 proferendo
552 1004 699 1088 iudicio,
734 1025 850 1080 rerum
874 1006 974 1076 etiam
995 1008 1105 1095 prole·

165 1101 266 1170 reuda
300 1098 565 1187 disputatione.»
587 1099 784 1168 Huiusmodi
806 1098 1105 1170 dissimolationem

167 1208 336 1284 tamquam
359 1191 488 1260 tacitam
511 1192 783 1280 approbationem
812 1192 996 1262 habandam
1019 1213 1102 1277 esse,

166 1288 255 1358 citati
278 1296 431 1355 auctores
450 1285 629 1367 deducunt,
646 1298 716 1354 tum
732 1306 769 1353 ex
788 1287 903 1374 regula
921 1286 1051 1374 glossae
1072 1286 1104 1355 in

167 1403 237 1470 cap.
262 1379 370 1467 Super
400 1399 439 1447 eo
473 1379 513 1446 de
538 1378 676 1467 Cognat.
701 1378 806 1467 Spirt,
842 1379 899 1450 ubi
927 1401 1028 1470 super
1050 1380 1106 1452 illa

166 1475 279 1552 rerba,
296 1471 505 1541 dissimulare
527 1472 660 1560 poterit,
681 1472 792 1542 habet:
818 1473 926 1543 «Talis
950 1473 1106 1544 dissimu-

167 1567 246 1638 latio
266 1568 338 1635 loco
359 1564 564 1654 probationis
583 1565 702 1637 tacitae
724 1566 883 1651 habetur,
907 1579 941 1636 et
958 1568 1103 1650 merito,

169 1681 241 1729 cum
260 1660 390 1728 nullum
413 1658 521 1728 obstet
540 1658 852 1748 impedimentum»
868 1673 940 1730 tum
953 1660 1053 1730 exPii
1066 1661 1105 1729 Vl

169 1774 327 1844 responso
340 1753 457 1822 eodem
474 1762 622 1840 tempore
636 1754 675 1821 ad
691 1753 844 1843 Episcopi
865 1755 1002 1824 dubium
1017 1756 1107 1837 dato,

170 1868 234 1937 quo
255 1845 411 1916 Summus
432 1844 580 1915 Pontifex
600 1867 617 1915 a
637 1858 712 1914 voto
734 1868 771 1915 ac
790 1849 953 1916 sententia
973 1848 1106 1918 consul·

170 1954 290 2024 torum,
313 1938 370 2030 qui
391 1938 522 2010 stabant
535 1960 594 2027 pro
608 1938 761 2009 nullitate
781 1940 998 2022 matrimonii,
1018 1961 1107 2010 rece-

171 2036 261 2118 dens,
284 2046 318 2103 et
336 2032 433 2102 verba
460 2031 491 2101 id
514 2031 733 2121 exprimentia
766 2052 785 2100 e
817 2032 958 2101 lormula
980 2053 1106 2122 expun-

172 2148 262 2216 gens,
278 2128 362 2195 haec
380 2125 609 2196 substituenda
630 2130 705 2194 esse
716 2123 836 2194 voluit:
857 2124 1104 2195 «Prudentirm

172 2236 261 2293 tuam
271 2242 337 2290 nou
346 2218 630 2300 latet,huiusmodi
646 2218 780 2309 nuptias
790 2217 958 2288 catholico
970 2218 1110 2288 homine

171 2336 307 2403 prorsus
328 2313 479 2402 indiguas
497 2312 679 2382 Ecclesiam
712 2332 844 2403 semper
864 2311 1103 2394 abhorruisse,
1216 2390 1225 2407 ⁸

170 2408 433 2498 necquidquam
455 2408 654 2475 intentatum
675 2404 871 2496 reliquisse,
903 2428 971 2496 quo
990 2407 1107 2475 fideles

172 2522 249 2571 suos
267 2502 308 2571 ab
328 2501 375 2570 eis
395 2501 548 2568 ineundis
565 2499 701 2569 omnino
721 2502 929 2584 deterreret;
952 2509 1106 2591 propter·

174 2615 277 2686 eaque
302 2593 329 2663 si
350 2594 383 2661 in
416 2592 614 2682 quibusdam
636 2594 841 2682 regionibus,
864 2607 1000 2685 propter
1019 2594 1108 2663 loco-

173 2709 246 2756 rum
267 2699 301 2757 et
331 2697 518 2776 temporum
548 2685 769 2771 difficultates,
791 2690 906 2757 cadam
942 2687 1108 2759 connubia

175 2780 309 2853 tolerari
331 2780 505 2868 contingit,
525 2779 557 2847 id
578 2780 712 2869 quidem
734 2782 774 2850 ad
802 2803 874 2851 eam
899 2782 1108 2851 referendam

175 2886 222 2944 est
240 2873 547 2965 aequanimitatem,
571 2879 657 2962 quae
680 2875 772 2943 nulla
792 2874 921 2943 ratione
941 2875 1107 2963 approba·
1136 2922 1144 2937 .

175 2967 287 3050 tionis,
307 2968 357 3036 rel
374 2987 554 3037 consensus
571 2966 756 3054 cuiuspiam
781 2966 852 3035 laco
870 2965 1021 3036 habenda
1045 2977 1109 3048 est;

174 3063 228 3130 sed
261 3080 376 3130 merae
395 3060 601 3148 patientiae,
634 3081 735 3149 quam
756 3060 796 3128 ad
830 3060 956 3128 maiora
976 3059 1108 3128 vitanda

177 3155 261 3224 mala
282 3154 378 3223 affert
394 3154 584 3234 necessitas,
601 3173 668 3221 non
689 3154 850 3221 voluntas.
874 3152 1048 3234 »Accedit
1068 3151 1109 3219 ad

175 3269 244 3318 rem
264 3247 551 3329 confirmandam,
585 3245 735 3333 Gregorii
763 3245 829 3313 XVI
855 3244 1029 3317 instructio
1049 3264 1111 3333 per

176 3340 284 3411 Emin.
299 3337 750 3410 Lambruschinidicdbmaii
762 3337 849 3407 llldl
866 3342 905 3408 ad
915 3338 1108 3420 Primatem,

175 3433 459 3524 archiepiscopos,
482 3444 515 3503 et
533 3433 712 3524 Episcopus
729 3433 919 3523 hungariae
938 3434 1025 3515 data,
1043 3452 1110 3520 qua

175 3527 651 3615 praescribitur,matrimonia
670 3528 780 3611 mixta,
801 3549 867 3598 non
886 3539 1012 3600 serrata
1030 3524 1112 3592 an-
