2642 4175
300 365 344 410 nn
364 366 598 413 munnmnnrrs
616 368 817 415 ntrmnonn
938 360 1001 418 173

108 482 299 552 personae,
330 484 417 555 quae
438 485 507 535 non
526 477 604 536 suut
623 465 828 555 designatae,
850 471 1047 562 neutiquam

108 570 210 628 erunt
239 557 331 629 iliius
368 558 614 630 contrahendae
648 562 857 649 cognationis
896 585 1048 654 capaces.

107 648 205 721 Prior
224 652 388 722 sententia
421 654 516 723 nobis
547 653 653 744 magis
685 655 827 740 arridet,
851 660 1056 746 praesertim

108 745 197 833 quod
216 744 318 821 Cone.
349 746 580 817 'tridentinum
616 766 720 816 unum
757 760 904 831 statuat,
926 768 1047 843 nempe

52 851 58 858 ‘
107 857 174 908 non
194 840 394 910 contrahere
408 840 650 930 cognationem,
674 841 730 933 qui
753 844 838 913 ultra
857 845 1046 935 designatos

107 931 312 1022 suscipiunt,
344 934 496 1025 nihilque
515 936 674 1004 decernat
708 936 971 1024 designationem
992 940 1048 1010 hu-

10 1102 14 1109 ,
106 1025 252 1096 bendum
268 1047 351 1112 esse,
374 1038 413 1097 ut
431 1028 667 1111 conditionem,
686 1031 759 1098 sine
778 1052 844 1119 qua
859 1052 938 1100 nou.

165 1119 288 1201 Quaeri
309 1118 345 1189 3·
365 1132 498 1211 potest,
521 1124 548 1192 si
579 1142 676 1192 casus
702 1125 933 1212 contingeret,
956 1127 1045 1214 quud

10 1290 12 1301 Α
105 1213 231 1301 plures,
251 1234 352 1304 quam
374 1217 453 1301 duo,
474 1216 525 1285 vel
545 1216 611 1285 duo
631 1216 706 1301 uiri,
729 1218 779 1286 rei
799 1219 866 1286 duo
891 1218 1048 1299 feminae,

106 1319 217 1397 spreta
236 1308 407 1378 conciliari
441 1309 681 1398 dispositione,
705 1331 722 1379 a
751 1310 946 1399 parentibus
963 1313 1047 1382 desi·

106 1400 218 1488 gnati,
240 1403 383 1472 subinde
403 1423 421 1473 a
440 1403 608 1487 Parocho,
630 1422 689 1472 seu
710 1404 899 1493 baptizante
918 1416 1046 1476 temere

106 1494 240 1563 admissi
261 1496 411 1582 tuerint,
443 1498 720 1587 patrinorumque
749 1519 871 1568 munus
895 1501 1045 1589 explere·

104 1587 182 1671 rint,
204 1591 407 1661 contrahunt
437 1594 479 1661 rie
499 1610 614 1660 omnes
634 1592 865 1679 cognationem
886 1593 1044 1681 spiritua·

103 1681 191 1749 lurni
210 1682 478 1775 Respondemus,
499 1697 626 1755 certum
647 1684 728 1753 satis
748 1706 837 1770 esse,
861 1688 950 1777 quod
970 1689 996 1756 si
1018 1687 1042 1755 ii

103 1795 231 1858 omnes,
254 1777 311 1867 qui
334 1776 498 1867 designati
520 1788 552 1847 et
571 1779 706 1847 admissi
732 1791 832 1863 sunt,
854 1801 922 1849 nou
942 1779 1043 1849 simui

102 1868 286 1959 suscipiant
312 1870 542 1961 baptizatum,
577 1872 809 1960 cognationum
843 1874 1043 1945 contrahent

102 1962 167 2030 dno
185 1964 367 2047 dumtaxat,
388 1965 445 2055 qui
466 1966 574 2055 primo
597 1967 723 2056 pariter
740 1967 937 2056 suscipiunt,
956 1968 984 2036 si
995 1979 1043 2038 ta-

102 2075 178 2125 men
195 2057 323 2129 fuerint
342 2058 391 2127 vir
423 2070 467 2130 et'
484 2059 630 2143 mulier,
650 2079 689 2128 ea
719 2059 853 2149 quidem
883 2061 1011 2130 ratione
1030 2116 1040 2144 ,

106 2149 183 2239 quia
213 2173 328 2222 revera
363 2153 416 2222 isti
437 2153 582 2244 patrini,
604 2165 637 2221 et
660 2164 869 2241 susceptores
888 2165 966 2223 sunt
1001 2157 1042 2222 ad

103 2256 249 2315 mentem
281 2246 490 2331 Tridentium
510 2247 643 2340 quando
681 2246 821 2335 preinde
845 2246 893 2315 eis
918 2246 1042 2316 certius

105 2339 284 2410 accesserit
312 2341 531 2411 ministerium
563 2339 702 2430 patrini,
729 2359 788 2408 seu
821 2339 1038 2429 susceptoris,

104 2431 186 2501 alter
217 2433 275 2525 qui
314 2435 481 2524 suscipere
516 2434 677 2516 voluerit,
706 2433 851 2503 inveniet
883 2434 948 2501 iarn
982 2434 1041 2503 ha·

103 2524 261 2610 ptizatunr
284 2529 489 2611 exhibitum,
513 2540 546 2597 et
572 2548 673 2617 capax
693 2527 841 2597 eiusdem
864 2527 1040 2597 exhibendi

103 2621 244 2709 amplius
269 2622 433 2692 nouerit.
467 2622 601 2691 Certum
621 2620 749 2711 pariter
769 2632 818 2692 est
838 2621 929 2701 satis,
951 2624 1039 2712 qnod

103 2710 129 2778 si
148 2714 314 2805 designati
334 2716 405 2800 iili,
429 2725 594 2806 quotquot
627 2715 774 2798 fuerint,
804 2715 905 2784 simul
935 2715 1039 2784 susei-

102 2804 220 2892 piant‚
247 2820 363 2879 ornnes
384 2809 625 2897 ,cognationem
651 2809 849 2877 contrahant
882 2809 1039 2899 spiritua·

102 2899 191 2984 lem;
216 2903 261 2971 ita
282 2903 370 2971 enim
403 2903 549 2971 declarat
581 2903 756 2991 Fagnanus
784 2902 819 2971 in
853 2922 881 2970 c.
918 2903 976 2971 fin.
998 2904 1040 2971 de

103 3012 198 3082 cogn.
221 2995 329 3085 spirit.
363 3015 397 3065 n.
432 2995 466 3079 5;
489 3009 523 3066 et
541 3007 631 3065 reete
650 2995 804 3086 quidem,
837 2995 915 3085 quia
949 2998 982 3063 in
1002 3018 1037 3064 o·

104 3087 234 3166 mnibus
267 3088 448 3177 designatis
468 3102 500 3159 et
524 3089 677 3159 admissis
705 3110 722 3158 a
743 3087 891 3157 Parocho
923 3109 1038 3157 omnes

10 3225 12 3236 ,
103 3176 316 3252 inveniuntur
349 3170 578 3265 conditiones,
614 3204 700 3273 quae
734 3182 774 3249 ad
807 3181 1035 3270 cogitationem

103 3269 184 3344 hanc
201 3275 462 3346 contrahendam
484 3278 743 3366 expostulentur,
766 3295 841 3343 cunr
863 3294 974 3342 revera
995 3275 1037 3341 ab

102 3363 166 3452 iis,
184 3369 224 3438 ad
247 3389 331 3462 quus
364 3380 513 3460 spectat,
533 3370 696 3457 designati
727 3369 794 3438 sint
824 3379 857 3437 et
876 3365 1034 3451 admissi;

101 3460 231 3533 aiiunde
251 3485 337 3534 vero*
351 3464 594 3548 Tridentinum,
614 3463 740 3531 durnin
759 3484 819 3531 suu
835 3462 968 3531 decreto
986 3480 1036 3529 ve·

101 3555 163 3626 tuit
179 3555 291 3646 plures
321 3580 422 3648 quam
447 3559 529 3628 duos
556 3556 746 3646 designari,
770 3557 892 3626 iactum
923 3564 1047 3623 contra
