2642 4175
287 370 352 430 180
626 380 728 430 utenr
747 382 793 430 ut.

238 481 384 576 penatis,
407 492 446 552 ut
460 480 503 551 de
533 478 642 571 prima
660 479 744 553 satir
761 500 822 570 uer
840 500 876 552 se
895 494 1042 567 conatu,
1064 484 1105 556 da
1121 505 1175 560 ee·

238 577 346 650 cunda
374 596 413 647 es
440 575 515 664 lega
540 584 616 664 post
633 571 776 646 Uxorem
805 571 851 644 25
868 575 903 646 ff.
925 577 968 648 de
985 577 1114 668 adopt.;
1129 578 1176 654 ita

237 671 338 744 etium
358 689 427 740 non
445 668 554 739 oritur
573 666 758 759 spiritualia
780 669 958 757 enganno,
980 670 1045 741 uisi
1063 692 1175 762 reape-

237 779 293 837 ctu
308 764 413 856 ipsius
434 761 673 853 procuratoris,
692 762 752 854 qui
768 762 861 834 solus
873 783 1013 853 operam
1029 766 1178 840 utactio

237 880 315 930 uam
349 856 560 949 personalem
592 856 700 946 ponit.
731 855 881 928 Tertium
913 858 1047 930 undem
1076 879 1178 952 mgn-

238 964 388 1026 mentum
405 970 445 1023 an
462 949 527 1020 alia
546 949 689 1041 paritate
719 949 912 1022 manunt.
934 949 969 1024 Si
995 950 1104 1036 enim,
1124 952 1178 1028 in·

238 1047 372 1138 quiunt,
394 1043 563 1116 Paroohns
583 1042 681 1114 alteri
699 1044 887 1118 committat
917 1065 1040 1120 munus
1069 1045 1178 1137 napo·

237 1141 346 1225 nandi,
363 1138 518 1229 coguatio
536 1135 721 1232 spiritualis
739 1157 808 1208 nnn
828 1158 847 1209 u
863 1137 1018 1212 Peracto
1029 1139 1179 1212 commit·

131 1255 133 1260 ·
237 1246 354 1318 teate,
375 1235 434 1303 sed
458 1253 478 1302 a
498 1230 677 1302 Saeerrtota
694 1230 923 1304 commissario
942 1231 1176 1316 cantauitun

238 1330 327 1399 idam
347 1326 489 1419 proinde
507 1323 740 1396 affirmanoum
773 1327 979 1400 contundunt
997 1327 1039 1398 de
1058 1347 1177 1418 procu·

138 1485 143 1490 .
238 1432 367 1585 natare,
390 1420 482 1513 quod
500 1438 622 1509 nempe
641 1416 714 1512 ipre
731 1420 824 1492 solus
842 1419 1076 1516 cognationem
1098 1441 1177 1496 aaa·

237 1531 288 1588 tra
337 1526 363 1585 i.
1221 1571 1230 1584 ,

284 1612 327 1679 At
345 1605 438 1677 birca
457 1603 666 1695 argumentis
684 1625 753 1676 non
772 1601 992 1689 obstantibus,
1010 1606 1177 1682 aurosn-
1219 1690 1224 1701 ,

239 1704 319 1771 dum
350 1699 584 1782 ommonem,
610 1700 844 1788 cognationem
877 1700 1027 1772 contrahi
1062 1720 1177 1776 noua

236 1805 467 1885 procuratore,
490 1792 547 1863 sed
574 1815 593 1862 a
614 1791 815 1883 principaii,
836 1814 897 1866 seu
927 1794 1117 1868 mimante.
1138 1794 1179 1864 Et

236 1910 274 1961 ra
291 1889 427 1980 qnidam
447 1907 537 1971 rara,
557 1885 655 1957 iuxta,
667 1888 819 1976 regulam
840 1887 886 1956 m
900 1886 969 1958 inti
989 1912 1005 1955 r
1022 1887 1082 1977 qui
1101 1887 1178 1960 iacit

236 2003 297 2073 per
317 1983 419 2052 stium
439 1992 491 2052 est
503 1980 654 2071 perinde,
677 2001 716 2050 ac
734 1980 955 2070 ouomrpm
972 1980 1176 2071 seipsum.»

236 2078 305 2147 lam
325 2098 407 2148 vero
423 2075 452 2146 si
480 2076 667 2157 mandans,
694 2074 754 2166 qui
773 2095 834 2165 per
851 2085 1102 2166 procuratorem
1118 2074 1177 2150 bt·

236 2172 397 2261 ptizatum
417 2169 563 2261 suscepit
582 2190 602 2240 e
620 2189 716 2239 sacro
737 2170 841 2253 sonte,
862 2170 959 2241 illum
978 2168 1177 2259 suscepisset

236 2287 297 2355 per
316 2266 477 2356 seipsrrm,
499 2275 590 2333 certa
608 2264 828 2334 retinuisset
844 2263 1078 2353 cognationem
1106 2262 1176 2353 soi·

236 2361 406 2431 situatam.
425 2358 533 2448 Igitur
553 2357 704 2427 eamdem
718 2356 913 2439 contrahat,
934 2356 962 2426 si
983 2356 1101 2431 facerit
1117 2374 1177 2446 per

239 2464 510 2542 procuratorem.
540 2453 565 2519 t
598 2451 741 2545 paritate
760 2451 859 2521 etiam
880 2450 1025 2540 idipsum
1044 2449 1177 2525 contiu-
1298 2486 1299 2489 ¹

235 2547 337 2616 citur.
358 2545 421 2627 Qui
452 2564 513 2634 per
543 2558 794 2633 procuratorem
827 2543 1080 2617 matrimonium
1097 2563 1176 2615 con·

235 2639 364 2723 trahit,
390 2658 468 2708 vere
501 2637 692 2722 contrahit,
714 2638 854 2729 perinde
873 2659 912 2711 aa
940 2638 970 2709 si
1000 2638 1085 2713 iilud
1116 2656 1176 2727 par

234 2733 383 2824 seipsum
402 2730 644 2816 contraxisset3
667 2752 748 2819 ergo
768 2731 869 2803 etiam
898 2732 1010 2805 levans
1030 2731 1176 2820 boetica·

235 2834 306 2914 tum
327 2847 347 2896 e
366 2846 461 2896 sacro
480 2826 571 2899 tonte
590 2846 651 2916 per
672 2837 939 2915 procuratorem,
959 2845 1036 2897 vare
1055 2844 1177 2913 cogne-

237 2922 365 2991 tionem
385 2918 563 3001 contrahit,
585 2918 668 2989 acsi
684 2920 825 2990 levasset
850 2939 912 3009 per
928 2939 966 2990 se
984 2919 1108 3008 ipsum.
1128 2917 1175 2991 Ea

238 3014 338 3086 etiam
359 3028 461 3104 urget
477 3013 678 3083 ualidissima
698 3014 807 3097 roti03
840 3013 868 3083 si
895 3013 984 3083 euim
1016 3012 1175 3086 mandans

235 3129 304 3179 non
323 3108 422 3178 fieret
440 3127 517 3176 vere
536 3106 707 3197 patrinus,
729 3107 796 3179 iam
817 3106 1002 3196 spiritualis
1018 3103 1174 3195 baptisati

236 3215 398 3293 cognatus
417 3201 531 3272 nullus
545 3213 636 3270 certe
657 3201 824 3271 auderet.
837 3201 920 3271 Nam
936 3221 1005 3275 non
1023 3200 1177 3273 maneret
1281 3235 1284 3241 ,

147 3335 149 3338 ·
172 3372 174 3374 ,
236 3308 446 3389 procurator,
468 3295 593 3385 quippe
612 3294 671 3384 qui
690 3314 760 3364 non
776 3315 853 3379 sao,
868 3295 925 3365 sed
946 3293 1056 3367 alieno
1072 3290 1176 3365 uomi-

235 3411 279 3458 ne
292 3390 415 3478 patrini
436 3386 669 3459 munusobirc
685 3387 843 3459 intendit.
857 3388 1173 3459 theutonicarum

236 3494 287 3552 ast
305 3502 467 3565 asserere,
483 3483 574 3571 quod
593 3483 709 3552 nulius
726 3483 880 3560 evaderet
896 3502 995 3553 vertes
1012 3479 1176 3570 patrinus,

234 3587 270 3645 et
288 3575 470 3665 spiritualis
490 3585 650 3664 cognatus
669 3575 852 3666 baptizem
885 3575 934 3646 sic
959 3574 1049 3647 emim
1079 3572 1174 3642 ficret
