2642 4175
299 387 363 444 130
631 397 733 442 orror
750 397 796 440 tlt.

249 518 342 565 crum
369 496 511 565 votivum
542 517 602 584 pro
629 516 750 584 sponso
780 506 812 564 et
831 516 950 587 sponsa
980 495 1095 581 faciat,
1128 510 1185 565 aut

249 591 276 658 si
297 590 426 658 ratione
447 588 653 657 occurrentis
674 588 853 672 Dominioi,
878 600 934 658 aut
954 589 1091 658 alterius
1110 590 1183 659 festi

248 682 313 752 diei
335 703 466 752 sacrum
487 683 568 750 iilud
602 682 746 752 votivum
768 682 840 750 fieri
869 696 1029 773 nequeat,
1051 683 1181 751 Missam

248 776 393 845 celebret
413 777 453 844 de
474 775 527 843 die
547 775 719 845 Dominico
738 796 795 845 seu
815 777 910 855 festo,
930 776 1027 844 etiam
1054 778 1182 865 primae

249 869 374 952 classis,
397 870 495 958 eique
513 869 698 937 orationem
719 870 780 938 sub
799 869 952 938 distincta
970 871 1183 941 conclusione

153 976 154 979 ’
248 983 287 1031 ex
307 963 399 1032 decr.
422 962 454 1031 S.
477 962 515 1030 R.
537 962 573 1032 (1.
597 959 641 1031 EO
663 963 767 1052 April.
785 959 892 1044 tuan,
918 983 979 1052 pro
998 983 1119 1052 sponso
1150 979 1183 1033 et

247 1076 381 1145 sponsa,
403 1056 552 1145 aliasque
569 1077 630 1144 pro
648 1056 880 1125 benedictione
899 1057 1011 1146 sponsi
1030 1069 1063 1126 et
1082 1078 1182 1147 spon·

248 1169 303 1218 sae
324 1170 439 1239 preces
459 1149 673 1237 superaddat.
702 1149 818 1239 ltaque
838 1150 1031 1238 nuptiarum
1048 1150 1182 1220 benedi·
1205 1229 1210 1233 ,

246 1242 311 1310 ctio
331 1242 404 1311 fieri
425 1243 544 1330 nequit
564 1251 631 1309 toto
661 1242 781 1310 feriato
803 1255 977 1332 tempore;
1000 1263 1067 1313 nou
1095 1257 1183 1333 veta·

247 1348 300 1402 tur
321 1346 431 1404 tamen
457 1333 625 1423 parochus
644 1335 772 1404 Missam
793 1337 958 1406 currentis
978 1337 1056 1418 diei,
1080 1340 1182 1406 omis·

227 1427 290 1522 'sis
310 1428 488 1516 praedictis
523 1427 730 1498 orationibus
749 1441 782 1499 et
801 1430 973 1519 precibus,
997 1430 1179 1513 celebrare,

247 1530 347 1609 atque
364 1520 463 1589 etiam
484 1542 634 1611 sponsos,
657 1523 685 1591 si
702 1524 734 1591 id
756 1536 943 1612 exposcant,
960 1524 1181 1594 eucharistica

246 1615 329 1701 dape
349 1615 510 1698 reiicere3
541 1614 589 1683 eis
608 1616 736 1685 dicens:
772 1637 833 1705 ego
853 1638 909 1686 vos
929 1617 1094 1706 coniunge
1115 1629 1180 1687 eto.

244 1708 286 1775 nt
304 1706 442 1776 invaluit
462 1710 667 1778 consuetudo
687 1711 792 1777 ferme
812 1709 1010 1792 communis,
1028 1721 1065 1778 ut
1081 1732 1183 1800 paro·

245 1800 327 1869 obus
360 1802 478 1871 feriato
505 1815 652 1891 tempore
683 1803 808 1891 nuptiis
832 1825 899 1873 uon
932 1804 1086 1887 assistat,
1116 1805 1182 1873 nisi

245 1893 391 1981 primum
416 1896 457 1964 ab
488 1896 650 1985 Episcopo
675 1896 804 1965 veniam
838 1897 1077 1987 impetraverit.
1099 1897 1182 1967 Vide

245 1986 366 2058 Bened.
387 1989 454 2057 XIV
473 1991 553 2059 lnst.
583 1988 644 2073 80,
668 2010 703 2057 n.
726 1987 783 2057 15.

558 2225 561 2232 =
663 2212 757 2302 §aa

478 2345 752 2435 tto'protuttttone
777 2366 946 2423 Ecclesiae.

292 2546 444 2612 Alterum
464 2543 739 2632 impedimentum
764 2556 814 2613 est
845 2544 1011 2613 Ecclesiae
1027 2545 1178 2628 uetitum,

246 2639 334 2729 quod
348 2636 459 2706 latiori
475 2657 573 2705 sensu
588 2649 758 2726 acceptum
774 2640 870 2726 plura
887 2636 1045 2720 continet,
1057 2656 1182 2726 nempe

245 2753 288 2801 ne
308 2731 556 2799 matrimonium
578 2731 794 2800 contrabatur
814 2732 939 2821 absque
952 2730 1183 2799 denuntiatio·

245 2825 356 2907 nibus,
379 2824 559 2914 dequibus
580 2826 645 2893 iam
667 2823 764 2893 verba
782 2824 931 2907 fecimus,
954 2844 996 2892 ne
1016 2824 1074 2891 fiat
1103 2844 1182 2892 cum

246 2918 411 2987 haeretica
431 2939 468 2987 ac
497 2917 724 2997 schismatica,
744 2939 787 2987 ne
809 2919 941 2987 tandem
966 2916 1184 2986 contrahatur

246 3033 265 3079 a
289 3012 366 3080 filiis
396 3012 538 3081 familias
566 3013 689 3101 absque
717 3029 883 3080 ‘consensu
914 3022 1114 3100 parentum,
1140 3011 1183 3079 de

247 3105 368 3195 quibus
386 3107 427 3174 ob
459 3106 616 3175 materiae
637 3105 922 3185 coniunctionem,
943 3104 999 3172 ubi
1018 3105 1060 3172 de
1076 3103 1184 3264 imqe·

247 3200 402 3269 dimentis
422 3199 655 3268 dirimentibus
673 3199 737 3267 erit
754 3220 877 3268 sermo.
899 3199 993 3267 Modo
1012 3198 1052 3266 de
1069 3196 1132 3265 Ecc
1148 3217 1184 3280 e-

245 3294 313 3362 siae
340 3293 465 3376 vetitu,
497 3294 586 3382 quod
606 3287 743 3383 proprio
776 3314 815 3361 ao
834 3292 948 3361 stricto
983 3311 1082 3359 sensu
1110 3302 1182 3358 tum

118 3430 134 3436 -
247 3385 397 3469 obtinet,
437 3406 511 3454 curn
544 3387 585 3454 ob
615 3387 734 3455 iustam
768 3407 900 3455 causam
931 3386 981 3454 vel
1004 3384 1184 3453 Romanus

247 3477 396 3547 Pontifex
411 3481 460 3548 vel
481 3479 661 3569 Episcopus
675 3480 854 3564 interdicit,
874 3500 915 3548 ne
931 3477 1182 3547 matrimonium

247 3573 477 3642 contrabatur.
500 3574 569 3642 Hoc
590 3585 699 3643 tamen
723 3586 771 3644 est
794 3573 970 3643 discrimen
992 3573 1078 3642 inter
1095 3570 1186 3640 Pon·
