2642 4175
338 342 383 386 nn
401 340 637 387 mrnnmnurrs
654 303 864 389 immuniounx
948 332 1014 392 337

23 443 24 446 ’
125 438 213 508 teria
230 439 430 507 sacrementi
448 449 548 507 sunt:
570 461 584 503 i
604 420 684 520 sive,
700 450 737 506 ut
749 439 848 508 verba
867 440 899 510 S.
918 441 1065 515 Tiiomac

127 532 264 601 iterum
280 551 481 619 usurpemus
502 555 517 597 c
538 542 630 599 actus
661 532 864 622 exteriores,
902 548 935 606 et
964 537 1062 608 verba

128 623 347 712 exprimentia
381 644 578 694 consensum
618 624 742 694 directe
781 626 907 696 laniunt
943 648 1064 700 nexum

23 721 27 756 r
128 716 332 805 quemdam,
367 719 425 806 qui
453 730 502 786 est
528 729 772 786 sacramentum
807 720 1060 792 matrimonii»

127 809 305 878 Praeterea
324 810 521 880 Benedictus
539 810 605 878 XIV
634 811 675 880 de
695 809 773 901 Syn.
796 811 942 882 Dioeces.
974 816 997 883 i.
1032 814 1064 898 6,
1095 881 1105 894 ,

23 899 24 960 ἶ
129 923 160 978 e.
183 900 221 969 7:
247 926 262 968 c
286 901 416 973 Scimus
433 905 590 992 proiecto,
610 902 668 983 ait,
691 923 763 973 csse
783 904 980 994 Theologos‚
1006 911 1063 997 qui

23 1005 24 1060 ξ
130 996 165 1064 in
183 994 256 1085 ipso
269 994 419 1065 fidelium
440 996 653 1065 matrimonio
678 1008 884 1068 contractum
911 1019 928 1066 a
954 1017 1064 1070 sacra·

23 1147 24 1154 ,
128 1101 242 1158 mento
258 1087 304 1157 ita
333 1089 500 1172 dividunt,
521 1102 558 1159 ut
587 1089 683 1157 ilium
711 1090 846 1160 omnino
879 1092 1062 1179 perfectum

129 1182 331 1271 quandoque
345 1183 526 1252 consistere
538 1184 686 1264 credant,
704 1182 784 1271 quin
805 1184 845 1251 ad
866 1185 1063 1254 sacramenti

128 1274 356 1343 excellentiam
377 1278 556 1365 pertingat.
596 1274 659 1344 Sed
681 1275 843 1364 quidquid
872 1275 915 1345 sit
941 1277 981 1347 de
1002 1275 1065 1348 hac

128 1366 299 1455 opinione,
319 1389 419 1457 quam
440 1389 500 1439 nos
520 1368 655 1458 quidem
676 1388 765 1436 nuno
784 1369 818 1437 in
837 1368 946 1438 medio
965 1371 1064 1440 relin-

128 1460 276 1548 quimus,
293 1458 386 1550 (quid
403 1464 443 1529 de
470 1461 532 1530 duo
567 1462 719 1550 opinione
747 1463 952 1531 sentiendum
976 1484 1062 1533 aurio

126 1554 181 1636 sit,
199 1561 276 1641 pust
295 1554 468 1623 solemnem
494 1555 647 1644 loquendi
664 1556 836 1623 modumo
860 1555 922 1624 Pio
940 1553 993 1624 IX
1014 1578 1065 1625 en-

123 1647 275 1734 prcssius
294 1647 491 1730 adhibitum,
506 1649 656 1736 superius
674 1648 832 1738 dicineus)
855 1669 892 1717 ea
910 1661 999 1720 certe
1018 1651 1063 1719 io·

127 1759 204 1806 cum
224 1739 356 1808 nuilum
382 1739 549 1810 vindicare
569 1740 631 1810 sibi
664 1734 771 1828 potest
790 1742 876 1829 apud
899 1762 982 1826 eos,
1004 1743 1062 1832 qui

128 1830 323 1902 Tridentino
339 1834 413 1922 lege
430 1833 695 1921 obstringuntur:
718 1833 840 1902 etenim
860 1834 916 1923 qui
930 1846 1062 1923 praeter

129 1925 273 1993 formam
294 1946 361 1994 ase
376 1926 613 2016 praescriptam
630 1923 880 1994 matrimonium
900 1937 1063 1997 attentant

130 2037 248 2085 eorum
267 2017 460 2091 drideniiaa
478 2018 629 2112 Synodus
645 2038 712 2085 non
730 2029 974 2086 sacramentum
992 2038 1063 2089 mo·

129 2111 183 2190 do,
203 2111 262 2180 sed
277 2123 482 2183 contractum
499 2115 607 2203 ipsum
623 2111 755 2180 irritum
777 2108 900 2181 diserte
919 2131 1064 2200 pronun·

127 2203 207 2286 tiat,
230 2215 356 2293 utque,
388 2217 425 2275 ut
451 2207 523 2276 eius
549 2205 656 2276 verbis
685 2215 842 2286 utamur,
879 2223 935 2272 cos
955 2205 994 2272 ad
1015 2203 1063 2273 sic

129 2295 394 2367 contrahendum
414 2299 550 2369 omnino
570 2295 734 2367 inhabiles
755 2295 874 2380 reddit,
898 2307 930 2365 et
950 2296 1063 2366 huius·

130 2390 219 2458 modi
237 2401 425 2461 contractus
445 2392 557 2462 irritos
576 2412 647 2461 esse
667 2390 827 2460 decernit.
850 2412 865 2457 a

175 2482 385 2553 Adulterum
413 2496 645 2573 argumentum
676 2485 765 2574 quod
799 2491 940 2572 spectat,
974 2481 1060 2553 ultro

129 2575 275 2644 fatemur
294 2577 542 2646 matrimonium
564 2578 673 2647 adhuc
694 2597 764 2646 esse
784 2584 1000 2658 contractum,
1029 2588 1061 2646 et

130 2681 376 2738 sacramentum
390 2690 456 2739 non
470 2673 646 2747 ,destruere
660 2682 877 2752 contractum,
891 2669 947 2738 sed
959 2688 1061 2756 nega·

63 2806 68 2810 -
129 2782 203 2830 mus
218 2761 340 2850 primo,
362 2765 485 2832 realem
506 2763 577 2833 dari
597 2763 841 2833 distinctionem
871 2762 959 2829 inter
983 2782 1061 2829 oon·

129 2866 273 2923 tractum
294 2867 328 2925 et
346 2869 608 2938 sacramentum,
630 2856 779 2945 adeoque
800 2866 951 2922 tenemus
983 2872 1061 2920 con·

130 2945 278 3035 iugium,
300 2948 334 3017 in
353 2970 414 3018 suo
434 2960 595 3037 conceptu
615 2947 770 3028 formali,
793 2964 830 3013 ac
850 2944 994 3033 practico
1013 2944 1060 3012 nil

132 3039 321 3122 aliudesse,
342 3062 442 3131 quam
463 3052 668 3111 contractum
686 3038 871 3108 naturalem
898 3036 937 3105 ad
958 3035 1062 3123 digni-

134 3142 233 3202 tatem
249 3135 447 3204 sacramenti
470 3135 609 3205 elatum.
641 3133 722 3202 Nam
750 3129 840 3211 iicet,
862 3128 1061 3232 speculatiye

132 3227 273 3312 quadam
298 3228 428 3298 ratione
454 3226 582 3317 concipi
608 3236 719 3295 mente
750 3221 854 3312 possit
884 3220 995 3308 aliqua
1027 3239 1061 3287 rn

132 3338 208 3388 casu
227 3320 406 3404 distinctio,
426 3331 686 3411 reapsetamen,
707 3329 739 3386 et
754 3317 788 3385 in
812 3326 965 3384 concreto
983 3332 1060 3419 clon-

133 3419 255 3483 tractus
273 3426 307 3483 et
322 3426 566 3484 sacramentum
587 3414 669 3482 duas
687 3420 855 3500 separatas
884 3428 923 3476 ae
942 3406 1061 3479 divisas

73 3582 78 3593 Ι
134 3506 286 3576 entitatos
316 3508 423 3578 reales
454 3508 547 3576 nullo
577 3507 675 3576 modo
704 3504 889 3586 adornant,
911 3500 1060 3588 adeoque

221 3643 257 3694 De
275 3638 436 3692 Matrimonia
463 3698 466 3703 ¹
959 3634 992 3682 Ἠ
