2642 4175
196 354 203 367 ·
294 319 360 377 sto
629 333 734 378 caron
749 333 797 378 111.

247 449 334 521 quae
353 441 464 500 tamen
484 429 578 499 irrita
598 440 677 499 sunt
694 429 738 499 ob
761 429 1023 500 ecclesiasticum
1042 429 1174 520 impedi-

247 534 397 595 mentum
416 523 551 592 secundi
572 522 697 612 gradus
716 522 896 607 affinitatis,
917 524 966 594 rel
984 524 1173 611 consangui-

247 617 373 686 nitatis.
388 639 403 682 ι
416 616 461 684 Ex
476 614 716 686 consuetudine
733 635 810 684 vero
825 615 978 707 Episcopi
994 616 1176 704 dispensant

248 729 350 799 snper
371 708 617 798 impedimentis
641 707 910 798 impedientibus,
932 709 1078 799 exceptis
1096 729 1176 798 qnae

247 812 447 891 sequnntur,
465 800 619 871 videlieet
634 800 671 869 10
689 801 927 890 impedimento
945 815 1019 872 orto
1033 822 1071 871 ex
1084 822 1176 891 spon·

245 896 373 965 salibus
399 893 541 978 validis,
574 914 659 984 quae
692 894 794 963 altera
821 907 915 983 parte
940 894 1039 963 invita
1058 894 1177 964 remitti

249 988 322 1058 sine
343 986 446 1076 ipsius
466 987 587 1056 iniuria
607 1006 674 1056 non
695 998 832 1077 possunt
840 1010 849 1070 ;
881 986 918 1055 2⁰
944 987 1175 1076 impedimento

249 1081 464 1170 proveniente
485 1101 523 1149 ex
542 1092 617 1149 voto
636 1079 779 1169 simplici
800 1079 958 1150 castitatis
977 1091 1175 1170 perpetuae,

248 1186 306 1242 aut
317 1173 552 1262 ingrediendae
565 1171 737 1261 religionis
763 1174 977 1261 approbatae;
1000 1172 1177 1242 haecenim

249 1278 332 1350 vota,
361 1266 424 1335 nisi
448 1265 672 1335 conditionata
691 1266 833 1348 luerint,
866 1266 1014 1335 Romano
1033 1264 1178 1335 Pontifici

249 1371 413 1428 reservata
441 1370 519 1427 sunt
531 1380 540 1441 3
561 1356 599 1426 30
618 1357 866 1448 impedimento,
887 1360 976 1448 quod
997 1379 1035 1427 ex
1054 1358 1177 1427 haeresi

252 1451 448 1520 alterutrius
462 1450 687 1520 contrahentis
706 1464 815 1520 ortum
836 1452 969 1535 babeot3
990 1450 1028 1518 4⁰
1041 1452 1180 1541 denique

251 1543 490 1632 impedimento
504 1555 578 1613 orto
592 1564 630 1612 ex
644 1555 794 1633 ternpore
810 1544 989 1632 prohibito,
1013 1544 1091 1634 quia
1108 1544 1180 1632 Epi·

250 1656 372 1724 scopus
385 1635 504 1726 nequit
519 1636 724 1725 dispensare,
741 1649 778 1707 nt
792 1638 983 1727 nuptiarum
999 1637 1180 1706 benedictio

248 1728 407 1798 solemnis
427 1749 520 1798 more
535 1743 694 1799 consueto
708 1730 918 1799 adhibeatur.
935 1728 1103 1799 tiuesu.
1115 1729 1178 1798 RB.
1206 1805 1211 1810 ,

144 1855 146 1862 ·
252 1818 298 1889 23
316 1821 390 1892 lun.
410 1818 515 1890 1853.
533 1822 619 1892 Num
637 1834 748 1892 autem
766 1843 804 1892 ex
821 1821 1060 1893 consuetudine
1077 1822 1180 1891 nanci-

247 1914 294 1983 sci
314 1915 495 2004 Episcopus
513 1914 618 2004 possit
637 1915 689 1984 ius
713 1915 923 2004 dispensandi
944 1937 1043 2005 super
1069 1916 1176 2005 aliquo

249 2008 488 2103 impedimento
501 2009 646 2097 publico,
658 2010 748 2099 quod
764 2009 975 2078 matrimonio
989 2007 1094 2077 valide
1109 2027 1180 2077 con·

247 2102 412 2174 trahendo
429 2102 579 2186 obsistat,
596 2101 747 2192 quaestio
768 2115 819 2173 est
839 2104 880 2171 de
899 2124 964 2194 qna
985 2102 1058 2171 ride
1075 2113 1181 2171 aucto·

221 2196 225 2203 '
248 2215 302 2264 res
322 2207 355 2265 et
375 2196 568 2286 praesertim
585 2195 708 2266 Bened.
723 2194 790 2263 XIV
804 2197 845 2265 de
864 2193 943 2287 Syn.
962 2195 1071 2265 Ilioeo.
1093 2197 1117 2263 l.
1139 2192 1177 2276 9,

248 2310 280 2356 c.
302 2286 344 2357 E,
357 2288 512 2368 Quaestio
531 2289 615 2358 baec
629 2309 669 2358 eo
687 2298 754 2358 tota
769 2289 950 2370 reducitur,
968 2299 1007 2358 ut
1023 2288 1178 2368 videatur,

249 2400 291 2448 an
311 2383 516 2450 consuetudo
536 2380 629 2465 baec,
649 2381 712 2451 etsi
733 2381 1018 2464 immemorabilis,
1048 2392 1104 2450 aut
1122 2381 1180 2450 sal·

249 2485 316 2542 tem
337 2474 553 2556 centenaria,
576 2474 817 2544 ecclesiasticae
836 2474 1030 2563 disciplinae
1046 2492 1178 2542 nervum

249 2565 447 2654 disrumpat.
471 2565 595 2654 Duplex
627 2568 721 2637 adest
751 2567 928 2637 sententio.
955 2567 1035 2636 Vide
1062 2566 1179 2635 Bened.

249 2657 316 2725 xlv
329 2679 385 2747 op.
404 2670 438 2728 et
453 2659 516 2727 loc.
540 2659 597 2728 cit.
618 2660 659 2728 m
675 2680 752 2730 rero
773 2660 800 2728 si
821 2673 940 2747 agatur
959 2661 999 2729 de
1015 2659 1180 2728 matrimo-

250 2750 306 2820 nio
327 2751 393 2821 iam
413 2752 543 2841 publice
561 2764 741 2838 contracto,
760 2763 888 2823 certum
903 2763 1002 2823 estex
1023 2772 1177 2822 consensu

182 2856 184 2859 ’
250 2844 402 2914 omniurn
420 2845 597 2916 Doctorum
611 2846 791 2938 Episcopos
804 2846 996 2936 dispensare
1014 2866 1112 2935 posse
1126 2863 1180 2934 pro

247 2938 323 3006 loro
343 2938 475 3008 interno
495 2959 597 3047 super
615 2939 854 3028 impedimento
884 2938 1086 3022 dirimente,
1110 2957 1180 3026 pro·

249 3041 324 3120 pter
344 3032 432 3120 qnod
451 3032 700 3102 matrimonium
717 3032 805 3102 idem
820 3031 962 3101 invalide
978 3041 1178 3101 contractum

250 3124 304 3206 sit,
321 3124 374 3193 his
387 3137 497 3194 tamen
511 3124 768 3195 circumstantiis
782 3125 884 3195 simul
897 3123 1177 3201 concurrentibus,

251 3229 289 3287 ut
307 3216 345 3284 10
364 3217 612 3287 matrimonium
633 3218 668 3287 in
689 3219 815 3308 'faciem
845 3217 1013 3289 Ecclesiae
1032 3215 1180 3285 omnibns

251 3310 410 3380 adhibitis
428 3311 694 3381 solemnitatibus
705 3323 740 3382 et
751 3311 837 3380 hona
857 3312 973 3380 saltem
994 3307 1180 3378 alterutrius

252 3401 319 3469 fide
339 3403 542 3473 celebratum
562 3404 606 3475 sit
624 3417 658 3475 et
675 3416 961 3488 consummatum,
989 3401 1027 3470 2⁰
1046 3397 1181 3490 Impedi-

253 3505 403 3563 mentum
423 3497 467 3566 sit
482 3499 670 3581 occultum,
689 3496 725 3567 3⁰
743 3498 933 3586 coniugum
950 3493 1116 3585 separatio
1140 3489 1179 3561 si·
