2642 4175
368 328 412 370 nn
429 327 666 372 manumnuars
684 328 884 374 uuunmouu
983 315 1047 373 135

154 425 348 494 indicantur
365 423 418 492 ius
438 443 558 494 novum
579 424 781 495 constituere
803 424 962 516 passima
984 429 1096 499 docto·

154 519 249 587 ribus
270 517 444 586 dicuntur:

295 685 385 750 Error,
404 685 527 750 conditio,
545 695 644 750 votum,
658 690 787 756 cognatio,
806 689 916 751 crimen,

294 763 389 816 curtus
401 763 550 833 disparitas,
568 766 617 827 vis,
631 766 706 827 ordo,
724 767 848 833 ligamen,
866 768 995 831 honestas,

295 841 324 891 Si
343 842 378 893 sis
394 841 487 904 affinis,
505 842 525 892 si
544 842 610 894 forte
627 843 698 893 coire
716 844 847 910 rreqnibis,

296 917 324 970 Si
342 917 463 980 Paroohi,
482 928 507 968 et
525 917 638 985 duplicis
656 919 723 970 desit
740 919 883 986 praesentia
901 920 988 981 testis,

297 993 433 1061 Raptaque
452 994 487 1044 sit
504 993 610 1057 mulier,
624 1010 672 1046 nec
691 996 759 1062 parti
779 994 880 1047 reddita
892 1002 979 1058 tntae3

295 1067 366 1121 Haec
384 1068 500 1121 facienda
519 1077 606 1122 vetant
624 1071 766 1134 connubia,
785 1072 851 1123 lacta
869 1078 1018 1123 retractant.

204 1259 295 1327 Haeo
309 1258 438 1347 singula
457 1258 766 1348 impedimentanon
778 1260 892 1329 eadem
903 1259 1098 1328 auctoritate

159 1352 339 1421 constituta
362 1364 450 1422 suut:
471 1354 581 1441 aliqua
604 1353 692 1421 euim
708 1374 724 1421 a
741 1352 976 1436 incenatum,
995 1353 1096 1442 alia-a

159 1447 230 1515 iure
247 1445 401 1535 positivo,
421 1460 454 1516 et
474 1467 513 1516 so
530 1445 665 1535 quidem
680 1446 728 1515 vel
744 1445 865 1530 divino,
881 1447 931 1515 rel
950 1446 1095 1515 humano

157 1551 326 1627 acceptam
347 1538 511 1628 originem
537 1540 699 1623 referunt,
718 1542 805 1629 quod
825 1540 894 1609 suis
913 1540 994 1610 locis
1012 1539 1099 1608 indi·

157 1633 322 1702 oahimus
335 1632 1100 1723 Atvcroimpedimentadirimentiarclanteoe·

157 1725 269 1796 dentis
287 1738 389 1810 sunt,
413 1747 498 1816 quae
519 1726 663 1796 existunt
688 1739 764 1796 ante
786 1726 988 1797 matrimonii
1010 1727 1097 1797 cele·

157 1821 357 1902 brationem,
380 1780 429 1889 ’vel
449 1814 734 1909 supervenientia,
758 1842 843 1911 quae
865 1842 904 1890 eo
925 1831 1095 1890 contracto

157 1913 326 1982 oriuntur
349 1913 403 1982 Vis
422 1914 599 1983 dirimendi
624 1915 824 2003 regulariter
840 1934 905 1983 uon
926 1914 1012 1983 inest
1030 1913 1094 1981 nisi

157 2006 414 2097 impedimento,
437 2008 524 2099 quod
549 2008 683 2097 nuptias
703 2008 898 2091 antecedat,
925 2008 975 2074 rel
994 2007 1098 2075 comi-

157 2112 272 2184 tetur;
304 2102 331 2170 si
360 2102 447 2190 quod
480 2101 753 2190 impedimentum
787 2101 853 2169 iam
881 2099 1097 2169 matrimonio

156 2194 218 2264 rite
241 2205 415 2264 ¹contracto
443 2193 685 2284 superveniat,
721 2193 883 2261 notabiles
914 2192 1093 2280 quosdam,

157 2287 233 2356 licet
255 2286 411 2371 diversos,
431 2288 566 2358 effectus
587 2287 698 2357 habet.
722 2286 852 2375 Triplex
873 2285 966 2354 adest
986 2303 1092 2368 casus,

156 2381 189 2449 in
219 2401 288 2470 quo
316 2381 565 2450 matrimonium
584 2380 691 2449 valide
722 2390 925 2449 contractum
946 2376 1095 2446 dissolvi·

158 2485 221 2558 tur,
244 2473 407 2562 professio
431 2472 585 2562 religiosa
604 2484 755 2564 pernota
786 2471 945 2542 solemnia
966 2490 1097 2539 uranon·

157 2580 229 2655 pata
247 2577 324 2635 ante
343 2566 674 2649 consummationem,
696 2566 870 2636 dissolutio
890 2563 1095 2642 matrimonii

157 2680 220 2729 non
238 2660 459 2730 consummati
477 2661 560 2729 saeta
578 2681 595 2729 a
611 2658 643 2729 S
665 2659 836 2742 Pontifioe;
855 2670 888 2728 et
900 2678 994 2728 casus
1012 2659 1096 2747 Apo·

155 2753 244 2822 stoli.
268 2753 457 2823 Attamen
449 2774 482 2821 in
501 2752 575 2822 aliis
601 2754 732 2822 casibus
751 2755 843 2822 valde
864 2752 1026 2822 notabiles
1055 2751 1099 2820 ef·

156 2847 260 2916 iectus
280 2846 404 2931 habet,
427 2847 470 2917 ita
490 2858 527 2915 nt
547 2847 631 2916 hanc
650 2858 819 2937 receptam
841 2846 1096 2952 impedimento-

155 3030 289 3102 Sohulte
327 3033 508 3102 Handbuclr
545 3035 602 3103 des
641 3033 875 3104 Katholisoheu
912 3030 1094 3100 Eherechts

155 3124 290 3196 tliesscn
310 3124 403 3195 1855
423 3148 458 3216 p
480 3125 496 3192 l
517 3131 566 3210 ξ
586 3126 607 3196 6
627 3127 673 3195 De
699 3126 840 3214 singulis
861 3125 950 3193 iuxta
971 3143 1093 3212 propo·

155 3219 279 3399 ῗίἕίίιῗὲηΓ
278 3221 431 3344 ordinem
463 3220 703 3290 versiculorum
736 3218 912 3287 dicendum
946 3228 1008 3285 est.
1048 3213 1096 3282 Sit
