2642 4175
304 390 370 448 234
641 402 742 449 carun
752 402 799 445 m.

256 521 339 570 nans
358 500 467 570 adbuc
486 499 615 569 dirimit
634 498 882 570 matrimonium
905 519 1011 589 usque
1031 499 1073 567 ad
1093 519 1198 588 quur·

257 606 325 662 tum
348 594 487 682 gradum
508 592 685 677 inclusive,
707 593 830 663 sivero
851 592 993 663 affinitas
1012 613 1051 661 err
1069 595 1196 682 copula

255 686 369 756 illicita
385 707 444 756 seu
462 686 652 770 tornioaria,
675 686 929 757 autadulterino
950 686 1134 770 exoriatur,
1157 708 1197 756 ex

254 780 325 849 dec.
342 778 421 870 Syn.
436 780 528 849 Trid.
544 800 624 850 sess.
637 780 744 863 lllllV,
760 800 832 870 cap.
849 780 926 849 lde
940 779 1012 848 llos.
1028 778 1193 864 llatrim,

255 875 294 942 ad
308 875 627 944 secundumtantum
636 875 777 962 gradum
792 873 949 942 inclusive
961 873 1095 961 nuptias
1111 872 1197 941 diri·

255 966 394 1048 mit;ibi:
410 966 604 1038 «Praeterea
615 966 647 1035 S.
658 966 810 1059 Synodus
818 965 1019 1056 gravissimis
1026 966 1068 1034 do
1079 965 1196 1035 causis

254 1058 1196 1151 adductaimpedimeutum,quodpropterolfinitatemex

252 1153 470 1223 fornicatione
483 1167 685 1225 contractam
700 1154 879 1237 inducitur,
889 1166 923 1224 et
935 1152 1194 1221 matrimonium

253 1257 365 1336 postea
382 1249 504 1316 factum
522 1248 658 1324 dirimit,
676 1249 716 1316 ad
735 1268 792 1316 eos
816 1257 968 1331 tantum,
991 1246 1050 1335 qui
1071 1246 1106 1313 in
1126 1246 1196 1335 pri·

254 1358 309 1409 mo
338 1350 372 1409 et
401 1341 546 1410 secundo
574 1341 681 1429 gradu
701 1340 971 1430 coniunguntur,
994 1337 1193 1427 restringit;

253 1435 287 1502 in
318 1433 535 1501 ulterioribus
560 1454 638 1503 vero
668 1434 826 1523 gradibus
856 1433 971 1504 statuit
994 1432 1196 1501 huiusmodi

245 1526 451 1612 affinitatem
471 1526 722 1596 matrimonium
754 1539 867 1616 postea
894 1536 1100 1596 contractum
1123 1546 1195 1595 nou

253 1619 424 1688 dirimere.
445 1642 459 1683 r
482 1618 575 1699 Quod
596 1620 732 1709 quidem
758 1620 896 1689 uberius
925 1620 1034 1688 adbuc
1053 1618 1090 1687 S.
1111 1617 1198 1689 Pius

254 1713 331 1781 Vin
353 1712 491 1781 Constit.
530 1712 614 1780 «ab
634 1712 868 1783 contituit»
903 1713 1104 1796 declararit,
1136 1716 1196 1785 ubi

254 1806 326 1874 ait:
352 1828 367 1871 r
386 1806 452 1874 Nos
471 1826 604 1875 omnem
624 1806 875 1895 ambiguitatem
906 1808 1046 1889 tollere,
1069 1817 1103 1874 et
1125 1810 1197 1879 ani-

256 1918 385 1967 marum
405 1899 662 1989 tranquillitati,
684 1912 846 1989 quantum
865 1921 942 1968 cum
974 1898 1040 1968 lieo
1071 1920 1197 1988 possu-

255 2013 340 2073 mus,
361 1994 535 2061 consulere
555 1994 719 2072 volentes,
733 1994 952 2076 declaramus,
981 2004 1014 2062 et
1042 1997 1196 2066 auotori-

255 2098 322 2156 tato
341 2085 526 2175 Apostolica
544 2087 767 2169 decernimus,
783 2087 911 2156 nullum
933 2086 1032 2156 bodie
1046 2084 1197 2177 impedi·

254 2191 403 2250 mentum
424 2201 610 2260 remanere,
631 2181 811 2270 quominus
829 2180 862 2248 in
882 2179 1100 2250 ulterioribus
1113 2204 1195 2272 grn-

253 2273 349 2342 dibus
380 2273 570 2342 huiusmodi
604 2273 710 2343 libere
743 2294 781 2343 ac
813 2273 902 2343 licite
936 2273 1194 2348 matrimonium

253 2365 404 2436 contrabi
421 2366 537 2454 possit.
563 2366 777 2448 »Quaeritur
803 2366 869 2451 bic,
892 2387 934 2435 an
964 2367 1004 2434 od
1030 2381 1193 2457 quartum

253 2460 392 2547 gradum
426 2460 621 2529 extendatur
644 2460 786 2530 affinitas
811 2481 850 2529 ex
869 2460 1082 2529 matrimonio
1109 2484 1194 2534 con-

131 2596 140 2605 ‚
253 2564 429 2629 summoto,
444 2553 500 2620 sed
522 2551 690 2622 invalido?
704 2554 771 2621 lam
798 2573 875 2622 vero
895 2553 923 2622 si
937 2552 1193 2626 matrimonium

253 2655 519 2714 consummatum
540 2657 590 2714 est
618 2646 705 2715 bona
730 2647 796 2714 fide
828 2667 867 2715 ex
896 2656 1039 2735 utraque
1068 2661 1191 2737 parte,

253 2739 382 2806 nullum
401 2738 516 2807 adesse
536 2739 676 2808 dubium
693 2739 836 2820 ridetur,
858 2738 939 2829 quin
960 2740 1000 2809 ad
1029 2754 1191 2830 quartum

253 2831 392 2919 gradum
414 2830 556 2901 affinitas
573 2833 783 2903 extendatur.
804 2830 837 2900 S.
853 2832 892 2901 C.
912 2832 948 2902 C.
974 2832 1007 2900 in
1021 2831 1189 2905 brixiens.

253 2923 396 2994 Matrim.
419 2922 729 2995 encaemorum
756 2925 824 3013 agit
850 2926 891 2994 de
913 2945 991 2994 casu
1017 2926 1192 2999 huiusmo-

253 3017 298 3101 di,
315 3038 460 3107 namque
479 3019 540 3101 vir,
564 3030 740 3109 postquam
761 3019 1011 3088 matrimonium
1031 3038 1191 3090 consum·

254 3123 376 3180 matum
387 3132 404 3180 a
417 3112 666 3181 sedeolaratum
679 3112 882 3181 luitirritum
896 3111 939 3180 ob
954 3115 1193 3202 consanguini-

253 3217 366 3286 tatem,
376 3225 477 3294 quum
489 3217 683 3294 praetensae
696 3226 775 3274 suae
784 3205 895 3273 uxoris
904 3207 1190 3294 consanguineam

252 3298 399 3367 intentio
416 3298 520 3386 gradu
538 3299 659 3367 ducere
678 3299 787 3381 vellet,
804 3297 837 3366 S.
853 3298 889 3389 6.
907 3299 1067 3387 reposuit:
1087 3300 1191 3368 «Nou

252 3411 358 3478 posse,
377 3390 526 3459 obstante
547 3391 594 3459 illi
615 3391 854 3480 impedimento
874 3401 944 3461 tom
960 3392 1115 3481 publicae
1127 3393 1191 3462 bo·

252 3482 400 3563 uastatis,
418 3494 488 3551 tum
504 3484 686 3553 affinitatis.
706 3484 811 3552 «Vide
824 3484 926 3553 decis.
945 3484 979 3552 in
995 3484 1123 3554 Valent.
1140 3485 1188 3554 15

250 3578 330 3664 ltpr.
351 3572 458 3642 tlte.
484 3575 516 3643 Si
541 3582 618 3646 tero
647 3577 897 3646 matrimonium
917 3588 1187 3648 consummatum
