2642 4175
356 323 400 366 on
417 289 652 366 massmannus
671 321 872 368 uaramoun
968 312 1031 369 221

105 447 107 454 ¹
137 422 204 489 dae
218 431 295 489 sunt
308 418 509 508 posteriores
522 418 669 505 nuptiae
686 439 714 487 st
706 417 963 489 contrahantur
967 424 1083 512 ,quod

139 514 419 605 impedimentum
450 509 617 598 ligaminis
650 512 847 600 appellatur
883 513 918 581 ld
952 528 1080 585 certum

141 620 204 692 est,
228 628 289 677 nec
306 616 407 695 caput
425 601 447 672 3
465 605 507 673 de
535 624 654 693 sponsa
675 606 816 674 duorum
836 608 1008 697 negotium
1028 609 1078 679 la·

47 713 49 716 ’
141 703 266 785 cessit,
290 713 327 768 ut
346 700 488 788 probant
517 697 664 767 Mascliat
694 711 727 769 et
760 698 907 785 Giraldi,
930 723 969 771 ac
989 724 1085 792 prae

141 791 550 867 sertimBartholuslust
572 791 640 860 lor.
663 791 743 862 Can
768 814 796 862 c.
821 793 1083 878 tl,eu1usex
1185 878 1189 886 ,

142 890 279 981 plicatio
300 887 390 957 citati
405 884 675 992 capitismwaxime
696 886 791 955 nobis
811 888 947 959 arridet
969 889 1087 980 Neque

142 1005 205 1073 per
214 981 504 1070 supervenientem
519 978 641 1067 prioris
658 980 809 1069 coniugis
822 981 950 1050 obitum
969 984 1084 1052 matri-

144 1076 295 1145 monium
313 1074 394 1142 illud
410 1072 551 1141 invalide
565 1085 771 1142 contractum
792 1075 999 1158 convalescit,
1008 1095 1086 1144 nam

143 1192 183 1239 ex
205 1170 289 1257 Reg.
308 1165 381 1235 18
373 1167 455 1236 ruris
475 1166 509 1233 in
529 1164 569 1249 6,
591 1187 656 1234 teon
672 1167 827 1254 firmator
847 1175 953 1237 trooln
971 1177 1088 1258 tompo-

141 1265 204 1346 ris,
226 1264 313 1352 paud
331 1262 369 1328 de
400 1262 473 1328 iure
501 1261 542 1328 ub
569 1261 667 1328 initio
692 1282 758 1329 aon
785 1261 976 1331 euocato.»
1000 1262 1085 1332 Hinc

143 1358 295 1425 Canones
316 1354 452 1423 omnino
464 1365 574 1421 vetant
587 1355 748 1423 secundas
765 1355 897 1443 nuptias
912 1355 1001 1439 iniri,
1018 1357 1084 1426 nisi

143 1452 186 1518 de
207 1460 316 1517 morte
336 1447 457 1537 prioris
476 1446 626 1534 coniugis
645 1460 737 1516 certo
752 1460 889 1531 constet,
910 1451 999 1539 quod
1019 1449 1082 1520 Lu·

144 1543 217 1611 cius
236 1542 293 1609 lll.
315 1539 485 1630 rescripsit
503 1539 700 1610 Christianis
734 1540 767 1609 in
788 1541 977 1632 captivitate
996 1543 1088 1634 posi·

145 1637 188 1705 tis
211 1657 285 1726 cap.
303 1632 325 1701 l
346 1635 387 1703 de
404 1635 540 1703 secund
563 1632 684 1723 Nupt..
678 1655 686 1670 ·
707 1658 721 1700 r
739 1635 889 1704 ld‘vobis
905 1638 1087 1727 responde-

144 1751 239 1812 mus,
262 1740 299 1797 ut
313 1728 425 1796 nullus
444 1727 563 1796 amodo
578 1729 618 1795 ad
632 1730 795 1798 secundas
814 1731 946 1819 nuptias
965 1730 1088 1820 migra·

146 1843 183 1892 re
203 1832 418 1913 praesumat,
441 1821 546 1889 donec
566 1820 597 1888 ei
617 1834 756 1905 constat,
774 1825 860 1912 qnod
882 1824 923 1892 ab
941 1824 1003 1892 hac
1021 1825 1086 1894 vita

145 1915 341 2005 migraverit
356 1913 475 1982 coniux
494 1914 579 1982 eius.
599 1936 613 1978 ι
638 1915 677 1985 Et
696 1915 849 1984 Clemens
873 1916 916 1984 lll
944 1908 991 1985 ad
1006 1918 1087 1986 Cae-

145 2020 438 2098 saraugustensem
473 2007 672 2116 Episcopum
693 2028 767 2098 cap
799 2007 843 2076 l9
872 2010 913 2078 de
933 2009 1084 2117 Sponsal

145 2117 180 2173 et
199 2104 367 2173 llatrims
406 2102 474 2170 ιιι
505 2102 693 2191 praesentia
728 2115 841 2170 nostru
869 2103 1086 2190 quaesivisti,

145 2199 228 2288 quid
251 2198 417 2305 agepdum
439 2196 481 2264 sit
497 2198 538 2264 de
558 2194 768 2277 mulieribus,
785 2215 871 2284 quae
888 2195 975 2264 viros
990 2216 1089 2265 cansa

63 2306 69 2318 ·
145 2291 345 2382 captivitatis
380 2303 413 2358 et
441 2288 719 2378 peregrinationis
752 2287 903 2357 absentes
929 2288 1015 2358 ultra
1036 2308 1095 2382 ses

145 2385 323 2475 ptednium
343 2384 562 2472 praestolatae
582 2381 718 2462 fuerint,
737 2402 800 2451 nec
813 2380 997 2452 certificare
1014 2402 1090 2473 pos·
1092 2432 1098 2444 .

120 2492 227 2548 =sunt
248 2478 289 2547 de
309 2476 396 2558 vita,
423 2477 471 2545 rel
501 2477 541 2544 de
567 2488 677 2545 morte
697 2476 868 2565 ipsorum,
891 2476 969 2545 licet
987 2497 1091 2566 super

147 2573 213 2641 hoc
231 2569 491 2640 sollicitudinem
512 2569 728 2638 adhibuerint
748 2569 952 2656 diligentem,
975 2584 1009 2641 et
1027 2591 1089 2660 pro

148 2665 286 2734 iuvenili
306 2673 437 2746 aetate,
460 2684 519 2731 seu
541 2662 721 2751 fragilitate
742 2663 851 2733 carnis
868 2677 1040 2755 nequeunt
1053 2685 1090 2733 se

147 2758 321 2828 continere
341 2767 491 2846 petentes
504 2756 578 2825 aliis
597 2757 758 2846 copulari.
777 2758 1018 2835 Consultationi
1033 2777 1087 2826 er-

147 2873 190 2941 go
210 2864 289 2922 tuae
307 2851 421 2946 taliter
440 2850 692 2957 respondemus,
712 2852 800 2940 quod
816 2864 1087 2958 quantocumque

148 2939 314 3016 annorum
335 2964 476 3013 numero
499 2944 541 3012 ite
563 2956 782 3027 remaneant,
806 2944 1037 3015 viventibus
1010 2943 1090 3012 viris

148 3039 229 3123 suis,
253 3059 322 3107 non
341 3050 477 3126 possunt
494 3038 534 3105 ad
549 3035 690 3105 aliorum
711 3037 913 3107 consortium
930 3030 1089 3107 canonice

148 3133 337 3213 convolare,
352 3151 416 3200 nec
435 3130 631 3198 auctoritate
645 3129 811 3199 Ecclesiae
823 3131 998 3237 permittes
1012 3151 1089 3197 con·

148 3226 295 3308 trahere,
316 3224 422 3293 donee
442 3234 569 3301 certum
593 3222 749 3290 nuntium
764 3222 927 3312 recipiant
942 3224 983 3292 de
997 3242 1088 3291 mor-

147 3331 181 3390 te
206 3318 371 3388 virorum.
397 3315 537 3385 »Porro
573 3314 736 3385 certitudo
766 3316 806 3385 de
840 3315 933 3385 obitu
967 3314 1090 3406 prioris

147 3412 300 3523 coniugis
320 3409 506 3499 generatim
523 3409 598 3479 talis
614 3429 687 3479 esse
672 3399 816 3495 debet,
839 3421 875 3479 ut
888 3409 929 3480 de
943 3408 1088 3500 pruden-

146 3509 189 3578 tis
208 3507 271 3575 viri
291 3504 415 3575 iudicio
435 3502 542 3574 omnis
562 3502 709 3594 scrupuli
731 3515 763 3573 et
791 3504 883 3574 dubii
902 3524 1000 3575 causa
1021 3503 1083 3571 tol-
