2642 4175
294 371 358 427 178
629 375 730 421 carun
747 375 794 418 ru.

246 501 312 571 quc
332 477 550 569 parentibus,
574 475 638 543 hoc
659 493 775 543 errore
802 493 870 542 non
890 473 1064 556 obstante,
1087 474 1181 564 spiri·

246 575 369 644 tualem
398 570 630 660 cognationem
660 566 840 636 contrahit.
871 567 898 634 li
919 567 1063 637 afferunt
1089 587 1182 658 prae·

246 671 349 738 terea.
361 667 395 734 in
413 665 558 734 medium
577 662 763 751 exemplum
778 661 958 743 affinitatis,
968 682 1054 750 quae
1066 665 1109 733 ab
1127 665 1181 733 iilo

245 760 478 841 contrahitur,
501 758 559 847 qui
579 756 731 843 copulem
752 776 829 823 cum
847 775 911 824 una
931 755 1054 840 habet,
1084 779 1197 847 quam¹

246 855 344 924 aliam
370 874 442 923 esse
463 850 655 941 putatdliis
674 861 786 918 autem
805 848 957 939 negativa
976 851 1084 939 placet
1111 874 1182 922 sen·

248 948 366 1018 tentia.
388 946 469 1017 Cum
492 945 582 1015 enim
612 943 647 1012 in
680 963 754 1032 cap:
782 942 815 1011 Si
841 944 901 1025 vir,
921 943 962 1012 de
988 947 1182 1034 cognatione

247 1040 432 1132 spirituali,
463 1040 636 1109 decidatur
664 1057 823 1120 uxorem,
846 1057 932 1126 quae
955 1057 1016 1125 per
1034 1058 1182 1110 errorem

245 1135 364 1205 levavit
396 1134 503 1202 tilium
537 1129 648 1201 mariti
683 1129 761 1212 sui,
794 1151 861 1200 non
893 1132 1000 1200 arceri
1030 1154 1049 1201 a
1083 1134 1188 1203 debiti.

250 1229 433 1317 petitione,
453 1227 628 1305 inserunt,
654 1225 742 1312 quod
763 1235 870 1294 stante
888 1244 1005 1294 errore
1024 1246 1184 1314 personae

249 1333 448 1411 susceptae,
470 1319 597 1388 nullam
632 1338 769 1407 prorsus
789 1317 823 1385 in
842 1338 943 1399 casu,
963 1320 1005 1388 de
1031 1342 1099 1409 quo
1119 1321 1184 1411 agi·

249 1428 329 1498 tur,
368 1412 599 1502 cognationem
638 1411 853 1481 contraxerit.
887 1410 920 1480 Si
955 1412 1058 1501 igitur
1092 1436 1185 1485 error

250 1527 412 1597 personae
433 1507 467 1576 in
487 1527 586 1575 causa
606 1517 680 1587 cst,
704 1517 741 1573 ut
758 1526 841 1574 uxor
866 1506 991 1576 nullam
1012 1508 1186 1579 contrabat

252 1601 497 1689 cognationem,
517 1600 544 1669 si
571 1602 657 1668 levat
677 1599 783 1667 filium
802 1599 935 1683 mariti,
957 1601 1107 1690 proiecto
1125 1602 1185 1670 dici

250 1695 377 1786 pariter
398 1696 496 1764 debet
527 1715 566 1763 er
596 1694 714 1763 eodem
746 1713 862 1762 errore
891 1714 1077 1783 personae,
1099 1696 1184 1786 quod

249 1789 376 1858 nuilam
407 1787 640 1877 cognationem
670 1787 842 1856 contrahat
861 1787 919 1876 qui
938 1790 1033 1870 levat,
1055 1810 1115 1858 seu
1135 1811 1202 1860 sur

249 1882 348 1972 scipit
368 1882 474 1950 filium
492 1880 639 1962 Antonii,
656 1892 776 1967 putans
792 1901 830 1950 se
844 1880 955 1951 levare
970 1882 1076 1949 fitium
1092 1885 1187 1951 Fran·
1303 1895 1304 1974 t

249 1977 344 2045 sisci.
366 1975 594 2046 Secustarnen
614 1975 723 2057 foret,
758 1974 784 2041 si
818 1974 938 2044 habeat
969 1975 1185 2046 intentionem
1301 1991 1303 2054 t

250 2070 453 2160 suscipiendi
471 2070 631 2139 infantem
652 2077 887 2158 praesentem,
909 2069 1115 2160 quicumque
1134 2071 1186 2139 iile
1301 2069 1302 2089 d

249 2166 307 2235 sit.
323 2166 395 2235 Hoc
413 2164 502 2235 enim
523 2185 613 2246 casu,
633 2161 784 2252 quamvis
804 2174 906 2246 erret,
927 2176 1047 2253 putans
1066 2186 1139 2235 esse
1156 2165 1188 2231 sr-

249 2260 333 2328 iium
354 2257 534 2340 Francisoi,
556 2256 613 2347 qui
634 2268 745 2325 tamen
766 2277 833 2325 non
855 2266 929 2340 est,
951 2278 1033 2326 cum.
1048 2259 1134 2348 ipso,
1155 2279 1188 2327 c·

249 2352 370 2441 iusque
402 2351 595 2440 parentibus
627 2349 859 2437 cognationem
893 2351 1083 2435 contrahit,
1114 2348 1195 2423 cum

249 2445 391 2514 intentio
404 2444 502 2513 illius
522 2464 635 2512 revera
656 2444 784 2512 feratur
806 2445 838 2512 in
861 2464 951 2528 eum,
967 2467 1066 2534 quem
1089 2448 1185 2525 levat,

250 2560 311 2608 seu
327 2537 482 2627 suscipit,
505 2550 543 2606 ut
561 2537 702 2625 proinde
721 2536 799 2606 veiit
818 2537 908 2608 illius
929 2559 1002 2609 esse
1018 2538 1185 2608 Petrinus.

249 2631 385 2700 Nullum
416 2644 528 2700 autem
550 2630 689 2700 huiusce
709 2631 893 2700 sententiae
912 2633 1064 2722 patronis
1086 2654 1188 2722 nego·

251 2725 334 2793 tium
355 2725 489 2794 facessit
508 2726 632 2813 paritas
648 2726 822 2814 desumpta
840 2726 881 2792 ab
901 2745 952 2810 eo,
971 2726 1026 2816 qui
1044 2727 1190 2815 baptizat

251 2818 358 2887 filium
380 2818 491 2902 unius,
515 2830 635 2907 putans
655 2838 691 2886 so
711 2818 849 2886 alterius
878 2818 984 2888 filium
1006 2820 1186 2908 baptizare.

250 2912 427 3001 Siquidem.
441 2923 540 3000 prout
555 2912 618 3001 ipsi
634 2912 849 2999 respondent,
863 2912 1016 2983 minister
1032 2912 1188 3003 baptismi

251 3006 375 3079 habere
394 3008 494 3076 debet
512 3004 732 3103 intentionem
752 3005 846 3073 ilium
868 3006 1106 3087 ministrandi,
1132 3007 1188 3097 qni

169 3174 174 3183 s
250 3120 408 3190 praesens
426 3111 499 3184 est,
522 3099 728 3188 quicumque
748 3098 804 3167 iila
829 3099 895 3184 sit,
923 3101 1187 3190 atque-idcirco,

250 3194 489 3264 nonobstante
520 3213 683 3281 personae
714 3212 856 3276 errore,
885 3194 1005 3279 valide·
1023 3195 1188 3284 baptisma
1298 3220 1299 3249 t

250 3288 433 3371 confertur,
457 3299 490 3356 et
506 3307 582 3355 vera
603 3285 813 3355 contrahitur
833 3288 1000 3376 cognatio.
1019 3289 1060 3358 At
1088 3287 1190 3377 patri-
1297 3352 1298 3383 ζ

250 3402 315 3449 nus
329 3403 397 3450 non
414 3392 547 3451 tenetur
561 3379 686 3450 hebere
705 3380 791 3448 hanc
808 3379 1040 3465 intentionem,
1056 3383 1190 3463 aliunde
1278 3402 1281 3407 ’

252 3494 330 3542 rero
348 3474 390 3541 ad
409 3474 608 3557 leuandum«,
631 3476 681 3543 vel
702 3473 947 3563 suscipiendum
970 3474 1189 3545 determinata
1296 3474 1299 3541 ς

252 3586 395 3654 persona
416 3567 575 3656 eiigitur,
603 3568 654 3636 cui
688 3579 859 3657 praetcrea
886 3568 1108 3658 obligationes
1134 3569 1188 3638 ad·
1286 3610 1296 3649 s
