2642 4175
253 388 317 445 196
586 397 691 444 curor
708 400 755 444 ur.

203 510 338 592 temque
356 496 624 590 deprehendunt.
658 497 729 570 [liri
748 500 953 594 panaetius,
986 499 1065 598 quia
1099 501 1144 571 ob

203 591 368 668 Ecclesiae
386 590 589 676 utilitatem,
611 602 646 662 et
665 611 844 663 commune
873 591 1062 666 animorum
1081 591 1143 666 bo·

202 706 309 770 num,
340 686 391 756 vel
423 685 464 756 ad
498 684 625 754 meiere
657 685 778 758 damna
799 696 832 758 et
856 685 1009 760 scandala
1044 707 1142 776 prae-

201 779 367 864 cavando,
389 777 522 870 aliaque
555 778 707 868 graviora
726 777 777 848 rei
802 778 985 850 catholicae
1013 778 1142 852 incom-

203 874 301 944 moda
332 871 535 956 avertenda,
558 871 714 961 prudenti
746 869 912 946 Ecclesiae
945 872 1141 947 oeconomia

202 988 242 1038 ac
265 964 527 1058 aequanimitate
553 964 773 1058 permissum,
806 966 855 1036 vel
885 967 1062 1038 toleratum
1091 979 1142 1042 est

202 1061 237 1129 in
256 1060 457 1153 quibusdam
491 1057 600 1143 locis,
633 1070 673 1130 ut
702 1058 868 1150 parochus
897 1058 993 1151 ipse,
1014 1061 1140 1134 aliusve

202 1154 358 1230 sacerdos
392 1153 464 1224 eius
502 1151 588 1224 uices
622 1172 744 1242 gerens
763 1204 774 1238 ,
795 1174 916 1244 sponso
936 1154 995 1250 qui
1014 1153 1054 1224 ad
1076 1155 1140 1224 mi·

201 1247 345 1319 nistrum
366 1244 571 1317 haereticum
592 1244 689 1317 facile
709 1247 890 1337 confugere
911 1260 1063 1338 possent,
1083 1270 1139 1339 po

203 1343 268 1416 tius
297 1361 409 1411 coram
440 1359 503 1430 sa,
517 1337 655 1429 proiano
675 1339 710 1410 in
730 1341 820 1424 loco,
842 1340 960 1414 sistere
976 1341 1136 1434 patietur,

202 1454 319 1505 eorum
348 1432 612 1517 matrimonium,
631 1453 669 1504 se
691 1444 878 1524 praesente,
897 1433 1014 1505 aeolici
1036 1433 1134 1524 sinet,

202 1528 353 1600 consulto
392 1525 508 1624 audito
545 1526 857 1619 utriusquepartis
899 1548 1085 1611 consensu,
1103 1542 1139 1601 et

202 1632 313 1694 actum
344 1621 451 1690 valide
480 1632 611 1710 gestum
637 1620 672 1690 in
697 1620 988 1693 matrimoniorum
1011 1622 1136 1694 librum

203 1713 321 1785 referri
347 1713 530 1805 permittat,
551 1714 696 1784 carendo
717 1724 829 1786 temen
852 1736 986 1810 semper
1010 1716 1052 1787 ah
1072 1715 1138 1788 illi·

201 1807 275 1878 citis
314 1807 405 1877 hisce
443 1806 666 1880 matrimoniis
705 1808 774 1877 ullo
808 1829 868 1879 suo
903 1821 979 1879 actu
1011 1830 1133 1900 appro-

201 1900 333 1985 bandis,
354 1902 530 1993 mnltoque
551 1900 657 1994 magis
679 1922 698 1970 a
724 1900 828 1974 sacris
860 1903 1015 1994 precibus
1035 1914 1068 1974 et
1093 1904 1135 1973 ab

201 1994 425 2070 ecclesiastico
441 1993 557 2086 quovis
576 1995 645 2063 ritu
659 1994 783 2068 eisdem
805 1996 1030 2091 admiscendo;
1052 1996 1136 2090 quin

203 2090 355 2167 imolam
371 2089 490 2163 maiori
506 2087 617 2159 studio
631 2109 670 2161 ao
683 2101 803 2163 conatu
817 2091 1056 2165 elaborandum
1067 2090 1134 2182 ipsi

203 2194 266 2270 est,
289 2196 327 2255 ut
352 2205 371 2253 a
396 2194 492 2274 parte
509 2181 670 2259 catholica
685 2183 907 2273 perversionis
932 2184 1132 2274 periculum,

203 2279 312 2369 quoad
327 2275 401 2351 ueri
417 2286 536 2368 potest,
555 2287 759 2361 amoveatur,
779 2288 817 2347 ut
835 2277 938 2362 prolis
957 2276 1134 2375 utriusque

203 2392 301 2443 sexus
315 2368 721 2461 educationiinreligione
734 2370 983 2464 catholicaque
1001 2371 1134 2443 meliori
1174 2376 1180 2383 ’

198 2465 332 2534 ratione
349 2464 403 2551 ias
420 2461 496 2548 erit,
518 2465 732 2549 consulatur,
755 2477 856 2573 atqua
884 2477 922 2534 ut
950 2462 1133 2539 catholicus

201 2557 333 2642 conius,
355 2557 423 2627 sire
442 2556 492 2626 vir
504 2556 573 2627 sire
592 2557 726 2645 mulier,
748 2579 838 2629 serio
852 2559 1071 2631 admoncatur
1090 2559 1132 2629 da

201 2647 417 2741 obligatione,
439 2671 506 2743 qua
526 2660 660 2722 tenetur
676 2653 844 2745 curandae
863 2674 924 2743 pro
943 2652 1068 2725 viribus
1087 2653 1132 2725 al·

201 2743 307 2817 terius
325 2743 478 2834 coniugis
496 2744 732 2819 conversionis.
751 2745 902 2819 Alterum
922 2745 1012 2837 quod
1032 2767 1132 2836 expo·

200 2837 305 2909 scitur
322 2847 383 2922 est,
407 2850 445 2911 ut
464 2838 595 2910 nullum
614 2838 707 2907 aliud
726 2839 836 2909 obstet
854 2838 1129 2930 impedimentum

199 2932 360 3024 nullaque
376 2931 522 3007 conditio
538 2929 743 3003 substantiae
775 2928 980 3007 matrimonii
999 2943 1132 3003 ronna·-

198 3025 249 3099 ria
269 3025 303 3097 in
323 3037 457 3116 pactum
484 3026 680 3107 deducatur,
699 3027 788 3117 quod
817 3025 950 3117 saepius
969 3024 1131 3098 haeretici

199 3139 275 3191 cum
306 3118 480 3195 catholicis
504 3118 637 3209 nuptias
666 3118 819 3191 ineuntes
851 3119 960 3195 lacere
993 3120 1128 3202 solent,

199 3211 309 3304 qualis
328 3224 379 3284 est
404 3234 436 3283 e.
456 3235 492 3303 g.
517 3212 664 3283 conditio
699 3213 740 3285 de
774 3212 979 3285 matrimonii
998 3210 1130 3301 vinculo

199 3307 242 3376 oh
262 3328 395 3393 causam
415 3305 583 3388 adulterii,
602 3306 644 3378 de
675 3327 742 3399 qua
771 3327 870 3401 supra
903 3307 1028 3376 dietum
1060 3317 1130 3390 ast,

200 3399 339 3471 aliamue
356 3399 576 3482 dissolvendo,
594 3396 703 3489 qualis
721 3399 820 3471 etiam
834 3400 1003 3473 nonnullis
1016 3400 1131 3471 docto·

198 3492 292 3565 ribus
311 3492 533 3579 videturesse
553 3493 700 3565 conditio
720 3492 754 3565 in
775 3504 908 3585 pactum
927 3494 1067 3565 deducta
1089 3493 1132 3562 da

197 3585 314 3657 liberis
328 3588 379 3675 val
397 3586 563 3673 omninno,
583 3588 633 3656 rel
652 3586 820 3681 aliquibus
839 3585 873 3659 in
893 3583 1061 3663 haeretice
1078 3606 1134 3659 se·
