2642 4175
47 401 56 418 ·
158 377 162 382 ’
258 384 325 443 214
415 424 433 428 »-
589 397 758 443 curuum.

209 508 249 564 ut
280 507 386 568 cesset
414 506 521 564 metus
552 516 671 580 eausa,
699 496 762 564 nisi
792 493 895 563 etiam
916 513 953 563 ea
992 488 1147 576 cessent,

212 609 299 679 quae
326 588 512 678 impediunt
530 609 572 658 ue
593 589 671 673 ille,
694 588 871 657 rui-timor
890 588 1043 657 incussus
1072 599 1145 669 est,

135 748 141 753 ,
213 683 382 752 reclamet.
401 681 520 763 Quanti
540 695 650 751 autem
670 681 828 771 temporis
845 680 1152 751 cohabitatiosuffi

214 777 291 859 ciat,
305 797 381 845 cum
395 776 456 864 hae
471 777 511 845 de
532 796 569 845 re
588 776 673 844 nihil
686 797 703 845 a
718 777 791 863 lege
803 773 975 845 definitum
991 773 1149 864 sit(quod

214 869 302 939 euim
337 865 438 939 habet
456 890 528 959 cap.
556 868 597 937 ll
623 871 670 939 de
688 867 808 958 Spons.
836 867 996 952 adlecti,
1020 869 1059 937 de
1080 888 1151 956 quo

215 962 388 1050 agebatur,
412 963 636 1033 narrationem
657 961 809 1052 spectat),
829 962 1072 1031 discutiendum
1093 980 1150 1029 re·

214 1057 398 1146 linquimus
412 1058 567 1146 prudenti
580 1057 698 1126 iudicis
712 1054 862 1137 arbitrio,
878 1055 984 1145 quiin
999 1054 1100 1123 dubio
1116 1065 1151 1123 et

214 1150 363 1239 fugiendi
379 1151 679 1240 opportunitatem,
701 1161 733 1218 et
753 1147 1009 1218 cohabitationis·
1022 1149 1172 1218 diutur·,

214 1244 351 1313 nitatem
369 1243 403 1311 iu
418 1244 491 1311 loro
505 1255 651 1328 externo,
668 1254 822 1313 accurate
831 1242 1025 1331 perpendet.
1038 1242 1154 1314 Tertio

215 1337 635 1405 validaturmatrimonium
650 1357 733 1406 noro
747 1356 920 1418 consensu,
930 1335 987 1426 qui
1001 1335 1067 1405 sive
1081 1357 1152 1406 rer·

216 1430 269 1513 bo,
289 1430 357 1497 sire
376 1429 483 1517 signo,
499 1430 566 1499 sive
582 1431 667 1499 sacto
682 1450 855 1519 expressus
870 1429 1095 1519 praesumitur
1115 1430 1153 1498 in

215 1524 286 1591 loro
307 1534 441 1591 externo
457 1524 554 1606 liber,
577 1523 739 1613 quamdiu
759 1522 963 1593 eontrarium
983 1543 1050 1591 nou
1074 1545 1152 1613 pro·

217 1617 326 1685 betur.
350 1615 437 1684 Haeo
457 1631 495 1685 ea
514 1616 589 1686 iure
609 1617 791 1697 canonico,
812 1629 845 1685 et
873 1637 911 1693 ex
933 1616 1067 1705 antiqua
1092 1617 1155 1685 Ee·

216 1708 335 1778 clesiae
358 1709 532 1799 disciplina
554 1723 641 1780 certa
663 1723 751 1780 sunt.
775 1709 853 1778 Vide
868 1709 1013 1778 Sanohez
1028 1711 1052 1778 l.
1073 1709 1108 1792 le,
1124 1723 1150 1779 t.

216 1800 273 1884 18,
289 1822 326 1869 n.
343 1800 379 1869 l.
397 1802 546 1873 Bossium
567 1825 639 1893 oap.
662 1802 720 1886 lb
742 1801 944 1872 Panimollae
963 1803 1062 1872 decis.
1081 1807 1165 1873 mo?

216 1897 281 1964 ral.
303 1906 335 1965 et
348 1896 421 1965 erit.
441 1896 714 1976 blattarum,
733 1918 775 1966 an
790 1909 823 1965 et
842 1900 1065 1986 quandonam,
1080 1909 1155 1986 post

217 2003 333 2057 novam
348 1989 487 2059 formam
506 2013 522 2059 a
537 1991 684 2062 Concilio
698 1990 952 2073 Tridentino,ad
968 1991 1154 2079 impedien-

219 2084 293 2152 dam
308 2083 470 2167 sraudem,
482 2084 665 2168 inductam,
681 2084 930 2155 matrimonium
943 2084 1061 2153 initum
1077 2084 1108 2153 ri
1120 2098 1154 2154 et

217 2188 325 2261 metu,
357 2198 395 2247 ex
415 2178 537 2267 triplici
560 2180 617 2247 illo
638 2180 737 2247 modo
769 2179 943 2247 revalidari
971 2179 1098 2268 possit,-
1117 2179 1153 2248 iu

216 2271 298 2341 louis
312 2271 367 2339 ubi
385 2272 555 2341 decretum
572 2271 803 2341 Tridentinum
817 2272 858 2341 de
874 2272 1152 2356 clandestinitate,

216 2376 386 2453 receptum
404 2374 466 2444 est,
482 2366 563 2455 quin
577 2386 681 2451 novus
695 2366 831 2454 insuper
843 2386 1022 2436 consensus
1038 2360 1153 2435 ‘eduam

216 2455 364 2525 Parooho
378 2457 603 2546 depromatur,
624 2458 810 2547 quaesitum
828 2459 903 2529 luit.
924 2459 1020 2529 Certa
1041 2459 1082 2528 ab
1100 2460 1152 2528 in-

101 2607 110 2613 ,s
216 2550 316 2619 certis
330 2561 409 2618 sunt
420 2553 635 2635 secernenda.
650 2552 688 2621 lu
702 2551 818 2641 primis
832 2552 859 2621 si
876 2552 1152 2642 impedimentum
1238 2622 1244 2625 ,

216 2644 381 2712 oecultum
397 2657 518 2725 manet,
534 2666 601 2715 non
614 2658 665 2715 est
681 2645 832 2721 dubium,
846 2646 927 2734 quin
941 2658 1057 2715 mutuo
1071 2667 1150 2715 eon·-

216 2737 331 2824 iugum
346 2754 521 2821 consensu,
533 2750 750 2828 etspontanea
761 2738 976 2822 habitatione,
986 2741 1153 2830 aocopula

218 2829 466 2899 matrimonium
480 2834 694 2915 convalescat,
714 2845 752 2900 ut
766 2844 856 2921 patet
874 2854 911 2900 ex
929 2834 1099 2902 nonnullis
1115 2832 1149 2903 S.

213 2923 252 2992 C.
275 2922 311 2992 C,
330 2924 563 3010 decisionibus,
580 2947 618 2994 au
631 2947 670 2995 ex
684 2925 717 2994 S.
737 2923 786 2994 Pii
802 2925 823 2991 V
838 2927 998 3015 rescripto
1016 2927 1057 2995 ad
1074 2927 1152 3017 Epi·

216 3037 351 3106 soopum
369 3017 617 3101 Hieraeeusem,
637 3020 695 3087 ubi
716 3039 869 3108 expresse
882 3019 1015 3103 dicitur,
1035 3020 1151 3090 matri·

218 3112 366 3185 monium
381 3122 472 3180 metu
485 3112 971 3202 initum,oonsummatumque‚
988 3114 1063 3182 siin
1078 3115 1154 3183 eius

216 3204 438 3275 celebratione
450 3206 555 3274 forma
564 3205 747 3278 Tridentini
760 3220 885 3277 serrata
899 3207 1001 3289 sit‚.et
1013 3207 1151 3296 impedi:

216 3311 365 3369 mentum
380 3300 544 3368 oecultum
566 3311 707 3382 maneat,
736 3313 851 3370 mutuo
870 3298 1051 3388 coniugum
1069 3321 1151 3370 con·

216 3409 327 3472 sensu,
339 3403 560 3480 etspontanea
576 3392 780 3464 habitatione
797 3390 1088 3475 convalescerent
1100 3414 1155 3463 re·

216 3482 281 3552 lert
294 3484 518 3570 Fagnanusin
533 3503 605 3575 eap.
629 3484 764 3576 75‚³qui
786 3487 884 3558 fidem
906 3488 949 3556 de
962 3485 1087 3577 Spuma.
1107 3499 1152 3556 'et

215 3575 308 3644 llatr.
325 3576 479 3658 Quaestio
492 3579 606 3669 itaque
620 3579 654 3648 in
669 3592 882 3665 eo‘versatur,
895 3580 1011 3650 anhoo
1025 3580 1149 3670 triplici
