2642 4175
305 356 372 415 468
621 368 785 413 mannum
801 368 825 412 1.

258 480 373 540 tenent
387 462 614 557 quaestionem
630 465 671 534 de
693 464 921 536 iurisdictione
935 468 1092 539 conlundi
1113 491 1191 541 enm

255 561 452 653 quaestione
469 560 510 628 de
529 558 707 629 sufficienti
730 559 932 628 matrimonii
952 560 1083 641 notitia,
1103 585 1192 654 qnae

258 656 413 747 pendete
436 652 592 743 prudenti
613 652 731 721 indicis
748 652 898 737 arbitrio,
919 665 954 723 et
967 655 1047 743 plus
1072 679 1112 725 oc
1129 660 1192 726 mi·

257 771 321 819 aas
342 745 496 818 admittit.
514 744 546 814 Si
568 746 680 835 itaque
701 746 801 815 iudici
819 762 1024 838 compertum
1043 751 1098 832 sit,
1111 772 1192 820 con·

259 841 399 912 nubium
417 842 529 922 luisse,
552 849 688 929 propter
707 841 856 910 notitiam
872 842 905 909 in
919 842 1037 931 vulgas
1057 843 1192 926 editam,

258 958 334 1007 rere
351 946 576 1016 contractum,
599 933 680 1001 illud
698 933 840 1005 validum
860 937 1091 1022 permanebit,
1112 937 1192 1007 licet

217 1093 220 1099 .
259 1029 411 1099 minister
431 1027 585 1125 proprius
605 1046 671 1095 non
691 1026 793 1096 luerit
812 1048 850 1098 ex
870 1028 1111 1103 iurisdictionis
1137 1033 1191 1100 de

258 1126 359 1194 lectu.
378 1123 586 1211 Quapropter
605 1120 755 1189 llourlon
779 1132 803 1190 t.
825 1121 862 1188 l.
881 1144 916 1213 p.
935 1120 1016 1207 eut,
1038 1124 1118 1194 licet
1138 1125 1192 1194 ad·

261 1218 368 1289 mittat
388 1215 634 1286 matrimonium
663 1215 851 1304 impugnari
873 1237 968 1306 posse
993 1218 1036 1287 ob
1056 1217 1192 1291 iurisdi-

259 1312 377 1382 ctionis
406 1308 548 1378 ministri
567 1307 750 1391 delectum,
780 1320 890 1379 tamen
925 1330 992 1379 non
1028 1310 1192 1382 diffitetur

259 1426 354 1496 posse
374 1403 509 1484 iudices,
530 1400 663 1471 attentis
682 1402 961 1485 circumstantiis,
982 1405 1033 1473 rel
1053 1405 1190 1474 abolen-

259 1501 349 1582 dum,
368 1498 416 1567 vel
434 1495 694 1566 conservandum
716 1496 907 1579 decernere,
931 1498 1008 1566 licet
1038 1498 1193 1568 minister

261 1613 371 1662 coram
393 1612 460 1681 quo
479 1590 541 1658 luit
560 1588 775 1671 celebratum,
794 1590 964 1673 domicilii,
981 1591 1032 1660 vel
1045 1613 1194 1661 commo·

260 1686 398 1755 rationis
420 1682 613 1753 alterutrius
633 1683 746 1770 sponsi
767 1683 918 1755 minister
936 1705 1003 1754 non
1023 1685 1079 1755 sit.
1114 1685 1195 1756 Con·

259 1780 308 1849 len
324 1777 440 1847 Paillet
461 1788 486 1846 t.
505 1776 537 1860 t,
559 1798 591 1866 p.
615 1773 673 1845 88.

306 1873 377 1941 Non
392 1871 456 1941 erit
474 1870 529 1940 bio
548 1871 606 1939 abs
620 1890 657 1939 re
673 1889 742 1936 rem
759 1868 927 1960 exemplis,
941 1869 1102 1941 claritatis
1116 1894 1196 1960 gra-

262 1967 324 2049 tia,
345 1966 523 2047 illustrare,
543 1963 578 2033 l.
599 1962 717 2034 Casus.
737 1963 835 2032 Caius
855 1975 888 2033 et
906 1964 1001 2047 Gaia,
1024 1966 1193 2034 nonnullis

260 2060 381 2131 abhinc
394 2056 1194 2148 mensibus,domiciliumAngustael'aurinorum

261 2153 426 2226 translatis
434 2153 540 2237 bonis,
552 2153 737 2239 elegerunt,
749 2152 862 2241 ibique
872 2173 998 2221 moram
1012 2154 1191 2222 duxerunt.

261 2252 362 2319 Antea
382 2248 443 2338 ipsi
463 2247 661 2316 Florentiam
680 2245 890 2327 incolebant,
909 2246 965 2314 ubi
997 2245 1084 2315 bona
1122 2268 1195 2335 pos·

260 2343 421 2425 sidebant,
443 2351 476 2410 et
496 2350 659 2429 parentes,
682 2339 817 2432 amicos,
845 2361 883 2408 ac
906 2350 1064 2427 cognatos
1090 2339 1194 2410 babe-

260 2438 351 2520 baat‚
374 2456 457 2525 qnos
474 2433 613 2522 singulis
637 2431 899 2501 hebdomadibus
920 2433 1068 2501 adibant.
1089 2433 1192 2503 Nemo

261 2552 329 2602 non
348 2529 435 2598 videt
453 2528 641 2596 ministrnm
661 2538 766 2595 status
787 2525 891 2595 civilis
916 2526 1009 2595 urbis
1029 2526 1193 2596 Taurino·
1305 2596 1311 2608 ,

261 2644 336 2692 rum
355 2622 478 2690 babere
504 2620 766 2689 iurisdietionem
787 2622 825 2689 ad
847 2641 1042 2689 consensum
1065 2620 1194 2690 utrius·

262 2737 328 2807 que
347 2736 407 2806 pro
428 2713 639 2783 matrimonio
657 2713 900 2803 excipiendum.
922 2711 985 2782 Sed
1005 2707 1194 2804 quaeritur,

261 2831 304 2880 an
333 2809 433 2879 etiam
466 2806 617 2880 minister
637 2807 875 2891 Florentinns,
898 2806 955 2876 ubi
988 2808 1101 2896 sponsi
1130 2828 1194 2877 nec

174 2927 186 2944 ⁴
261 2901 486 2986 domicilium,
509 2921 570 2971 nec
587 2901 698 2970 sedem
717 2901 858 2989 amplius
877 2901 1023 2983 babent,
1055 2900 1192 2991 aliquali

264 2998 492 3068 iurisdictione
511 2996 544 3063 in
566 3014 622 3063 eos
642 2994 779 3082 polleat?
794 2994 919 3084 Duplex
938 2995 1031 3063 adest
1059 3007 1193 3064 senten·

263 3092 322 3174 tia,
339 3103 374 3166 et
387 3091 487 3159 multa
507 3090 540 3160 in
560 3101 738 3175 utramque
759 3100 885 3176 partem
906 3087 1130 3174 disputantur.

311 3184 345 3254 b.
368 3185 481 3256 Casus.
502 3182 606 3254 Titius
621 3194 653 3249 et
670 3181 753 3249 'litia
768 3181 937 3251 Civitatem
952 3181 1191 3264 Florentinam,

265 3279 322 3349 ubi
343 3280 453 3350 sedem
474 3287 507 3346 et
531 3274 734 3345 domicilium
758 3274 938 3357 habebant,
969 3274 1191 3363 relinquunt,

267 3373 378 3441 etalio
397 3370 631 3450 sommendat,
648 3368 762 3458 ibique
778 3368 980 3437 domicilium
998 3367 1118 3456 figunt.
1133 3367 1194 3437 Ve-

159 3535 164 3544 ,
264 3486 339 3533 rum
354 3466 416 3540 iter
436 3463 643 3552 postmodum
666 3463 917 3551 aggrediuntur,
940 3472 972 3530 et
991 3461 1194 3531 Florentiam

263 3569 404 3647 petunt,
424 3558 537 3648 ibique
557 3568 631 3646 post
656 3576 779 3646 paucos
800 3556 888 3641 dies,
910 3575 1019 3625 coram
1041 3553 1195 3624 ministro
