2642 4175
437 369 481 413 nn
498 367 630 413 neroni
648 368 847 415 uruuruouu
1020 359 1063 416 85

171 466 282 537 bando
297 465 493 548 derivatum,
517 466 673 555 quoniam
694 488 797 536 novoe
828 480 952 557 nuptae
973 470 1112 558 pudoris

168 580 252 647 ergo
272 570 372 648 caput
390 559 573 642 obnubere,
595 559 681 629 idest
699 562 807 630 velare
822 573 855 631 et
869 564 1001 652 operire
1015 563 1112 633 llam·

171 674 249 723 meo
260 654 424 724 solebant.
446 654 652 723 l'lammeum
671 653 772 739 enim,
788 675 859 739 seu,
875 668 911 725 ut
924 658 1040 746 legunt
1057 679 1113 727 ve·

170 760 262 816 teres
280 746 376 831 libri,
398 746 572 831 flameum,
594 747 704 815 velum
725 749 890 837 quoddam
910 762 999 835 arat,
1022 752 1113 842 quod

168 864 192 908 a
208 841 319 935 colore
331 840 484 911 llammae
499 840 652 910 nonnulli
671 843 872 930 appellatum
892 844 1108 929 arbitrantur,

168 934 334 1023 quoniam
355 934 436 1004 lutei
457 946 491 1004 et
506 934 613 1003 crocei
639 934 760 1003 coloris
790 947 889 1004 esset.
913 938 1001 1007 l'alis
1021 939 1112 1008 color

168 1028 210 1096 in
228 1029 306 1117 igne
326 1028 490 1097 cernitur.
511 1028 547 1097 ld
566 1049 657 1111 raro,
680 1029 768 1117 quod
785 1049 888 1099 novae
915 1042 1039 1119 nuptae
1059 1053 1113 1101 oa·

168 1133 236 1211 put
253 1122 393 1212 pudoris
419 1143 499 1211 ergo
533 1122 705 1192 obnubere
734 1122 898 1206 solerent,
922 1123 1114 1214 antiquissi-

171 1236 361 1296 mum-esse
380 1217 466 1285 solet
484 1238 522 1285 en
543 1214 852 1305 diviniaSoripturis
868 1216 1114 1288 Veteris'lesta·

169 1309 292 1393 ruenti,
315 1309 443 1379 scilieet
462 1331 500 1379 ex
520 1309 677 1390 Gemllll,
692 1308 777 1379 tdet
793 1310 899 1395 Xlllll,
919 1309 1114 1381 domums-

171 1404 264 1471 modi
284 1403 447 1473 velamine
468 1403 550 1473 illud
571 1405 671 1473 etiam
692 1404 854 1473 declarari
877 1404 1052 1475 videbatur
1069 1406 1116 1476 eit

169 1497 401 1567 Cateehismus
420 1498 516 1566 Rom.
537 1495 610 1587 ub
631 1498 672 1566 de
690 1496 781 1566 Saor.
794 1498 982 1588 matrab,
1008 1523 1022 1567 r
1041 1521 1115 1569 mu·

170 1590 275 1661 lieres
296 1591 375 1659 viris
395 1591 610 1676 obedientes,
633 1590 866 1682 subiectasque
886 1613 958 1662 esse
979 1606 1113 1683 oporte·

136 1694 139 1704 ’
169 1684 249 1753 re.»
265 1684 311 1753 Ex
330 1684 382 1753 bis
398 1705 485 1775 quaa
499 1685 641 1754 diximus
658 1685 755 1754 lacile
768 1684 910 1776 intelligi
925 1697 1044 1776 potest,
1056 1709 1115 1756 our

173 1778 428 1847 matrimonium
459 1781 646 1868 appelletur
678 1779 907 1863 connubium,
930 1780 971 1848 ab
998 1782 1116 1850 audem

171 1874 276 1943 verbo
297 1874 408 1957 nubo,
432 1893 490 1942 seu
512 1874 600 1957 velo,
625 1894 692 1962 quo
711 1871 919 1961 significetur
940 1874 1117 1964 utriusque

168 1967 429 2056 coniugiumue,
452 1968 546 2056 quasi
567 1967 629 2036 sub
651 1967 795 2055 quodam
822 1968 914 2049 velo,
936 1987 975 2035 ea
1002 1967 1113 2036 omnia
1162 2001 1166 2012 =

173 2061 347 2152 obtegere,
371 2081 456 2151 quae
471 2060 666 2131 modestiam
684 2080 820 2149 quoquo
836 2060 934 2128 modo
948 2059 1117 2130 oliandare

170 2167 314 2245 queant.

547 2477 549 2482 .
592 2379 608 2468 5
644 2376 703 2448 aa.

416 2537 461 2594 lto
479 2534 657 2594 dullnltloua
675 2532 877 2590 Matrimonii.

226 2716 473 2788 Matrimonium
496 2714 690 2805 in'utroque
704 2713 777 2782 iure
797 2708 967 2781 defruitur:
986 2736 1001 2778 r
1020 2712 1122 2782 moris

176 2824 210 2882 et
231 2812 378 2882 laminae
398 2810 586 2879 coniunctio
609 2807 811 2877 individuam
838 2806 924 2874 vitae
943 2816 1123 2875 consuetu-

177 2906 292 2976 dinem
310 2903 537 2983 aontinens;›
573 2923 675 2993 quam
703 2898 931 2970 definitionem
962 2897 1122 2988 'l'lreologi

180 3020 299 3090 omnes
319 2997 495 3088 amplexati
513 3008 603 3066 sunt.
628 3020 643 3063 r
665 2993 936 3072 Matrimonium,
960 2992 1007 3062 ait
1026 2991 1122 3061 Cote-

179 3092 331 3163 elrisrous
350 3092 519 3161 Romanus
538 3101 624 3180 port.
647 3087 688 3173 2,
708 3110 781 3177 cap.
804 3084 838 3170 8,
860 3107 894 3154 u.
917 3082 952 3168 2,
973 3106 1014 3154 ex
1031 3106 1123 3153 rom-

183 3188 277 3257 muni
292 3180 538 3274 'lbaologorum
556 3181 719 3252 sententia
734 3180 904 3249 definitur:
926 3177 987 3245 riri
1003 3188 1037 3245 et
1050 3196 1124 3245 mu·
1216 3236 1222 3247 .

182 3280 276 3350 lieris
295 3279 459 3349 maritalia
478 3275 668 3348 coniunctio
700 3275 788 3343 inter
822 3270 989 3360 legitimos
1015 3290 1127 3360 perso·

113 3372 117 3377 ’
183 3393 244 3444 naa
264 3373 469 3443 individuam
489 3372 576 3441 vitae
609 3365 885 3439 consuetudinem
919 3364 1122 3438 retinens.»

186 3465 292 3555 lgitur
310 3466 562 3537 matrimonium
582 3475 700 3533 nature
719 3474 752 3533 at
770 3459 901 3549 origine
913 3477 972 3529 sue
993 3467 1125 3528 eontra·

184 3571 258 3631 utus
279 3573 341 3646 est,
364 3582 423 3651 per
444 3578 544 3650 quem
565 3557 730 3630 masculus
750 3566 784 3625 at
799 3553 922 3624 lemine
947 3568 1126 3643 procrean-
