2642 4175
492 389 763 438 numerantibus
1009 377 1048 438 to

580 597 661 702 pr.

231 775 280 833 Ito
296 775 387 834 serta
405 788 539 846 persons
551 774 587 833 ln
602 776 799 847 sponsalibus
817 777 1019 850 designantis·

205 954 289 1023 Dein
311 954 346 1022 in
368 947 582 1045 Spon'salibus
601 953 795 1045 requiritur,
809 968 846 1025 ut
861 956 1035 1046 promissio
1053 955 1097 1027 sit

163 1059 253 1118 serta
277 1060 313 1118 et
332 1049 569 1117 determinato:
590 1049 755 1137 sponsalia
777 1050 863 1118 anim
885 1062 963 1121 sunt
980 1050 1030 1120 vio
1054 1051 1095 1120 sd

164 1141 425 1225 matrimonium,
453 1154 486 1211 et
513 1143 676 1233 quaedam
706 1142 812 1232 ipsius
828 1141 1010 1212 inchoatio.
1033 1143 1097 1233 lpi-

166 1248 216 1306 tur
229 1235 413 1305 consistere
432 1249 614 1325 nequeunt,
632 1236 696 1306 nisi
714 1258 788 1305 oum
805 1259 883 1319 una,
906 1258 1012 1327 eaque
1026 1257 1098 1306 cer·

161 1337 196 1400 ta
218 1342 253 1400 et
277 1328 496 1399 determinata
518 1349 658 1420 persona
679 1332 931 1414 contrahantur,
953 1349 1049 1400 secus
1068 1350 1100 1399 e·

98 1461 104 1468 »
163 1419 232 1492 dim
255 1423 509 1491 matrimonium
530 1443 597 1492 noa
623 1424 841 1508 inchoarent,
863 1426 952 1515 quod
979 1425 1097 1494 indivi-

162 1520 261 1594 duam
283 1517 384 1586 unius
404 1513 463 1585 vlri
486 1530 519 1586 et
538 1518 689 1587 mulieris
722 1520 913 1588 societatem
934 1519 1093 1589 continet.

160 1605 246 1680 lttud
266 1612 366 1680 etiam
390 1610 527 1692 aceedit,
562 1614 690 1701 quoda
724 1613 932 1702 sponsalibus
956 1612 1099 1682 indeter·
1152 1627 1154 1630 ·

71 1783 79 1794 ί
160 1703 294 1774 minatis
321 1704 595 1792 impedimen-tum
626 1707 779 1796 publicae
811 1707 996 1776 honestatis
1027 1725 1095 1774 noa

161 1800 282 1882 oritur,
301 1798 349 1866 uti
368 1797 555 1867 Bonilaeius
573 1799 641 1867 Vlll
659 1802 837 1870 declararit
856 1823 928 1890 cop.
946 1799 1037 1868 unio.
1052 1799 1095 1868 de

164 1889 316 1982 sponsal.
335 1893 370 1959 ia
390 1888 423 1959 6:
448 1892 510 1960 boe
529 1904 638 1963 autem
654 1895 827 1963 manileste
849 1896 967 1984 probat
984 1893 1097 1961 huius

165 1985 252 2054 modi
275 1983 439 2077 sponsalia
460 2005 528 2054 non
549 1990 754 2070 consister03
776 2005 922 2077 namque
949 1989 1028 2057 satis
1047 2006 1099 2056 ex·

161 2080 330 2173 ploratum
349 2079 564 2150 exromanus
581 2081 663 2150 ratis
691 2081 900 2170 sponsalibus
927 2081 1008 2150 illud
1039 2080 1098 2148 im-

160 2175 390 2264 pedimentum
410 2173 591 2267 proficisci.
605 2172 793 2264 Esquibus
806 2186 922 2262 sponte
939 2173 1014 2243 duit
1031 2188 1098 2242 non

160 2268 313 2338 contrahi
331 2278 406 2336 tera
427 2267 605 2357 sponsalia,
628 2269 655 2337 si
675 2269 749 2357 quis
764 2267 870 2337 tribus
890 2266 1021 2357 puellis,
1045 2286 1096 2337 er.

160 2380 192 2451 g.
215 2362 526 2455 tribussnrorlbus,
550 2362 713 2452 spondeat
726 2382 798 2431 sese
816 2380 916 2429 unam
937 2378 976 2429 ax
996 2360 1043 2429 eis
1064 2361 1097 2428 in

162 2476 300 2526 uxorem
327 2456 529 2535 ducturum,
550 2469 583 2525 et
615 2457 691 2525 illae
718 2456 972 2546 promissionem
1009 2462 1098 2524 acee-
1143 2450 1152 2471 ‘

155 2561 255 2639 ptent
275 2561 309 2618 at
329 2549 573 2639 repromittant.

78 2682 82 2691 ·
208 2642 271 2712 Sed
293 2664 445 2733 quaeres,
467 2662 508 2711 an
529 2645 594 2712 ulla
612 2663 648 2711 ex
670 2643 721 2711 bis
742 2643 1017 2732 promissionibus
1036 2642 1095 2710 ob·

161 2734 277 2826 ligatio
303 2737 502 2819 enascatur?
519 2737 650 2806 Nullam
681 2738 777 2826 plane
804 2738 900 2826 gigni
933 2737 1097 2806 existimat

76 2828 81 2837 '
164 2827 314 2900 Schmier
334 2830 474 2921 lurispr.
490 2832 570 2900 Gan.
589 2831 657 2900 Cir.
679 2831 737 2899 lib.
750 2830 783 2915 d,
799 2842 894 2899 tract.
915 2830 948 2913 1,
966 2851 1037 2919 cap.
1056 2828 1091 2896 t.
1128 2916 1131 2921 4

164 2921 224 2994 Sed
244 2924 455 2993 communior
473 2924 635 2997 sententia
667 2937 717 2992 est
736 2945 774 2993 ex
801 2945 840 2992 eo
872 2935 1021 2992 mutuam
1042 2925 1097 2990 ob·
1128 2929 1130 2935 ’

162 3014 354 3107 ligationem
376 3019 479 3101 oriri,
501 3017 616 3087 nonri
650 3017 875 3108 sponsalium,
900 3040 985 3108 quae
1006 3018 1095 3085 nulla
1141 3088 1143 3095 ,

162 3123 249 3196 suut,
272 3113 328 3181 sed
349 3113 477 3181 ratione
498 3124 637 3182 mutuae
658 3111 900 3199 promissionis.
931 3110 1105 3192 (tuamor-⁴

163 3222 232 3274 rem
254 3216 388 3275 tenetur
415 3206 612 3295 promittens
635 3224 734 3273 unam
762 3227 801 3274 ex
833 3205 939 3273 trihus
972 3205 1096 3292 eligere
1179 3274 1182 3281 ,

165 3319 264 3387 quam
283 3299 450 3384 maluerit,
469 3320 546 3367 nam
570 3298 675 3389 ipsius
690 3311 739 3367 est
760 3299 893 3380 electio,
914 3317 952 3365 ex
964 3318 1036 3385 cap.
1053 3293 1097 3366 70

165 3394 204 3460 de
219 3392 300 3481 Reg.
323 3394 391 3461 iur.
424 3394 458 3462 in
480 3391 513 3461 6:
536 3418 550 3459 o
575 3392 611 3460 ln
632 3389 834 3460 alternatiris
865 3390 1023 3460 debitoris
1050 3401 1099 3460 est

166 3486 281 3554 electio
297 3497 360 3568 ,et
391 3486 512 3556 suffieit
531 3487 731 3555 alterutrum
753 3483 940 3573 adimpleri,
962 3509 976 3550 s
999 3496 1032 3552 et
1052 3483 1099 3548 ri·

167 3578 272 3649 tissim
290 3581 399 3655 electa
422 3592 554 3653 tenetur
574 3580 608 3649 in
630 3578 759 3650 suturas
773 3579 908 3667 nuptias
934 3574 1098 3646 eonsenti-
