2642 4175
290 370 366 432 310,
626 385 729 434 curor
746 388 792 433 111.

241 486 455 576 sponsatioue
483 485 583 556 babet
600 485 774 575 aliquod
764 506 817 553 rus
843 484 877 552 iu
896 501 991 554 suam
1010 503 1184 573 sponsam,

244 592 277 648 et
296 579 369 649 ideo
386 581 535 670 quamvis
550 578 869 668 pecoebviolentiam
885 577 1069 676 inferendo,
1086 599 1187 647 excu-

244 684 337 742 satur
361 695 379 742 a
406 673 545 742 crimine
571 682 700 763 raptus.
729 672 837 742 »Nou
856 655 981 741 desunt
993 683 1106 741 tamen
1122 672 1184 740 alii

244 766 302 856 qui
318 767 524 836 contrarium
538 776 661 845 tenent,
676 786 760 856 quos
779 766 867 835 inter
887 764 1082 834 accensendi
1102 778 1186 833 sunt

245 860 278 929 S
297 860 485 948 Alphonsus
503 861 545 929 de
565 859 697 949 Ligerio
715 860 756 929 de
774 860 869 928 Matr
888 855 993 941 1108,
1009 857 1178 928 Bockman

245 974 278 1022 n
299 950 360 1035 33,
383 955 522 1044 Kuapp,
551 951 730 1034 Seboulte,
755 965 789 1022 et
807 951 959 1041 Bargen,
982 951 1183 1038 praesertim

245 1046 362 1137 quod
354 1047 476 1117 iniuria
497 1068 536 1115 ex
555 1058 652 1136 raptu
684 1046 775 1115 illata
809 1046 928 1115 iustam
963 1043 1181 1114 recedendia
1249 1055 1253 1066 ’

244 1141 454 1229 sponsalibus
474 1161 606 1210 causam
628 1159 759 1228 semper
777 1137 981 1227 praebeat;
973 1158 1110 1227 msuper
1129 1136 1182 1206 di·

245 1233 377 1303 cuutS
396 1235 555 1303 Thomam
585 1254 652 1302 non
681 1233 774 1321 loqui
794 1233 835 1301 de
856 1230 1095 1321 impedimento
1125 1251 1183 1299 ra-

160 1397 161 1400 ,
244 1338 346 1417 ptus,
379 1329 436 1397 sed
473 1328 514 1396 de
549 1326 689 1395 erimine
724 1336 862 1415 raptus,
895 1337 933 1394 ut
968 1337 1018 1394 est
1052 1323 1183 1412 specics

244 1419 394 1489 luxuriae
414 1431 448 1489 et
475 1420 673 1509 specialibus
701 1420 818 1508 poenis
838 1418 1007 1507 plectitur.
1026 1416 1182 1486 Secundo

244 1512 442 1601 requiritur,
464 1524 503 1583 ut
522 1514 644 1582 mulier
663 1513 705 1582 de
725 1514 795 1583 loeo
817 1513 858 1581 ad
876 1514 985 1581 locum
1008 1510 1182 1584 moraliter

244 1605 410 1674 diversum
437 1606 544 1694 reipsa
565 1606 762 1677 abducatur.
789 1606 910 1675 Verum
942 1605 1094 1675 absolute
1111 1625 1182 1672 non

244 1698 451 1788 requiritur,
475 1711 512 1768 ut
529 1699 684 1769 abductio
702 1699 761 1768 liat
778 1699 950 1768 inlocum
971 1698 1183 1787 aliquantum

243 1791 445 1875 distantem,
467 1813 542 1862 cum
564 1804 702 1882 raptus,
728 1792 755 1862 si
786 1792 914 1882 reliqua
936 1791 1067 1873 adsint,
1093 1812 1183 1879 quae

243 1885 473 1975 requiruntur,
495 1886 634 1957 existere
655 1886 782 1975 possit,
811 1886 890 1955 lieet
917 1884 1038 1953 mulier
1058 1884 1093 1952 in
1121 1885 1183 1953 do-

211 2065 216 2070 ,
244 1999 339 2047 mum
359 1979 523 2059 vicinam,
547 1982 597 2049 vel
617 2000 635 2048 e
658 1980 709 2048 via
731 1979 863 2069 publica
882 1979 916 2048 in
937 1980 1045 2048 looum
1068 1979 1205 2060 occul-¹

242 2082 316 2142 tum
338 2073 533 2156 abducatur,
557 2073 639 2164 quin
659 2073 727 2144 imo
744 2095 810 2144 uon
832 2085 882 2145 est
901 2073 976 2162 plus
992 2092 1101 2161 aequo
1128 2071 1183 2141 in·

242 2167 424 2237 sistendum
447 2169 482 2238 in
501 2167 664 2238 materiali
697 2167 895 2237 abductione
920 2168 961 2235 de
985 2167 1058 2234 loco
1078 2165 1114 2233 in
1130 2166 1183 2234 lo·

243 2280 332 2343 cum,
353 2282 411 2331 seu
432 2263 473 2332 de
493 2263 588 2332 solita
609 2261 760 2331 mulieris
780 2260 996 2342 habitatione,
1013 2257 1181 2349 siquidem

241 2367 357 2443 raptus
375 2355 491 2424 baberi
512 2366 637 2444 potest,
658 2355 726 2425 sive
746 2354 867 2425 mulier
887 2375 925 2423 ex
945 2374 1012 2422 uuo
1033 2352 1069 2420 in
1089 2352 1181 2420 aliud

243 2446 391 2515 eiusdem
412 2449 531 2519 domus
550 2449 740 2518 cubiculum
762 2448 957 2530 abducatur,
981 2446 1049 2515 sive
1070 2445 1183 2514 veniat

243 2538 283 2608 ad
303 2540 437 2623 locum,
460 2542 494 2610 in
515 2564 582 2631 quo
601 2542 792 2624 detinetur,
816 2553 926 2610 vocata
958 2561 1018 2628 per
1050 2539 1181 2622 dolum;

242 2631 408 2719 siquidem
430 2634 584 2703 abductio
604 2636 714 2705 eloco
744 2656 804 2705 seu
822 2645 908 2703 statu
931 2644 1026 2716 tuto,
1050 2632 1084 2700 in
1112 2654 1181 2721 quo

241 2725 364 2794 mulier
382 2747 450 2803 nou
471 2739 520 2796 est
540 2727 572 2797 in
594 2727 738 2816 raptoris
757 2738 930 2818 potestate,
946 2727 981 2795 iu
1000 2728 1111 2796 locum
1130 2727 1181 2794 rel
1242 2747 1256 2763 ·

242 2828 385 2903 statum,
408 2820 442 2889 in
463 2842 530 2910 quo
550 2821 612 2890 sub
629 2822 730 2890 huius
749 2831 911 2910 potestate
931 2820 1044 2907 degit,
1065 2819 1104 2888 ad
1126 2840 1182 2886 ra-

241 2923 335 2999 ptum
365 2915 632 2985 constituendum
660 2914 828 2984 sufficiens
846 2925 906 2984 est.
932 2913 1011 2981 Vide
1030 2912 1064 2982 S.
1083 2912 1119 2982 (l.
1138 2912 1181 2981 C.

241 3003 624 3101 Ρ1111.Μ111.1311111
646 3019 680 3077 et
699 3005 743 3075 tt
764 3010 848 3096 bug.
867 3004 973 3075 1861.
995 3005 1109 3074 Tertio
1126 3025 1181 3073 re-

175 3179 178 3184 ,
242 3099 400 3188 quiritur,
420 3112 457 3169 ut
475 3102 596 3171 mulier
616 3101 800 3170 abducatur
817 3099 1023 3169 matrimonii
1041 3098 1180 3168 ineundi

242 3212 354 3264 causa
384 3194 479 3263 Unde
504 3206 618 3283 raptor
635 3214 699 3264 neo
717 3204 782 3278 est
805 3213 867 3263 nec
886 3192 950 3261 dici
970 3202 1100 3282 potest,
1122 3191 1180 3280 qui

242 3288 421 3393 puellam
411 3308 445 3356 m
466 3289 577 3377 aliquo
594 3289 668 3357 loeo
684 3298 851 3377 repertam
870 3286 914 3357 ibi
931 3286 1110 3375 opprimat,
1124 3296 1183 3352 aut

204 3421 213 3437 a
241 3380 276 3447 in
292 3400 371 3462 sua,
395 3380 570 3471 alienaque
591 3382 689 3451 domo
715 3394 804 3450 arete
824 3379 1011 3457 custodiat,
1033 3389 1071 3446 ut
1090 3377 1181 3446 exire

119 3476 121 3479 ’
240 3492 307 3540 uon
329 3474 443 3560 possit,
465 3485 523 3543 aut
541 3475 582 3543 ab
600 3495 667 3544 uuo
689 3474 729 3542 ad
750 3474 838 3542 aliud
861 3472 1053 3542 cubiculum
1075 3470 1182 3538 abdu-

242 3576 294 3632 cat
312 3566 458 3686 libidinis
490 3570 670 3657 explendae
700 3589 813 3638 causa
842 3565 980 3636 NamS.
997 3565 1034 3634 C.
1053 3563 1090 3634 C.
1107 3575 1179 3631 turn
