2642 4175
408 447 452 491 ns
468 443 706 490 manumunrrs
723 443 921 489 uarnrsaonu
1019 432 1084 489 299

193 544 290 615 tione
304 543 442 627 decreti,
460 543 549 632 quod
567 552 694 630 spectat
709 541 748 609 ad
766 540 946 632 Europam,
967 542 999 611 in
1015 541 1136 611 Civita-

195 654 232 709 te
248 638 399 720 Bremae,
416 637 451 705 in
468 636 593 704 circuio
614 634 773 703 Senoniae
796 634 972 719 interioris,
988 636 1023 704 in
1045 635 1134 705 dioe-

196 732 266 802 cesi
287 731 430 819 Sophiae
450 730 484 798 in
505 729 679 816 Bulgaria,
709 728 766 795 nbi
786 749 825 797 ex
855 730 926 799 dec.
951 729 984 799 S.
1017 727 1055 798 Ο.
1089 726 1130 797 31

195 829 285 914 Aug.
306 822 398 894 1758
418 821 628 892 matrimonia
650 821 749 891 etiam
772 821 860 891 inter
887 823 1066 892 catholicos
1087 843 1137 891 ce·
1208 885 1214 890 .

199 919 329 988 lebrata
350 916 454 988 ualida
478 916 656 999 habentur,
679 926 723 998 et,
746 916 855 1003 quoad
872 916 999 1000 Asiam,
1022 916 1056 985 in
1078 914 1138 1007 Sp·

195 1012 249 1081 ria
269 1025 300 1082 et
316 1013 352 1082 in
370 1011 480 1081 Insula
499 1009 595 1101 Cypri
610 1020 643 1078 et
655 1009 764 1098 quoad
784 1007 981 1094 Americam,
1004 1009 1037 1077 in
1063 1009 1138 1099 qni-

198 1107 339 1175 busdam
372 1103 512 1176 statibus
547 1100 725 1172 foederatis
744 1101 873 1170 nulium
895 1116 945 1173 est
963 1102 1136 1190 vestigium

196 1200 282 1287 legis
298 1197 497 1269 tridentinae
516 1196 760 1284 promulgatam
776 1197 864 1284 quod
879 1195 1048 1286 speciatim
1064 1215 1140 1263 con-

197 1304 264 1363 stat
277 1295 320 1363 de
333 1289 511 1364 Calitornia
526 1288 693 1379 superiori
708 1309 745 1357 ex
758 1308 846 1379 resp.
860 1288 941 1359 S.0.
959 1310 1014 1358 an.
1029 1284 1135 1356 1853.

625 1518 641 1607 ᾖ
657 1515 715 1588 63.

228 1667 275 1724 Ito
293 1659 446 1726 consensu
465 1671 628 1740 parentum
648 1672 681 1728 tn
705 1672 912 1731 nutrimentis
935 1672 1120 1731 liberorum.

248 1841 376 1932 Operae
408 1846 553 1934 pretium
582 1859 633 1917 est
665 1850 705 1917 de
727 1861 901 1938 parentum
923 1869 1087 1919 consensu
1106 1847 1139 1915 in

200 1936 423 2007 matrimoniis
440 1938 622 2009 liberorum
644 1942 821 2011 disserere.
842 1942 1031 2012 Desiderius
1057 1942 1140 2010 Era-

199 2050 303 2115 smus,
322 2041 354 2101 et
369 2042 441 2120 post
459 2053 536 2102 eum
556 2032 723 2118 Calvinus,
742 2036 865 2104 nedum
881 2034 1007 2119 illicita,
1023 2055 1138 2104 verum

199 2123 300 2193 etiam
322 2127 414 2194 nulia
436 2139 469 2196 et
488 2127 602 2211 irrita,
626 2127 699 2198 iure
720 2128 864 2198 naturali
885 2149 924 2197 ec
942 2129 1064 2210 divino,
1087 2148 1139 2195 ar·

198 2217 371 2288 bitrantnr
395 2240 629 2310 quaecumque
652 2221 874 2300 matrimonia,
895 2242 981 2312 qnae
1008 2243 1025 2290 a
1046 2220 1138 2288 filiis·

199 2311 356 2396 familias
371 2332 438 2382 non
459 2315 678 2403 praecedente
693 2328 868 2405 parentum
887 2334 1062 2398 consensu,
1079 2334 1139 2383 seu

200 2403 282 2493 ipsis
301 2405 428 2490 insciis,
448 2409 499 2476 vel
519 2408 642 2492 inritis,
665 2410 800 2481 fuerant
819 2421 999 2478 contracta.
1017 2407 1138 2477 Luthe-

199 2518 258 2566 rus
277 2519 356 2568 sero
373 2520 440 2568 uon
459 2501 532 2570 sine
552 2502 765 2573 distinctione
787 2502 848 2573 hac
869 2503 902 2572 in
919 2523 955 2573 re
973 2501 1137 2590 dogmati·

198 2604 263 2675 zat;
281 2592 334 2662 rel
354 2594 443 2661 enim
463 2600 539 2663 nata
561 2608 611 2665 est
631 2599 742 2687 proles
769 2617 806 2665 ex
829 2596 1068 2681 matrimonio,
1087 2596 1137 2664 vet

200 2704 280 2753 non.
301 2683 335 2753 Si
355 2685 389 2753 i.
413 2697 477 2756 stat
496 2691 747 2759 matrimonium
769 2691 917 2775 firmum3
936 2690 963 2759 si
979 2689 1015 2759 ἓ.
1031 2689 1064 2759 in
1084 2710 1136 2758 ar·

201 2777 304 2848 bitrio
325 2792 500 2867 parentum
526 2794 575 2852 est
594 2783 677 2852 iilud
698 2796 806 2854 ratum
827 2786 877 2854 vei
898 2783 1029 2853 irritum
1050 2784 1138 2852 iace·

201 2891 250 2939 re.
273 2870 394 2942 Contra
428 2894 506 2943 vero
542 2877 780 2946 catholicorum
814 2877 964 2945 omnium
1000 2897 1138 2946 concors

199 2965 363 3034 sententia
382 2977 443 3049 est,
462 2968 555 3039 nuilo
574 2970 606 3037 in
627 2990 719 3052 casu,
741 2970 768 3038 si
789 2970 840 3039 ins
860 2970 1012 3038 naturaie
1030 2991 1067 3038 ac
1085 2968 1135 3037 di-

200 3056 314 3126 vinnm
338 3071 518 3148 spectetur,
546 3063 641 3131 irrita
664 3084 736 3132 esse
769 3063 902 3132 iliorum
924 3062 1135 3132 matrimonia

201 3150 332 3220 deiectu
352 3173 531 3224 consensus
565 3167 760 3245 parentum;
795 3157 993 3245 pierumque
1027 3167 1136 3224 tamen

199 3242 327 3328 illicita,
351 3266 427 3314 curn
448 3247 520 3318 sine
553 3248 640 3320 iusta
668 3270 765 3318 causa
787 3270 825 3318 ac
844 3246 1055 3331 rationabili,
1076 3246 1136 3314 iiiii

200 3356 269 3406 non
288 3338 433 3427 expetito
455 3341 548 3430 prius
576 3353 610 3411 et
634 3343 771 3412 obtento
801 3363 938 3413 suorum
961 3351 1135 3431 parentum

198 3450 363 3500 consensu
387 3434 599 3519 contrahunt,
623 3449 724 3527 atque
745 3436 868 3506 idcirco
888 3455 1026 3526 peccare
1062 3434 1136 3503 ilios

197 3522 346 3611 graviter
377 3537 491 3597 contra
524 3528 685 3599 honorem
709 3551 747 3599 ao
766 3529 1010 3614 reverentiam,
1035 3548 1134 3618 quam

196 3617 290 3686 omni
313 3616 389 3688 iure
408 3622 566 3707 naturali,
589 3623 711 3708 divino,
730 3625 951 3695 ecclesiastico
984 3635 1016 3693 et
1049 3619 1135 3689 civili
