2642 4175
529 396 692 443 aaanamx
710 396 756 441 ru.
994 383 1058 441 543

169 496 262 567 tione
276 508 309 565 et
324 495 458 565 Petrum
481 494 628 564 unanimi
644 515 807 563 consensu
823 493 1035 584 perspicuum
1051 496 1104 579 sit,

172 611 233 680 per
262 611 390 658 sacram
411 588 685 671 ordinationem,
717 608 803 677 quae
821 589 930 658 verbis
951 601 984 658 et
1003 590 1107 679 signis

171 683 392 753 exterioribus
413 682 595 771 perficitur,
618 681 758 770 gratiam
776 683 932 764 conferri,
953 684 1107 753 dubitare

171 797 272 846 nemo
293 778 391 846 debet
411 776 567 846 Ordinem
588 797 661 844 esse
680 797 757 845 rere
789 789 822 844 et
841 776 975 866 proprie
1003 799 1106 847 unum

174 891 212 940 ex
237 884 363 960 septem
385 883 517 940 sanctae
537 868 702 938 Ecclesiae
733 868 1000 940 Sacramentis.›
1023 872 1108 940 llinc

171 985 291 1034 omnes
318 962 477 1052 Theologi
510 964 681 1045 inferunt,
704 962 768 1032 lide
789 962 897 1031 divina
925 966 1106 1033 tenendum

175 1059 293 1128 saltem
314 1056 561 1127 Ordinationem
589 1058 801 1127 sacerdotum
838 1077 910 1126 esse
941 1079 1055 1126 verum
1075 1071 1109 1128 et

175 1151 346 1241 proprium
370 1151 634 1231 Sacramentum,
651 1152 692 1219 ad
712 1150 884 1219 veritatem
904 1151 992 1219 enim
1013 1172 1108 1240 prac-

176 1245 282 1314 dictae
304 1245 506 1314 delinitionis
528 1244 745 1327 universalis,
764 1246 898 1313 necesse
918 1255 990 1328 est,
1015 1252 1108 1316 ut'ea

173 1340 216 1407 ad
237 1338 412 1409 minimam
430 1339 668 1427 complectatur
688 1336 844 1406 Ordinem
865 1339 1109 1426 praestantissi-

175 1453 280 1514 mum,
301 1433 399 1522 quale
418 1445 469 1502 est
489 1431 729 1502 Sacerdotium.
748 1431 838 1500 lnter
858 1433 990 1500 eosdem
1009 1433 1109 1502 etiam

174 1526 395 1596 communiter
412 1526 573 1609 convenit,
588 1546 700 1595 veram
719 1524 923 1594 Sacramenti
944 1525 1108 1596 rationem

175 1620 374 1709 participare
392 1620 624 1710 Episcopatum
644 1632 677 1689 et
692 1619 921 1701 Diaconetum‚
938 1620 1020 1709 quin
1042 1621 1109 1689 imo

174 1714 215 1782 de
230 1713 442 1802 Episcopatu,
464 1713 591 1783 etiamsi
612 1714 653 1782 ab
666 1713 835 1803 aliquibus
847 1735 914 1782 non
934 1728 1109 1784 censeatur

174 1808 256 1875 ordo
289 1808 436 1874 diversus
457 1828 473 1874 a
497 1806 709 1887 Sacerdotio‚
745 1808 838 1875 ouius
869 1819 978 1875 tamen
994 1858 1003 1888 ‚
1020 1809 1109 1877 iuxta

174 1921 290 1968 omnes
310 1912 360 1968 est
380 1899 547 1981 extensio,
571 1899 729 1986 perfectio
746 1911 779 1967 et
809 1901 1106 1986 complementum,

174 1993 206 2060 id
225 2014 297 2062 esse
316 1991 441 2082 pariter
461 1993 502 2061 de
534 1991 600 2060 lide
620 1990 763 2059 affirmat
782 1991 901 2060 Petrus
929 1990 1029 2075 Solo,
1053 2005 1110 2062 ant

174 2089 289 2157 saltem
312 2109 377 2156 non
399 2107 505 2176 posse,
527 2085 599 2155 sine
622 2084 770 2174 periculo
793 2097 826 2155 et
846 2084 954 2173 gratis
985 2086 1110 2157 erroris

174 2193 249 2250 nota
271 2181 334 2250 hoc
353 2193 502 2270 tempore
520 2180 637 2267 negari
670 2193 822 2248 asserunt
841 2179 994 2248 Mediae.
1016 2234 1024 2248 .
1044 2232 1078 2248 ..
1101 2231 1108 2249 .

173 2288 208 2343 et
224 2273 383 2365 Vosquez.
407 2298 422 2340 ›
448 2274 614 2344 Hactenus
641 2271 839 2341 Benedictus
867 2272 934 2340 XIV
966 2274 1007 2342 ‹le
1028 2273 1107 2365 Syn.

175 2368 288 2437 Dicae.
311 2369 368 2436 lib.
386 2365 419 2450 8,
439 2390 511 2456 cap
529 2366 563 2436 9
583 2366 1110 2478 videquaediximusinnostris

178 2461 261 2531 lnst
285 2462 499 2531 Canonicisl
524 2460 564 2544 ll,
587 2461 644 2529 cit.
667 2481 696 2528 c
718 2459 732 2526 1
743 2459 908 2549 ,§lt.

221 2554 319 2624 Sacra
335 2554 505 2624 Ordinatio
521 2555 671 2643 pluribus
683 2552 902 2623 caeremoniis
921 2525 1111 2641 perficitur.

179 2645 415 2737 Praecipuae
407 2670 440 2717 m
461 2648 675 2718 Ordinatione
704 2647 917 2718 Sacerdotem
942 2662 1043 2731 suot,
1061 2649 1109 2720 eis

176 2761 294 2810 manus
313 2744 496 2831 imponere,
524 2764 637 2831 preces
650 2763 758 2830 super
777 2763 833 2811 eos
863 2742 1026 2824 fundere,
1059 2743 1110 2813 di·
1178 2815 1182 2824 ,

174 2833 286 2904 uinum
308 2834 492 2924 Spiritum
486 2857 656 2917 invocare,
678 2837 811 2904 illorum
835 2855 950 2902 manus
970 2836 1044 2903 oleo
1059 2856 1108 2905 ca·

173 2926 482 3024 thecumenorum
475 2948 648 3016 inungere,
670 2928 750 3016 ipsis
773 2929 907 2996 demum
926 2927 1062 2998 calicem
1076 2942 1110 2999 et

174 3033 328 3110 patenam
354 3042 429 3090 cum
450 3022 552 3089 sacris
569 3021 727 3112 symbolis
746 3019 979 3091 consecrandis
997 3024 1107 3092 trade·

170 3135 225 3184 re
247 3114 379 3184 Diaconi
401 3135 534 3204 quoque
556 3135 618 3202 per
643 3135 802 3185 manuum
834 3115 1105 3204 impositionem,

175 3208 402 3278 recitationem
425 3228 559 3297 precum
578 3221 610 3276 et
630 3208 876 3296 evangeliorum
895 3208 1107 3278 traditionem

175 3302 386 3374 ordinantur.
416 3298 615 3369 Subdiaconi
636 3301 795 3385 demum,
816 3302 1006 3392 caeterique
1039 3303 1109 3373 Cle·

175 3394 236 3463 riai
258 3417 316 3483 per
336 3394 546 3463 traditionem
577 3394 893 3479 instrumentorum,
926 3417 1012 3485 quae
1030 3409 1109 3467 sunt

175 3489 337 3578 cuiusque
358 3488 490 3558 Ordinis
507 3486 660 3577 propria,
683 3499 717 3556 et
736 3509 795 3577 per
812 3508 942 3578 preces,
962 3510 1045 3578 quas
1066 3489 1108 3556 E·

176 3581 329 3672 piscopos
349 3581 567 3652 instrumenta
586 3581 785 3671 porrigendo
820 3582 946 3664 recitat,
978 3579 1110 3651 Ordini-
