2642 4175
360 380 405 423 un
421 359 656 426 maunmunrts
675 351 873 426 uaumuoun
968 363 1033 421 279

145 487 272 560 menta,
294 477 473 565 postremis
484 477 664 567 praecipue
678 476 894 566 temporibus,
909 475 972 544 hac
985 493 1086 564 super

144 590 182 637 re
198 591 217 638 a
234 568 268 637 S.
284 570 320 638 G.
340 570 377 639 C.
397 571 497 650 edita,
511 572 642 640 nullum
657 571 801 661 amplius
816 581 920 640 exstat
932 566 1083 651 dubium,
1201 571 1208 577 ”

146 663 230 753 quin
265 663 459 733 affirmativa
494 666 658 736 sententio
689 665 831 734 omnino·
855 663 996 733 tenenda
1028 660 1083 731 sit.

147 756 289 827 Omissis
308 759 477 847 responsis
508 781 563 827 an.
595 757 688 827 1786
719 760 759 828 ad
791 756 901 847 Episc.
927 757 1087 846 Corcyra·

148 873 244 934 num,
267 872 323 919 an.
346 849 439 919 1808
460 853 499 920 31
520 853 629 942 Episo.
656 853 877 931 Melitensem,
897 870 951 920 an.
974 846 1083 932 1817,

147 947 187 1014 31
210 945 281 1013 Vic.
303 943 498 1015 Generolem
520 947 754 1025 Parisicnsem‚
774 966 827 1014 an.
851 941 955 1026 1888,
978 943 1019 1011 ad
1040 940 1089 1008 Vi·

147 1038 276 1107 carium
310 1041 424 1128 Apost.
460 1038 671 1123 Bradanum,
701 1061 756 1108 an,
784 1036 872 1106 1881
903 1037 942 1106 od
975 1033 1084 1125 Episo.

145 1132 441 1217 Cameracensem,
471 1155 527 1203 cu.
549 1132 640 1203 1817
662 1134 701 1202 ad
722 1131 831 1222 Episc.
854 1128 1017 1198 Fluminis
1037 1127 1086 1197 ia·

145 1225 277 1310 nuarii,
299 1239 408 1295 etan.
439 1225 531 1296 1818
553 1230 592 1297 ad
614 1228 723 1319 llpiso.
745 1226 955 1295 Viverensem
977 1222 1084 1305 datis,

145 1341 230 1409 quae
251 1320 390 1390 collecta
420 1321 568 1411 reperies
595 1342 696 1411 penes
716 1321 796 1390 clar.
819 1318 1018 1399 Perrone,‹
1040 1315 1086 1384 De
1214 1357 1217 1374 ·

146 1412 501 1484 Matrimthristiano
519 1416 556 1483 T.
578 1414 652 1499 8,1.
675 1413 709 1499 8,
730 1424 812 1484 sect.
832 1413 872 1495 1,
892 1433 921 1481 o.
945 1409 978 1493 6,
1000 1430 1033 1478 a.
1050 1407 1083 1492 8,

145 1508 222 1576 satis
243 1507 342 1576 nohis
360 1507 423 1577 erit
445 1509 565 1577 ailerre
585 1508 784 1578 decisionem
807 1505 840 1575 8.
860 1501 1085 1574 Poenitentia·

148 1600 217 1669 riae
238 1598 286 1668 88
303 1602 397 1671 Mart.
421 1600 525 1685 1881,
549 1602 604 1671 uhi
623 1604 663 1671 ad
683 1601 821 1671 dubium
846 1623 860 1667 i
883 1597 1000 1669 Utrum
1016 1617 1085 1665 rne-

150 1694 308 1763 trimonia
328 1696 369 1762 ab
385 1695 563 1764 haereticis
576 1697 664 1765 inter
677 1717 724 1781 se,
741 1708 798 1765 aut
811 1714 884 1762 cum
901 1690 1082 1773 catholicis,

148 1787 233 1856 iuxta
249 1788 338 1856 solas
352 1788 441 1877 leges
455 1789 579 1873 civiles,
594 1811 653 1859 seu
673 1810 784 1858 coram
801 1786 952 1855 ministro
968 1784 1086 1852 liuere·

149 1881 223 1965 tico,
247 1881 321 1949 sine
340 1882 525 1969 praeseutia
546 1882 685 1952 Paroshi
706 1880 859 1951 catholici
874 1875 1085 1961 inita,valida

149 1974 215 2043 sint
233 1975 271 2041 in
289 1972 413 2053 Galliis,
428 1986 462 2044 et
476 1975 510 2043 in
527 1976 602 2045 aliis
616 1976 823 2064 regionibus,
839 1972 894 2041 uhi
913 1985 949 2039 ut
963 1970 997 2038 in
1016 1967 1087 2039 Gal-

147 2067 200 2138 liis
229 2079 451 2157 protestantes
477 2081 511 2139 et
531 2069 691 2139 haeretici
717 2089 832 2138 omnes
852 2065 976 2134 hahent
1008 2083 1085 2131 suos
1190 2143 1197 2158 „

149 2161 344 2245 ministros,
367 2164 513 2252 templa,
532 2185 591 2232 ssu
613 2174 734 2232 statum
756 2160 896 2248 legalem
922 2155 1084 2226 aGuher-

145 2255 201 2325 nio
220 2255 452 2344 probatom‘l»
476 2258 627 2347 reposuit
648 2280 662 2322 t
680 2255 848 2344 Negative,
872 2248 1016 2339 exceptis
1036 2268 1086 2316 re-

146 2347 329 2435 gionibus,
351 2351 391 2418 de
424 2351 546 2438 quihus
577 2349 727 2440 loquitur
758 2347 840 2418 lien.
861 2344 927 2412 lllV
946 2344 980 2411 in
998 2341 1083 2411 dccl.

147 2441 212 2511 diei
234 2441 258 2509 1
276 2443 355 2511 Νον.
378 2441 491 2528 1711,
514 2456 614 2534 atque
635 2445 674 2514 ad
696 2463 777 2532 quas
798 2461 858 2531 per
878 2455 1085 2508 successores

146 2535 297 2605 33331113
314 2538 429 2606 eadem
450 2538 630 2607 declaratio
651 2549 784 2607 extensa
805 2545 901 2605 est.»

192 2630 266 2699 Duo
294 2628 349 2698 hic
368 2642 514 2719 praestat
537 2632 814 2701 animadvertere.
843 2626 992 2696 Primum
1011 2633 1082 2692 cst:

147 2722 356 2794 Matrimonia
376 2725 459 2793 haec
473 2725 545 2793 lieri
565 2726 683 2810 valida,
704 2724 761 2793 uhi
775 2722 1021 2802 contrahentes,
1044 2717 1085 2785 de

147 2817 302 2886 nullitate
323 2817 525 2887 matrimonii
546 2819 670 2908 optime
690 2818 797 2907 gnari,
824 2814 888 2884 alio
920 2833 954 2882 se
974 2809 1053 2880 coni
1070 2847 1086 2861 ·

148 2922 248 2994 rant,
271 2910 329 2979 uhi
350 2910 580 2981 Tridentinum
601 2911 786 2981 Concilium
817 2929 884 2976 non
908 2901 1086 2994 est-publi·

148 3015 279 3087 catum,
299 3004 537 3075 habitationem
565 3005 612 3074 ihi
632 3005 737 3092 figant
754 3015 787 3071 et
801 3022 862 3090 per
882 3012 1013 3088 tempus
1030 3016 1085 3066 ne·

147 3098 328 3166 cessarium
349 3110 604 3185 commorantes,
618 3119 702 3166 novo
715 3093 983 3176 consensu,illud
997 3110 1085 3158 rera-

148 3188 264 3259 lident.
286 3191 367 3261 Vide
388 3191 445 3261 SS.
462 3193 616 3282 inquisit.
632 3190 735 3260 decis.
752 3210 806 3257 au.
822 3184 915 3254 1818
932 3196 964 3252 et
977 3178 1081 3249 1818.

148 3283 296 3370 Alterum
318 3297 391 3370 est,
425 3285 523 3355 citata
555 3283 780 3355 declaratione
799 3276 1007 3348 benedictina
1028 3273 1085 3341 de·

147 3376 262 3462 cerni,
282 3377 319 3445 l⁰
341 3380 551 3449 matrimonia
573 3379 607 3448 in
627 3375 806 3448 loederatis
827 3372 931 3462 Balgii
951 3368 1084 3460 provin·
1145 3396 1149 3405 ·

146 3469 205 3538 ciis
225 3469 314 3541 inter
344 3473 428 3542 duos
459 3474 644 3542 haereticos
661 3526 682 3558 ‚,
698 3492 805 3562 usque
829 3469 928 3539 motio
954 3474 1085 3568 contra:

147 3575 208 3645 cto,
229 3587 383 3655 quaeque
404 3566 437 3635 in
467 3579 636 3656 posterum
658 3565 925 3646 contrahentur,
954 3557 1084 3628 etiamst
1120 3572 1125 3577 ⁸
