2642 4175
340 391 385 436 nn
399 392 678 439 enornmrsrmue
696 395 897 441 usrmuuuu
973 385 1039 442 411

142 498 275 567 sentiente
292 510 368 570 perte
384 510 465 561 entes
481 518 619 567 converse,
637 504 679 556 vel
701 503 840 558 accedente
857 505 895 558 8.·
905 505 1091 560 Pontificisdi-

144 577 329 642 monolinum
342 580 447 635 Certum
459 586 500 632 cst
517 594 570 633 non
583 579 703 633 sufficere
715 582 796 650 pertis
806 596 972 647 eonsensum
983 598 1017 635 ιιι
1027 597 1091 636 rere
1180 596 1186 609 ·

144 666 195 720 per
216 651 434 723 dispensationem
453 654 619 723 apostolicam
637 655 695 708 fieri
708 656 734 709 id
752 658 843 726 possit,
860 658 1022 729 disputetnm
1041 666 1089 723 est,

145 737 172 779 ct
190 739 297 799 posteo
315 747 382 800 quse
401 729 592 785 uS.C.C.in
610 732 773 786 miseelllor.
796 739 829 786 tr
848 734 908 788 lulli
926 737 1090 798 {ldmetdd

144 802 235 860 llertii
252 812 319 861 test
334 818 359 861 ιι
377 824 391 860 ι
408 807 436 861 S
450 808 484 863 0.
498 809 595 862 clunii
607 815 675 863 seeo
686 813 802 881 exposite
812 821 874 866 sunt
885 830 914 866 sc
928 822 1092 882 pertrectato,

143 878 992 1030 tttltttttltltttt:littttlffl‘t't3⁹⁰⁶
1005 890 1091 1018 ’ῗωῖ

144 1041 186 1092 nie
196 1041 358 1110 exemplum.
374 1039 406 1093 lt⁰
418 1038 573 1108 Quaeritur,
548 981 755 1095 elecelvstm
775 982 1092 1097 mlntrlmetlnitlrlleilllnwd·

143 1115 256 1173 dclitstc
270 1127 433 1175 conuectum
457 1134 505 1186 per
522 1117 644 1172 ordinum
666 1121 871 1189 susceptionem,
888 1128 933 1174 eut
950 1122 1092 1189 professio-

144 1209 208 1250 nem
219 1196 362 1250 solemnem
374 1195 511 1248 couversil
524 1194 620 1262 Agitur
631 1195 675 1248 hic
684 1195 717 1248 dc
729 1197 894 1250 metrimonio
905 1204 1091 1268 consummet03

143 1289 204 1328 nem
218 1271 253 1325 de
269 1280 326 1325 reto
343 1271 511 1327 matrimomo
532 1271 623 1325 nullus
642 1280 682 1324 est
694 1271 852 1326 dubitetioni
865 1274 946 1326 locus.
966 1272 1094 1327 Consum·

29 1376 32 1379 ·
143 1358 246 1403 metum
264 1362 329 1401 vero
349 1362 402 1400 non
425 1346 555 1413 dissolvi,
572 1346 703 1418 quidquid
722 1358 812 1402 contre
830 1349 919 1402 dicent
942 1348 1094 1418 Toumely,

143 1426 241 1488 oetier,
258 1423 368 1493 aliique,
385 1430 489 1492 recepte
508 1431 547 1476 cst
564 1423 644 1481 lrotlie
655 1425 751 1493 ,opinio
762 1442 794 1478 es
811 1427 856 1479 cit.
875 1425 945 1478 Fler.
959 1429 994 1479 ιθ
1004 1425 1093 1480 liertii

144 1508 225 1556 titt.
245 1499 321 1554 Unde
339 1516 399 1570 pers
419 1500 452 1557 in,
470 1499 627 1554 inlidelitete
649 1503 880 1557 remenenssliutl
899 1503 1092 1558 metrimonium

143 1581 241 1650 nequit
257 1580 337 1643 inire,
362 1587 388 1632 et
408 1581 431 1632 si
453 1589 623 1633 convertetur
639 1581 672 1634 sd
689 1581 787 1647 fidem,
811 1584 850 1637 nil
867 1583 940 1636 eliud
958 1590 1094 1645 remunet,

142 1673 223 1726 quem
247 1664 277 1709 ut
294 1655 514 1724 dispensationem
537 1655 662 1710 obtineat.
682 1659 713 1712 ιο
725 1648 888 1727 Quaestor,
901 1675 933 1711 en
951 1673 1093 1712 conversus

142 1735 189 1801 qui
210 1748 310 1785 novum
328 1749 382 1785 non
399 1732 477 1785 inivit
494 1734 700 1799 matrimonium,
723 1752 771 1788 nec
789 1736 975 1804 professionem
997 1735 1094 1812 emisit

142 1818 188 1863 eut
205 1809 313 1863 ordines
329 1826 416 1864 secros
433 1813 557 1880 suscepit,
577 1820 697 1865 tenentur
713 1830 745 1864 ex
769 1814 868 1867 iustitis
881 1813 914 1865 od
935 1822 1093 1883 compensem

143 1887 282 1950 redire,'
262 1904 284 1938 ιι
300 1895 325 1938 ιι
343 1888 398 1955 ipss
416 1890 601 1941 convertetur?
619 1887 648 1940 ln
675 1905 732 1958 cop
751 1888 813 1942 8dc
831 1889 952 1943 divortiis
968 1891 1033 1943 hsec
1046 1889 1091 1941 lm·

141 1961 275 2015 lentur:
263 1961 394 2030 s’Quod
373 1980 394 2014 ιι
404 1979 560 2016 conversum
573 1961 606 2015 ed
619 1962 699 2016 fidem
711 1972 738 2015 et
751 1964 805 2032 ipse
818 1980 943 2017 converse
955 1974 1091 2038 sequetur,

144 2051 287 2111 antequem
308 2049 417 2111 propter
439 2056 529 2095 ctuses
547 2038 693 2110 praedictus
711 2041 853 2110 legitimum
871 2041 916 2093 illc
935 2040 1015 2095 ducet
1028 2057 1093 2095 uxo-

145 2136 213 2184 rem,
227 2136 283 2173 cem
302 2119 421 2188 occipere
439 2118 637 2188 compelletur.»
653 2117 751 2188 Excipe
769 2127 825 2171 tum
839 2133 999 2187 cesum,quo
1010 2118 1097 2187 primo

145 2211 289 2249 conversus
301 2196 387 2247 omisit
399 2194 584 2264 professionem
597 2194 744 2263 religiosam
762 2194 804 2247 vel
822 2194 937 2262 suscepit
953 2193 998 2247 SS.
1011 2192 1091 2248 Ordi·
1148 2233 1152 2238 .

145 2289 204 2339 nes,
223 2280 279 2325 tum
297 2288 397 2335 cesum,
413 2288 467 2341 quo
483 2269 599 2323 secundo
616 2287 757 2323 conversus
775 2279 831 2339 post
851 2285 925 2323 suom
943 2270 1093 2323 cenversio·

146 2366 208 2404 nem
221 2348 295 2406 dedit
305 2365 409 2404 csusem
421 2347 558 2406 obtinendi
567 2350 768 2416 sepsretionem.
778 2349 810 2403 6⁰
818 2348 972 2417 Queeritur,
981 2366 1015 2402 en
1025 2347 1097 2401 Pon-

148 2426 212 2480 tiles
224 2425 376 2490 dissolvere,
389 2442 436 2479 eut
445 2426 649 2495 dispensetione,
658 2425 740 2495 possit
751 2424 1041 2480 matrimoniumrstnm
1051 2424 1093 2477 in-

147 2512 187 2556 ter
199 2502 328 2566 infideles,
345 2501 387 2554 vel
399 2503 477 2555 etism
490 2503 686 2562 matrimonium
705 2509 912 2556 consummatum
930 2501 999 2553 iuter
1013 2501 1092 2570 ipsos,

147 2582 168 2633 si
193 2589 252 2649 post
268 2589 418 2649 susceptum
436 2596 451 2631 ι
468 2579 580 2649 coniuge
596 2579 756 2647 baptismum
774 2578 848 2633 nulle
871 2578 982 2631 carnalis
999 2577 1093 2648 copule

149 2654 310 2736 intercessit!
326 2653 402 2708 Certe
424 2654 469 2707 hio
485 2654 518 2707 sb
536 2655 644 2709 incertis
661 2662 722 2708 sunt
738 2653 908 2708 secernends.
929 2655 1035 2708 Certum
1053 2664 1092 2707 est
1120 2665 1124 2668 ·

148 2734 281 2803 pontilicis
298 2732 491 2802 dispensatione
508 2733 613 2787 dissolvi
630 2750 684 2787 nou
704 2750 777 2802 pesse
795 2733 989 2787 metrimonlum
1006 2742 1092 2785 retum

149 2810 318 2873 infidelium,
342 2810 364 2862 si
381 2809 430 2879 ipsi
457 2811 484 2862 itt
510 2809 664 2864 infidelitote
687 2817 865 2878 permoneent.
883 2812 998 2861 Potestne
1022 2808 1092 2860 eninr

149 2887 285 2941 Pontificis
310 2885 343 2938 ed
361 2902 405 2938 eos
423 2894 523 2939 tentum
542 2903 571 2938 se
591 2885 718 2949 extendit,
736 2887 782 2955 qui
805 2903 853 2955 per
869 2886 1027 2954 baptismum
1044 2884 1093 2936 sli-

149 2961 257 3032 quendo
279 2962 388 3032 ingressi
406 2970 468 3015 sunt
490 2961 644 3026 Ecclesium
663 2970 764 3015 certum
789 2962 885 3030 pariter
903 2969 942 3013 est
958 2960 1093 3013 matrimu-

149 3040 224 3092 nium
241 3048 328 3092 retum
348 3036 507 3102 infidelium,
525 3037 548 3089 si
564 3035 597 3090 sd
615 3037 695 3089 fidem
712 3045 898 3089 convertentur
915 3052 946 3088 ex
963 3037 1091 3088 contraris

150 3115 269 3180 tutione,
288 3115 428 3185 apostolice
451 3113 643 3184 dispensetione
659 3111 782 3173 dissolvi,
801 3112 862 3179 quie
885 3128 933 3180 per
949 3110 1091 3181 bsptisms,

150 3194 222 3262 qnod
240 3200 406 3281 receperunt,
430 3191 480 3245 ism
498 3191 675 3245 coniiciuntur
692 3187 837 3244 secundum
856 3194 928 3239 sect
947 3186 1090 3240 secundum

150 3269 345 3326 metrimonium
362 3284 439 3324 suum
464 3268 584 3340 poteststi
611 3275 638 3320 et
660 3263 833 3318 iurisdictioni
845 3261 985 3314 pontificis
1004 3265 1093 3330 Quone

152 3356 202 3400 tote
225 3347 401 3402 controversie
426 3354 527 3414 spectet
556 3343 771 3403 matrimonium,
796 3339 866 3410 quod
884 3340 964 3391 luerit
985 3339 1091 3407 quidem
1126 3393 1132 3408 ‚

152 3434 357 3478 consummatum
387 3432 447 3476 ente
473 3422 600 3491 baptismo
631 3422 664 3474 eb
687 3430 799 3488 utroque
827 3426 1000 3486 susceptum,
1026 3418 1092 3488 quin

151 3499 204 3553 ulle
227 3502 325 3554 carneli
349 3501 441 3571 copule
470 3508 527 3569 post
553 3499 712 3567 bsptismum
736 3515 763 3550 se
787 3496 965 3566 cognoverint.
989 3494 1091 3550 Etenim

150 3575 199 3629 ltoc
217 3593 279 3631 cesu
304 3578 488 3649 dispensetioni
514 3577 647 3631 Pontificis
665 3576 750 3630 locum
772 3590 827 3628 esse
853 3591 905 3627 non
923 3573 999 3643 peuci
1023 3574 1094 3626 effic·
