<?xml version="1.0" encoding="UTF-8"?>
<!DOCTYPE html PUBLIC "-//W3C//DTD XHTML 1.0 Transitional//EN"
    "http://www.w3.org/TR/xhtml1/DTD/xhtml1-transitional.dtd">
<html xmlns="http://www.w3.org/1999/xhtml" xml:lang="en" lang="en">
 <head>
  <title>
</title>
<meta http-equiv="Content-Type" content="text/html;charset=utf-8" />
  <meta name='ocr-system' content='tesseract 3.04.00' />
  <meta name='ocr-capabilities' content='ocr_page ocr_carea ocr_par ocr_line ocrx_word'/>
</head>
<body>
  <div class='ocr_page' id='page_1' title='image "./septimiimariaev00veccgoog_0020.png"; bbox 0 0 2642 4175; ppageno 0'>
   <div class='ocr_carea' id='block_1_1' title="bbox 285 380 776 448">
    <p class='ocr_par' dir='ltr' id='par_1_1' title="bbox 285 380 776 448">
     <span class='ocr_line' id='line_1_1' title="bbox 285 380 776 448; baseline 0.004 -2"><span class='ocrx_word' id='word_1_1' title='bbox 285 380 329 447; x_wconf 81' lang='lat' dir='ltr'><strong>tt</strong></span> <span class='ocrx_word' id='word_1_2' title='bbox 632 393 736 448; x_wconf 68' lang='lat' dir='ltr'><strong>snm</strong></span> <span class='ocrx_word' id='word_1_3' title='bbox 753 394 776 440; x_wconf 91' lang='lat'><strong>1·</strong></span> 
     </span>
    </p>
   </div>
   <div class='ocr_carea' id='block_1_2' title="bbox 231 490 1277 3580">
    <p class='ocr_par' dir='ltr' id='par_1_2' title="bbox 231 490 1277 2081">
     <span class='ocr_line' id='line_1_2' title="bbox 238 490 1174 584; baseline -0.007 -17"><span class='ocrx_word' id='word_1_4' title='bbox 238 493 326 568; x_wconf 74' lang='lat' dir='ltr'><strong>istro</strong></span> <span class='ocrx_word' id='word_1_5' title='bbox 357 491 554 584; x_wconf 71' lang='lat' dir='ltr'><strong>promiesm</strong></span> <span class='ocrx_word' id='word_1_6' title='bbox 587 491 763 582; x_wconf 74' lang='lat' dir='ltr'><strong>penuriam</strong></span> <span class='ocrx_word' id='word_1_7' title='bbox 793 500 965 582; x_wconf 80' lang='lat' dir='ltr'><strong>nequeunt</strong></span> <span class='ocrx_word' id='word_1_8' title='bbox 996 490 1174 583; x_wconf 84' lang='lat' dir='ltr'><strong>recipere,</strong></span> 
     </span>
     <span class='ocr_line' id='line_1_3' title="bbox 236 585 1177 678; baseline 0.004 -22"><span class='ocrx_word' id='word_1_9' title='bbox 236 597 474 678; x_wconf 74' lang='lat' dir='ltr'><strong>temptumque</strong></span> <span class='ocrx_word' id='word_1_10' title='bbox 500 585 678 660; x_wconf 83' lang='lat' dir='ltr'><strong>restituero</strong></span> <span class='ocrx_word' id='word_1_11' title='bbox 691 595 847 658; x_wconf 80' lang='lat' dir='ltr'><strong>tenemur</strong></span> <span class='ocrx_word' id='word_1_12' title='bbox 861 636 871 667; x_wconf 90' lang='lat'>,</span> <span class='ocrx_word' id='word_1_13' title='bbox 886 604 954 658; x_wconf 86' lang='lat' dir='ltr'><strong>non</strong></span> <span class='ocrx_word' id='word_1_14' title='bbox 983 585 1073 675; x_wconf 84' lang='lat' dir='ltr'><strong>quod</strong></span> <span class='ocrx_word' id='word_1_15' title='bbox 1093 605 1177 660; x_wconf 82' lang='lat' dir='ltr'><strong>oon·</strong></span> 
     </span>
     <span class='ocr_line' id='line_1_4' title="bbox 237 676 1177 770; baseline -0.002 -16"><span class='ocrx_word' id='word_1_16' title='bbox 237 699 355 754; x_wconf 84' lang='lat' dir='ltr'><strong>seustu</strong></span> <span class='ocrx_word' id='word_1_17' title='bbox 374 677 570 770; x_wconf 75' lang='lat' dir='ltr'><strong>simpliciter</strong></span> <span class='ocrx_word' id='word_1_18' title='bbox 588 677 794 754; x_wconf 84' lang='lat' dir='ltr'><strong>volunterim</strong></span> <span class='ocrx_word' id='word_1_19' title='bbox 826 677 861 754; x_wconf 90' lang='lat' dir='ltr'><strong>in</strong></span> <span class='ocrx_word' id='word_1_20' title='bbox 881 676 1094 768; x_wconf 74' lang='lat' dir='ltr'><strong>promittente</strong></span> <span class='ocrx_word' id='word_1_21' title='bbox 1114 679 1177 752; x_wconf 86' lang='lat' dir='ltr'><strong>de·</strong></span> 
     </span>
     <span class='ocr_line' id='line_1_5' title="bbox 238 772 1178 863; baseline -0.001 -21"><span class='ocrx_word' id='word_1_22' title='bbox 238 773 366 858; x_wconf 77' lang='lat' dir='ltr'><strong>suerit,</strong></span> <span class='ocrx_word' id='word_1_23' title='bbox 388 773 446 848; x_wconf 83' lang='lat' dir='ltr'><strong>red</strong></span> <span class='ocrx_word' id='word_1_24' title='bbox 471 772 559 863; x_wconf 82' lang='lat' dir='ltr'><strong>quod</strong></span> <span class='ocrx_word' id='word_1_25' title='bbox 577 772 698 848; x_wconf 83' lang='lat' dir='ltr'><strong>ittmni</strong></span> <span class='ocrx_word' id='word_1_26' title='bbox 715 793 754 844; x_wconf 86' lang='lat' dir='ltr'><strong>an</strong></span> <span class='ocrx_word' id='word_1_27' title='bbox 779 772 979 844; x_wconf 70' lang='lat' dir='ltr'><strong>foeneratori</strong></span> <span class='ocrx_word' id='word_1_28' title='bbox 998 772 1103 844; x_wconf 81' lang='lat' dir='ltr'><strong>defuit</strong></span> <span class='ocrx_word' id='word_1_29' title='bbox 1119 773 1178 850; x_wconf 85' lang='lat' dir='ltr'><strong>ius</strong></span> 
     </span>
     <span class='ocr_line' id='line_1_6' title="bbox 235 864 1175 957; baseline -0.004 -17"><span class='ocrx_word' id='word_1_30' title='bbox 235 887 296 940; x_wconf 85' lang='lat' dir='ltr'><strong>teu</strong></span> <span class='ocrx_word' id='word_1_31' title='bbox 309 867 427 942; x_wconf 81' lang='lat' dir='ltr'><strong>titulus</strong></span> <span class='ocrx_word' id='word_1_32' title='bbox 440 887 514 944; x_wconf 78' lang='lat' dir='ltr'><strong>netu</strong></span> <span class='ocrx_word' id='word_1_33' title='bbox 532 865 707 957; x_wconf 85' lang='lat' dir='ltr'><strong>peonniem</strong></span> <span class='ocrx_word' id='word_1_34' title='bbox 724 865 906 956; x_wconf 80' lang='lat' dir='ltr'><strong>emipiendi</strong></span> <span class='ocrx_word' id='word_1_35' title='bbox 921 864 1175 957; x_wconf 81' lang='lat' dir='ltr'><strong>retinendique.-</strong></span> 
     </span>
     <span class='ocr_line' id='line_1_7' title="bbox 236 957 1180 1051; baseline 0.004 -21"><span class='ocrx_word' id='word_1_36' title='bbox 236 957 550 1036; x_wconf 65' lang='lat' dir='ltr'><strong>immitterentur</strong></span> <span class='ocrx_word' id='word_1_37' title='bbox 568 980 637 1034; x_wconf 85' lang='lat' dir='ltr'><strong>nen</strong></span> <span class='ocrx_word' id='word_1_38' title='bbox 655 971 789 1032; x_wconf 82' lang='lat' dir='ltr'><strong>tenetur</strong></span> <span class='ocrx_word' id='word_1_39' title='bbox 801 960 1050 1051; x_wconf 73' lang='lat' dir='ltr'><strong>renuerequod</strong></span> <span class='ocrx_word' id='word_1_40' title='bbox 1069 960 1180 1034; x_wconf 80' lang='lat' dir='ltr'><strong>tuetu-</strong></span> 
     </span>
     <span class='ocr_line' id='line_1_8' title="bbox 235 1052 1179 1145; baseline -0.002 -17"><span class='ocrx_word' id='word_1_41' title='bbox 235 1073 324 1140; x_wconf 76' lang='lat' dir='ltr'><strong>rum,</strong></span> <span class='ocrx_word' id='word_1_42' title='bbox 345 1053 397 1124; x_wconf 82' lang='lat' dir='ltr'><strong>ret</strong></span> <span class='ocrx_word' id='word_1_43' title='bbox 415 1054 573 1128; x_wconf 79' lang='lat' dir='ltr'><strong>totamm</strong></span> <span class='ocrx_word' id='word_1_44' title='bbox 587 1052 753 1145; x_wconf 86' lang='lat' dir='ltr'><strong>promisit,</strong></span> <span class='ocrx_word' id='word_1_45' title='bbox 775 1052 840 1124; x_wconf 90' lang='lat' dir='ltr'><strong>nisi</strong></span> <span class='ocrx_word' id='word_1_46' title='bbox 859 1053 944 1124; x_wconf 77' lang='lat' dir='ltr'><strong>torte</strong></span> <span class='ocrx_word' id='word_1_47' title='bbox 961 1052 1121 1128; x_wconf 86' lang='lat' dir='ltr'><strong>iuraverit</strong></span> <span class='ocrx_word' id='word_1_48' title='bbox 1138 1074 1179 1126; x_wconf 85' lang='lat' dir='ltr'><strong>se</strong></span> 
     </span>
     <span class='ocr_line' id='line_1_9' title="bbox 237 1145 1181 1239; baseline 0.002 -21"><span class='ocrx_word' id='word_1_49' title='bbox 237 1148 444 1232; x_wconf 80' lang='lat' dir='ltr'><strong>soluturum,</strong></span> <span class='ocrx_word' id='word_1_50' title='bbox 467 1147 568 1239; x_wconf 86' lang='lat' dir='ltr'><strong>idque</strong></span> <span class='ocrx_word' id='word_1_51' title='bbox 588 1146 631 1217; x_wconf 85' lang='lat' dir='ltr'><strong>ab</strong></span> <span class='ocrx_word' id='word_1_52' title='bbox 650 1147 819 1218; x_wconf 85' lang='lat' dir='ltr'><strong>rinoutnm</strong></span> <span class='ocrx_word' id='word_1_53' title='bbox 846 1145 1055 1236; x_wconf 70' lang='lat' dir='ltr'>Religionis,</span> <span class='ocrx_word' id='word_1_54' title='bbox 1076 1148 1181 1224; x_wconf 82' lang='lat' dir='ltr'><strong>ouius</strong></span> 
     </span>
     <span class='ocr_line' id='line_1_10' title="bbox 237 1239 1277 1332; baseline 0.001 -18"><span class='ocrx_word' id='word_1_55' title='bbox 237 1240 397 1316; x_wconf 67' lang='lat' dir='ltr'><strong>nitentia</strong></span> <span class='ocrx_word' id='word_1_56' title='bbox 411 1240 564 1332; x_wconf 79' lang='lat' dir='ltr'><strong>petitine</strong></span> <span class='ocrx_word' id='word_1_57' title='bbox 578 1239 717 1314; x_wconf 74' lang='lat' dir='ltr'><strong>atterius</strong></span> <span class='ocrx_word' id='word_1_58' title='bbox 732 1240 854 1312; x_wconf 86' lang='lat' dir='ltr'><strong>iniuria</strong></span> <span class='ocrx_word' id='word_1_59' title='bbox 869 1251 990 1331; x_wconf 83' lang='lat' dir='ltr'><strong>potest.</strong></span> <span class='ocrx_word' id='word_1_60' title='bbox 1004 1239 1181 1315; x_wconf 79' lang='lat' dir='ltr'><strong>Consonat</strong></span> <span class='ocrx_word' id='word_1_61' title='bbox 1270 1317 1277 1328; x_wconf 74' lang='grc'><strong><em>,</em></strong></span> 
     </span>
     <span class='ocr_line' id='line_1_11' title="bbox 237 1333 1181 1426; baseline 0.005 -21"><span class='ocrx_word' id='word_1_62' title='bbox 237 1333 291 1405; x_wconf 82' lang='lat' dir='ltr'><strong>ius</strong></span> <span class='ocrx_word' id='word_1_63' title='bbox 310 1333 528 1419; x_wconf 60' lang='lat' dir='ltr'><strong>canoniorum</strong></span> <span class='ocrx_word' id='word_1_64' title='bbox 547 1354 694 1426; x_wconf 67' lang='lat' dir='ltr'><strong>nonique</strong></span> <span class='ocrx_word' id='word_1_65' title='bbox 709 1334 894 1406; x_wconf 75' lang='lat' dir='ltr'>Alexander</span> <span class='ocrx_word' id='word_1_66' title='bbox 912 1334 955 1406; x_wconf 90' lang='lat'><strong>111</strong></span> <span class='ocrx_word' id='word_1_67' title='bbox 975 1354 1050 1406; x_wconf 85' lang='lat' dir='ltr'><strong>een.</strong></span> <span class='ocrx_word' id='word_1_68' title='bbox 1073 1333 1181 1410; x_wconf 81' lang='lat' dir='ltr'><strong>Dsnt·</strong></span> 
     </span>
     <span class='ocr_line' id='line_1_12' title="bbox 234 1427 1180 1504; baseline 0.003 -6"><span class='ocrx_word' id='word_1_69' title='bbox 234 1445 342 1500; x_wconf 73' lang='lat' dir='ltr'><strong>nonus</strong></span> <span class='ocrx_word' id='word_1_70' title='bbox 362 1428 404 1499; x_wconf 88' lang='lat' dir='ltr'><strong>de</strong></span> <span class='ocrx_word' id='word_1_71' title='bbox 434 1427 665 1502; x_wconf 81' lang='lat' dir='ltr'><strong>iureiurando:</strong></span> <span class='ocrx_word' id='word_1_72' title='bbox 690 1453 705 1496; x_wconf 84' lang='lat' dir='ltr'><strong>r</strong></span> <span class='ocrx_word' id='word_1_73' title='bbox 728 1428 900 1502; x_wconf 85' lang='lat' dir='ltr'><strong>Debitoree</strong></span> <span class='ocrx_word' id='word_1_74' title='bbox 927 1428 968 1504; x_wconf 82' lang='lat' dir='ltr'><strong>td</strong></span> <span class='ocrx_word' id='word_1_75' title='bbox 995 1428 1180 1502; x_wconf 81' lang='lat' dir='ltr'><strong>solvendas</strong></span> 
     </span>
     <span class='ocr_line' id='line_1_13' title="bbox 234 1520 1182 1613; baseline -0.002 -19"><span class='ocrx_word' id='word_1_76' title='bbox 234 1542 379 1605; x_wconf 78' lang='lat' dir='ltr'><strong>usuras,</strong></span> <span class='ocrx_word' id='word_1_77' title='bbox 399 1520 436 1596; x_wconf 85' lang='lat' dir='ltr'><strong>in</strong></span> <span class='ocrx_word' id='word_1_78' title='bbox 456 1522 579 1613; x_wconf 85' lang='lat' dir='ltr'><strong>quibus</strong></span> <span class='ocrx_word' id='word_1_79' title='bbox 596 1543 633 1592; x_wconf 84' lang='lat' dir='ltr'><strong>se</strong></span> <span class='ocrx_word' id='word_1_80' title='bbox 651 1520 893 1610; x_wconf 70' lang='lat' dir='ltr'><strong>obtipevorint,</strong></span> <span class='ocrx_word' id='word_1_81' title='bbox 913 1521 987 1610; x_wconf 69' lang='lat' dir='ltr'><strong>rogi</strong></span> <span class='ocrx_word' id='word_1_82' title='bbox 1018 1542 1088 1596; x_wconf 88' lang='lat' dir='ltr'><strong>nnn</strong></span> <span class='ocrx_word' id='word_1_83' title='bbox 1118 1524 1182 1602; x_wconf 79' lang='lat' dir='ltr'><strong>de·</strong></span> 
     </span>
     <span class='ocr_line' id='line_1_14' title="bbox 233 1610 1181 1707; baseline 0.002 -21"><span class='ocrx_word' id='word_1_84' title='bbox 233 1614 324 1686; x_wconf 83' lang='lat' dir='ltr'><strong>bent.</strong></span> <span class='ocrx_word' id='word_1_85' title='bbox 346 1614 471 1688; x_wconf 74' lang='lat' dir='ltr'><strong>strom</strong></span> <span class='ocrx_word' id='word_1_86' title='bbox 487 1617 529 1690; x_wconf 84' lang='lat' dir='ltr'><strong>tie</strong></span> <span class='ocrx_word' id='word_1_87' title='bbox 548 1610 695 1707; x_wconf 75' lang='lat' dir='ltr'><strong>ipsarum</strong></span> <span class='ocrx_word' id='word_1_88' title='bbox 715 1616 881 1687; x_wconf 79' lang='lat' dir='ltr'><strong>solutione</strong></span> <span class='ocrx_word' id='word_1_89' title='bbox 901 1614 1100 1701; x_wconf 82' lang='lat' dir='ltr'><strong>iuraverint,</strong></span> <span class='ocrx_word' id='word_1_90' title='bbox 1124 1637 1181 1688; x_wconf 86' lang='lat' dir='ltr'><strong>oo·</strong></span> 
     </span>
     <span class='ocr_line' id='line_1_15' title="bbox 231 1708 1177 1798; baseline 0.005 -16"><span class='ocrx_word' id='word_1_91' title='bbox 231 1708 332 1798; x_wconf 69' lang='lat' dir='ltr'><strong>genti</strong></span> <span class='ocrx_word' id='word_1_92' title='bbox 359 1721 437 1782; x_wconf 85' lang='lat' dir='ltr'><strong>sunt</strong></span> <span class='ocrx_word' id='word_1_93' title='bbox 456 1709 590 1782; x_wconf 87' lang='lat' dir='ltr'><strong>domiuo</strong></span> <span class='ocrx_word' id='word_1_94' title='bbox 608 1710 749 1784; x_wconf 85' lang='lat' dir='ltr'><strong>reddere</strong></span> <span class='ocrx_word' id='word_1_95' title='bbox 768 1710 1005 1780; x_wconf 86' lang='lat' dir='ltr'><strong>iuramentum.</strong></span> <span class='ocrx_word' id='word_1_96' title='bbox 1030 1708 1076 1780; x_wconf 83' lang='lat' dir='ltr'><strong>Et</strong></span> <span class='ocrx_word' id='word_1_97' title='bbox 1096 1732 1177 1788; x_wconf 86' lang='lat' dir='ltr'><strong>cum</strong></span> 
     </span>
     <span class='ocr_line' id='line_1_16' title="bbox 232 1802 1180 1888; baseline 0.011 -16"><span class='ocrx_word' id='word_1_98' title='bbox 232 1823 355 1874; x_wconf 86' lang='lat' dir='ltr'><strong>usurae</strong></span> <span class='ocrx_word' id='word_1_99' title='bbox 365 1803 494 1876; x_wconf 81' lang='lat' dir='ltr'><strong>solntte</strong></span> <span class='ocrx_word' id='word_1_100' title='bbox 507 1803 642 1888; x_wconf 82' lang='lat' dir='ltr'><strong>suerint,</strong></span> <span class='ocrx_word' id='word_1_101' title='bbox 660 1803 841 1876; x_wconf 78' lang='lat' dir='ltr'><strong>creditores</strong></span> <span class='ocrx_word' id='word_1_102' title='bbox 859 1802 900 1873; x_wconf 88' lang='lat' dir='ltr'><strong>ad</strong></span> <span class='ocrx_word' id='word_1_103' title='bbox 920 1824 976 1873; x_wconf 91' lang='lat' dir='ltr'><strong>eas</strong></span> <span class='ocrx_word' id='word_1_104' title='bbox 990 1804 1180 1882; x_wconf 84' lang='lat' dir='ltr'><strong>restituen-</strong></span> 
     </span>
     <span class='ocr_line' id='line_1_17' title="bbox 232 1896 1176 1986; baseline 0.007 -21"><span class='ocrx_word' id='word_1_105' title='bbox 232 1897 290 1966; x_wconf 85' lang='lat' dir='ltr'><strong>dus</strong></span> <span class='ocrx_word' id='word_1_106' title='bbox 307 1909 387 1967; x_wconf 89' lang='lat' dir='ltr'><strong>sunt</strong></span> <span class='ocrx_word' id='word_1_107' title='bbox 404 1896 626 1970; x_wconf 84' lang='lat' dir='ltr'><strong>ecolesinstint</strong></span> <span class='ocrx_word' id='word_1_108' title='bbox 646 1897 833 1980; x_wconf 82' lang='lat' dir='ltr'><strong>severitate,</strong></span> <span class='ocrx_word' id='word_1_109' title='bbox 855 1897 1032 1970; x_wconf 82' lang='lat' dir='ltr'><strong>sineoeese</strong></span> <span class='ocrx_word' id='word_1_110' title='bbox 1048 1899 1176 1986; x_wconf 82' lang='lat' dir='ltr'><strong>fuerit,</strong></span> 
     </span>
     <span class='ocr_line' id='line_1_18' title="bbox 233 1990 507 2081; baseline 0.004 -20"><span class='ocrx_word' id='word_1_111' title='bbox 233 1990 467 2081; x_wconf 81' lang='lat' dir='ltr'><strong>oompeilendi.</strong></span> <span class='ocrx_word' id='word_1_112' title='bbox 490 2014 507 2062; x_wconf 79' lang='lat' dir='ltr'><strong>r</strong></span> 
     </span>
    </p>

    <p class='ocr_par' dir='ltr' id='par_1_3' title="bbox 232 2081 1180 2927">
     <span class='ocr_line' id='line_1_19' title="bbox 279 2081 1175 2176; baseline 0.003 -23"><span class='ocrx_word' id='word_1_113' title='bbox 279 2084 321 2155; x_wconf 74' lang='lat' dir='ltr'><strong>At</strong></span> <span class='ocrx_word' id='word_1_114' title='bbox 340 2083 397 2155; x_wconf 89' lang='lat' dir='ltr'><strong>ubi</strong></span> <span class='ocrx_word' id='word_1_115' title='bbox 416 2083 464 2171; x_wconf 83' lang='lat' dir='ltr'><strong>vis</strong></span> <span class='ocrx_word' id='word_1_116' title='bbox 484 2096 659 2176; x_wconf 81' lang='lat' dir='ltr'><strong>metusque</strong></span> <span class='ocrx_word' id='word_1_117' title='bbox 679 2084 787 2173; x_wconf 74' lang='lat' dir='ltr'><strong>gratis</strong></span> <span class='ocrx_word' id='word_1_118' title='bbox 807 2095 841 2159; x_wconf 86' lang='lat' dir='ltr'><strong>et</strong></span> <span class='ocrx_word' id='word_1_119' title='bbox 860 2081 1003 2157; x_wconf 88' lang='lat' dir='ltr'><strong>iniustus</strong></span> <span class='ocrx_word' id='word_1_120' title='bbox 1024 2084 1175 2165; x_wconf 71' lang='lat' dir='ltr'><strong>iniectus</strong></span> 
     </span>
     <span class='ocr_line' id='line_1_20' title="bbox 235 2152 1179 2273; baseline 0.005 -24"><span class='ocrx_word' id='word_1_121' title='bbox 235 2199 254 2249; x_wconf 83' lang='grc' dir='ltr'>ι</span> <span class='ocrx_word' id='word_1_122' title='bbox 273 2179 418 2268; x_wconf 83' lang='lat' dir='ltr'><strong>quodam</strong></span> <span class='ocrx_word' id='word_1_123' title='bbox 437 2177 493 2263; x_wconf 85' lang='lat' dir='ltr'><strong>eit,</strong></span> <span class='ocrx_word' id='word_1_124' title='bbox 506 2199 574 2249; x_wconf 86' lang='lat' dir='ltr'><strong>uon</strong></span> <span class='ocrx_word' id='word_1_125' title='bbox 591 2152 782 2253; x_wconf 73' lang='lat' dir='ltr'><strong>eoiiudente</strong></span> <span class='ocrx_word' id='word_1_126' title='bbox 802 2199 854 2260; x_wconf 88' lang='lat' dir='ltr'><strong>eo,</strong></span> <span class='ocrx_word' id='word_1_127' title='bbox 873 2178 926 2249; x_wconf 84' lang='lat' dir='ltr'><strong>eui</strong></span> <span class='ocrx_word' id='word_1_128' title='bbox 942 2180 1085 2271; x_wconf 78' lang='lat' dir='ltr'><strong>nuptiae</strong></span> <span class='ocrx_word' id='word_1_129' title='bbox 1102 2203 1179 2273; x_wconf 88' lang='lat' dir='ltr'><strong>pro·</strong></span> 
     </span>
     <span class='ocr_line' id='line_1_21' title="bbox 237 2271 1180 2356; baseline 0.003 -14"><span class='ocrx_word' id='word_1_130' title='bbox 237 2271 429 2356; x_wconf 78' lang='lat' dir='ltr'><strong>mittuntur,</strong></span> <span class='ocrx_word' id='word_1_131' title='bbox 451 2272 480 2342; x_wconf 89' lang='lat' dir='ltr'><strong>si</strong></span> <span class='ocrx_word' id='word_1_132' title='bbox 499 2293 567 2343; x_wconf 84' lang='lat' dir='ltr'><strong>non</strong></span> <span class='ocrx_word' id='word_1_133' title='bbox 587 2273 663 2345; x_wconf 84' lang='lat' dir='ltr'><strong>iore</strong></span> <span class='ocrx_word' id='word_1_134' title='bbox 682 2271 839 2356; x_wconf 85' lang='lat' dir='ltr'><strong>naturali,</strong></span> <span class='ocrx_word' id='word_1_135' title='bbox 861 2282 1003 2343; x_wconf 83' lang='lat' dir='ltr'><strong>atcerte</strong></span> <span class='ocrx_word' id='word_1_136' title='bbox 1025 2274 1103 2345; x_wconf 87' lang='lat' dir='ltr'><strong>iure</strong></span> <span class='ocrx_word' id='word_1_137' title='bbox 1123 2297 1180 2353; x_wconf 84' lang='lat' dir='ltr'><strong>oe·</strong></span> 
     </span>
     <span class='ocr_line' id='line_1_22' title="bbox 233 2365 1180 2456; baseline 0.003 -20"><span class='ocrx_word' id='word_1_138' title='bbox 233 2365 356 2437; x_wconf 84' lang='lat' dir='ltr'><strong>noaino</strong></span> <span class='ocrx_word' id='word_1_139' title='bbox 373 2365 542 2456; x_wconf 78' lang='lat' dir='ltr'><strong>sponsalia</strong></span> <span class='ocrx_word' id='word_1_140' title='bbox 562 2365 657 2440; x_wconf 86' lang='lat' dir='ltr'><strong>irrite</strong></span> <span class='ocrx_word' id='word_1_141' title='bbox 679 2378 781 2446; x_wconf 81' lang='lat' dir='ltr'><strong>sunt.</strong></span> <span class='ocrx_word' id='word_1_142' title='bbox 812 2377 871 2438; x_wconf 90' lang='lat' dir='ltr'><strong>ant</strong></span> <span class='ocrx_word' id='word_1_143' title='bbox 900 2367 1031 2437; x_wconf 86' lang='lat' dir='ltr'><strong>saltem·</strong></span> <span class='ocrx_word' id='word_1_144' title='bbox 1048 2368 1180 2439; x_wconf 88' lang='lat' dir='ltr'><strong>irritari</strong></span> 
     </span>
     <span class='ocr_line' id='line_1_23' title="bbox 234 2457 1179 2553; baseline 0.001 -22"><span class='ocrx_word' id='word_1_145' title='bbox 234 2469 385 2548; x_wconf 60' lang='lat' dir='ltr'><strong>possum</strong></span> <span class='ocrx_word' id='word_1_146' title='bbox 413 2457 564 2533; x_wconf 70' lang='lat' dir='ltr'><strong>Pontifex</strong></span> <span class='ocrx_word' id='word_1_147' title='bbox 583 2460 674 2533; x_wconf 88' lang='lat' dir='ltr'><strong>enim</strong></span> <span class='ocrx_word' id='word_1_148' title='bbox 696 2460 882 2549; x_wconf 73' lang='lat' dir='ltr'><strong>generatim</strong></span> <span class='ocrx_word' id='word_1_149' title='bbox 903 2458 1030 2533; x_wconf 82' lang='lat' dir='ltr'><strong>edicit:</strong></span> <span class='ocrx_word' id='word_1_150' title='bbox 1055 2482 1179 2553; x_wconf 77' lang='lat' dir='ltr'><strong>equae</strong></span> 
     </span>
     <span class='ocr_line' id='line_1_24' title="bbox 235 2551 1176 2645; baseline 0.001 -22"><span class='ocrx_word' id='word_1_151' title='bbox 235 2563 328 2625; x_wconf 88' lang='lat' dir='ltr'><strong>metu</strong></span> <span class='ocrx_word' id='word_1_152' title='bbox 342 2563 377 2623; x_wconf 86' lang='lat' dir='ltr'><strong>et</strong></span> <span class='ocrx_word' id='word_1_153' title='bbox 390 2551 422 2621; x_wconf 84' lang='lat' dir='ltr'><strong>ni</strong></span> <span class='ocrx_word' id='word_1_154' title='bbox 441 2551 538 2635; x_wconf 79' lang='lat' dir='ltr'><strong>finnt,</strong></span> <span class='ocrx_word' id='word_1_155' title='bbox 559 2554 682 2626; x_wconf 85' lang='lat' dir='ltr'><strong>debent</strong></span> <span class='ocrx_word' id='word_1_156' title='bbox 700 2554 735 2624; x_wconf 85' lang='lat' dir='ltr'><strong>in</strong></span> <span class='ocrx_word' id='word_1_157' title='bbox 752 2553 884 2625; x_wconf 86' lang='lat' dir='ltr'><strong>irritum</strong></span> <span class='ocrx_word' id='word_1_158' title='bbox 901 2553 1051 2627; x_wconf 74' lang='lat' dir='ltr'><strong>revocari</strong></span> <span class='ocrx_word' id='word_1_159' title='bbox 1067 2574 1176 2645; x_wconf 77' lang='lat' dir='ltr'><strong>resp.</strong></span> 
     </span>
     <span class='ocr_line' id='line_1_25' title="bbox 234 2641 1174 2739; baseline 0.002 -26"><span class='ocrx_word' id='word_1_160' title='bbox 234 2641 318 2717; x_wconf 62' lang='lat' dir='ltr'><strong>ida</strong></span> <span class='ocrx_word' id='word_1_161' title='bbox 336 2644 377 2719; x_wconf 84' lang='lat' dir='ltr'><strong>iis</strong></span> <span class='ocrx_word' id='word_1_162' title='bbox 395 2646 531 2737; x_wconf 71' lang='lat' dir='ltr'><strong>quaeri</strong></span> <span class='ocrx_word' id='word_1_163' title='bbox 553 2659 730 2739; x_wconf 82' lang='lat' dir='ltr'><strong>metuoque</strong></span> <span class='ocrx_word' id='word_1_164' title='bbox 746 2668 845 2719; x_wconf 85' lang='lat' dir='ltr'><strong>cause</strong></span> <span class='ocrx_word' id='word_1_165' title='bbox 866 2646 963 2731; x_wconf 86' lang='lat' dir='ltr'><strong>fiunt;</strong></span> <span class='ocrx_word' id='word_1_166' title='bbox 985 2660 1021 2717; x_wconf 88' lang='lat' dir='ltr'><strong>et</strong></span> <span class='ocrx_word' id='word_1_167' title='bbox 1039 2668 1174 2721; x_wconf 84' lang='lat' dir='ltr'><strong>rursus:</strong></span> 
     </span>
     <span class='ocr_line' id='line_1_26' title="bbox 234 2740 1175 2830; baseline 0.006 -23"><span class='ocrx_word' id='word_1_168' title='bbox 234 2762 251 2807; x_wconf 84' lang='lat' dir='ltr'><strong>e</strong></span> <span class='ocrx_word' id='word_1_169' title='bbox 270 2760 357 2830; x_wconf 81' lang='lat' dir='ltr'><strong>quae</strong></span> <span class='ocrx_word' id='word_1_170' title='bbox 376 2740 405 2808; x_wconf 80' lang='lat' dir='ltr'><strong>si</strong></span> <span class='ocrx_word' id='word_1_171' title='bbox 433 2751 582 2813; x_wconf 81' lang='lat' dir='ltr'><strong>metusne</strong></span> <span class='ocrx_word' id='word_1_172' title='bbox 600 2763 699 2815; x_wconf 82' lang='lat' dir='ltr'><strong>musa</strong></span> <span class='ocrx_word' id='word_1_173' title='bbox 717 2741 827 2826; x_wconf 82' lang='lat' dir='ltr'><strong>fiunt,</strong></span> <span class='ocrx_word' id='word_1_174' title='bbox 844 2761 959 2815; x_wconf 78' lang='lat' dir='ltr'><strong>nerem</strong></span> <span class='ocrx_word' id='word_1_175' title='bbox 973 2740 1101 2815; x_wconf 86' lang='lat' dir='ltr'><strong>debent</strong></span> <span class='ocrx_word' id='word_1_176' title='bbox 1116 2763 1175 2813; x_wconf 87' lang='lat' dir='ltr'><strong>rn-</strong></span> 
     </span>
     <span class='ocr_line' id='line_1_27' title="bbox 232 2831 842 2927; baseline -0.002 -22"><span class='ocrx_word' id='word_1_177' title='bbox 232 2831 325 2905; x_wconf 81' lang='lat' dir='ltr'><strong>boris</strong></span> <span class='ocrx_word' id='word_1_178' title='bbox 343 2832 502 2907; x_wconf 69' lang='lat' dir='ltr'><strong>firmitate</strong></span> <span class='ocrx_word' id='word_1_179' title='bbox 522 2857 538 2900; x_wconf 76' lang='lat' dir='ltr'><strong>a</strong></span> <span class='ocrx_word' id='word_1_180' title='bbox 560 2855 634 2927; x_wconf 82' lang='lat' dir='ltr'><strong>rep.</strong></span> <span class='ocrx_word' id='word_1_181' title='bbox 653 2833 770 2907; x_wconf 66' lang='lat' dir='ltr'><strong>tend.</strong></span> <span class='ocrx_word' id='word_1_182' title='bbox 788 2835 842 2908; x_wconf 80' lang='lat' dir='ltr'><strong>tit.</strong></span> 
     </span>
    </p>

    <p class='ocr_par' dir='ltr' id='par_1_4' title="bbox 233 2925 1176 3580">
     <span class='ocr_line' id='line_1_28' title="bbox 281 2925 1176 3020; baseline -0.003 -21"><span class='ocrx_word' id='word_1_183' title='bbox 281 2925 433 3018; x_wconf 82' lang='lat' dir='ltr'><strong>Denique</strong></span> <span class='ocrx_word' id='word_1_184' title='bbox 445 2926 721 3003; x_wconf 72' lang='lat' dir='ltr'><strong>deliberationem</strong></span> <span class='ocrx_word' id='word_1_185' title='bbox 742 2929 777 2999; x_wconf 89' lang='lat' dir='ltr'><strong>in</strong></span> <span class='ocrx_word' id='word_1_186' title='bbox 795 2926 1004 3020; x_wconf 73' lang='lat' dir='ltr'><strong>sponsalibus</strong></span> <span class='ocrx_word' id='word_1_187' title='bbox 1022 2927 1113 3005; x_wconf 81' lang='lat' dir='ltr'><strong>tottit</strong></span> <span class='ocrx_word' id='word_1_188' title='bbox 1125 2946 1176 2996; x_wconf 87' lang='lat' dir='ltr'><strong>er·</strong></span> 
     </span>
     <span class='ocr_line' id='line_1_29' title="bbox 233 3019 1175 3114; baseline -0.004 -21"><span class='ocrx_word' id='word_1_189' title='bbox 233 3039 292 3093; x_wconf 82' lang='lat' dir='ltr'><strong>rnr</strong></span> <span class='ocrx_word' id='word_1_190' title='bbox 310 3020 398 3091; x_wconf 87' lang='lat' dir='ltr'><strong>eirua</strong></span> <span class='ocrx_word' id='word_1_191' title='bbox 419 3040 609 3110; x_wconf 79' lang='lat' dir='ltr'><strong>personam,</strong></span> <span class='ocrx_word' id='word_1_192' title='bbox 629 3022 681 3093; x_wconf 85' lang='lat' dir='ltr'><strong>tel</strong></span> <span class='ocrx_word' id='word_1_193' title='bbox 705 3023 901 3114; x_wconf 75' lang='lat' dir='ltr'><strong>qualitatem</strong></span> <span class='ocrx_word' id='word_1_194' title='bbox 922 3020 996 3093; x_wconf 86' lang='lat' dir='ltr'><strong>eins</strong></span> <span class='ocrx_word' id='word_1_195' title='bbox 1016 3019 1175 3097; x_wconf 81' lang='lat' dir='ltr'><strong>substan·</strong></span> 
     </span>
     <span class='ocr_line' id='line_1_30' title="bbox 233 3112 1172 3205; baseline 0 -20"><span class='ocrx_word' id='word_1_196' title='bbox 233 3113 373 3198; x_wconf 68' lang='lat' dir='ltr'><strong>tinem</strong></span> <span class='ocrx_word' id='word_1_197' title='bbox 392 3134 487 3187; x_wconf 87' lang='lat' dir='ltr'><strong>error</strong></span> <span class='ocrx_word' id='word_1_198' title='bbox 505 3117 596 3189; x_wconf 87' lang='lat' dir='ltr'><strong>anim</strong></span> <span class='ocrx_word' id='word_1_199' title='bbox 620 3115 732 3187; x_wconf 77' lang='lat' dir='ltr'><strong>aufert</strong></span> <span class='ocrx_word' id='word_1_200' title='bbox 758 3115 982 3205; x_wconf 70' lang='lat' dir='ltr'><strong>coguitionem</strong></span> <span class='ocrx_word' id='word_1_201' title='bbox 1021 3112 1172 3194; x_wconf 81' lang='lat' dir='ltr'><strong>obiecti,</strong></span> 
     </span>
     <span class='ocr_line' id='line_1_31' title="bbox 233 3205 1176 3302; baseline -0.002 -23"><span class='ocrx_word' id='word_1_202' title='bbox 233 3207 307 3279; x_wconf 87' lang='lat' dir='ltr'><strong>eina</strong></span> <span class='ocrx_word' id='word_1_203' title='bbox 325 3229 390 3300; x_wconf 89' lang='lat' dir='ltr'><strong>qua</strong></span> <span class='ocrx_word' id='word_1_204' title='bbox 410 3228 485 3279; x_wconf 83' lang='lat' dir='ltr'><strong>esee</strong></span> <span class='ocrx_word' id='word_1_205' title='bbox 501 3210 619 3302; x_wconf 84' lang='lat' dir='ltr'><strong>nequit</strong></span> <span class='ocrx_word' id='word_1_206' title='bbox 634 3210 844 3292; x_wconf 72' lang='lat' dir='ltr'><strong>deliberatio,</strong></span> <span class='ocrx_word' id='word_1_207' title='bbox 865 3218 923 3280; x_wconf 81' lang='lat' dir='ltr'><strong>aut</strong></span> <span class='ocrx_word' id='word_1_208' title='bbox 941 3207 1031 3278; x_wconf 81' lang='lat' dir='ltr'><strong>nlius</strong></span> <span class='ocrx_word' id='word_1_209' title='bbox 1061 3205 1176 3283; x_wconf 81' lang='lat' dir='ltr'><strong>uolun-</strong></span> 
     </span>
     <span class='ocr_line' id='line_1_32' title="bbox 233 3300 1174 3387; baseline -0.009 -16"><span class='ocrx_word' id='word_1_210' title='bbox 233 3300 312 3371; x_wconf 82' lang='lat' dir='ltr'><strong>tatis</strong></span> <span class='ocrx_word' id='word_1_211' title='bbox 331 3321 526 3377; x_wconf 76' lang='lat' dir='ltr'><strong>consensus.</strong></span> <span class='ocrx_word' id='word_1_212' title='bbox 546 3304 724 3377; x_wconf 79' lang='lat' dir='ltr'><strong>Caeterum</strong></span> <span class='ocrx_word' id='word_1_213' title='bbox 744 3303 785 3374; x_wconf 87' lang='lat' dir='ltr'><strong>de</strong></span> <span class='ocrx_word' id='word_1_214' title='bbox 803 3303 853 3387; x_wconf 87' lang='lat' dir='ltr'><strong>vi,</strong></span> <span class='ocrx_word' id='word_1_215' title='bbox 873 3313 986 3384; x_wconf 86' lang='lat' dir='ltr'><strong>metu,</strong></span> <span class='ocrx_word' id='word_1_216' title='bbox 1004 3312 1040 3370; x_wconf 87' lang='lat' dir='ltr'><strong>et</strong></span> <span class='ocrx_word' id='word_1_217' title='bbox 1058 3317 1174 3371; x_wconf 84' lang='lat' dir='ltr'><strong>errore</strong></span> 
     </span>
     <span class='ocr_line' id='line_1_33' title="bbox 233 3394 1174 3490; baseline -0.002 -27"><span class='ocrx_word' id='word_1_218' title='bbox 233 3394 329 3490; x_wconf 77' lang='lat' dir='ltr'><strong>plura</strong></span> <span class='ocrx_word' id='word_1_219' title='bbox 349 3395 525 3483; x_wconf 82' lang='lat' dir='ltr'><strong>dthimus,</strong></span> <span class='ocrx_word' id='word_1_220' title='bbox 547 3397 606 3471; x_wconf 75' lang='lat' dir='ltr'><strong>ubi</strong></span> <span class='ocrx_word' id='word_1_221' title='bbox 623 3398 832 3471; x_wconf 42' lang='lat' dir='ltr'><strong>*matrimonii</strong></span> <span class='ocrx_word' id='word_1_222' title='bbox 850 3395 1087 3488; x_wconf 82' lang='lat' dir='ltr'><strong>impedimenta</strong></span> <span class='ocrx_word' id='word_1_223' title='bbox 1118 3406 1174 3460; x_wconf 80' lang='lat' dir='ltr'><strong>en·</strong></span> 
     </span>
     <span class='ocr_line' id='line_1_34' title="bbox 233 3508 412 3580; baseline -0.017 -19"><span class='ocrx_word' id='word_1_224' title='bbox 233 3508 412 3580; x_wconf 83' lang='lat' dir='ltr'><strong>ponemus.</strong></span> 
     </span>
    </p>
   </div>
   <div class='ocr_carea' id='block_1_3' title="bbox 0 0 1326 4175">
    <p class='ocr_par' dir='ltr' id='par_1_5' title="bbox 0 0 1326 4175">
     <span class='ocr_line' id='line_1_35' title="bbox 0 0 1326 4175; baseline 0 1"><span class='ocrx_word' id='word_1_225' title='bbox 0 0 1326 4175; x_wconf 95' lang='lat' dir='ltr'><strong> </strong></span> 
     </span>
    </p>
   </div>
  </div>
 </body>
</html>
