2642 4175
515 380 677 427 urrunnun
695 384 743 429 111.
980 375 1042 433 531

158 491 208 548 tes
226 478 435 561 infidelium,
459 476 568 546 invitis
586 500 644 547 seu
667 479 780 548 insciis
802 482 1013 571 parentibus,
1035 486 1095 554 ba·

156 574 304 662 ptinare.¹
320 570 356 639 2⁰
376 593 443 640 non
460 572 560 640 licere
580 585 669 641 extra
692 573 778 642 idem
800 575 1010 663 periculum,
1032 600 1091 648 scu

157 666 349 749 articulum,
370 665 548 756 (siquidem
571 667 602 733 in
622 668 763 736 decretis
780 669 939 740 articulus
956 685 988 740 et
1008 675 1094 762 peri·

160 760 271 829 culum
292 760 481 848 promiscue
502 760 675 849 accipitur)
700 762 842 830 infantes
861 784 878 830 a
899 767 1092 852 parentibus

159 853 350 922 infidelibus
371 854 457 923 ultro
478 854 577 922 etiam
607 854 736 923 oblatos
757 856 948 948 baptizare,
971 859 997 927 si
1020 874 1093 947 post

159 947 360 1036 baptismum
376 948 409 1014 in
428 962 601 1035 parentum
616 948 800 1016 infidelium
819 962 979 1037 potestate
995 954 1093 1025 relin-

157 1041 284 1129 quendi
313 1053 402 1109 sunt.
424 1039 460 1108 3ο
482 1041 515 1107 in
546 1041 616 1130 ipsu
645 1063 779 1130 quoque
811 1044 926 1113 mortis
952 1046 1092 1116 articulo

159 1135 373 1223 baptizandos
391 1156 461 1203 esse
482 1136 617 1223 quidem
635 1135 720 1203 filios
734 1136 875 1206 infantes
895 1138 1092 1220 infidelium,

159 1228 207 1296 sic
225 1241 348 1308 tamen,
371 1240 408 1296 ut
426 1228 544 1296 vitetur
563 1229 768 1311 scandalum,
790 1250 852 1298 nec
869 1232 1006 1318 proinde
1027 1254 1093 1300 ma·

158 1323 210 1390 ius
233 1324 404 1411 ¹quoddam
438 1322 621 1390 infidelium
655 1323 793 1405 odium,
817 1324 849 1391 in
876 1325 1090 1401 christianum

158 1417 378 1503 religionem,
402 1428 501 1504 atque
521 1416 554 1483 in
574 1415 771 1484 christianos
791 1417 925 1486 saevitia
946 1423 1091 1490 concite·

158 1521 237 1591 tur;
272 1509 478 1598 proindeque
510 1509 542 1575 in
570 1509 659 1576 omni
682 1522 824 1592 eventu,
849 1511 992 1581 divinam
1012 1535 1092 1583 sane

157 1624 254 1691 opem
278 1603 458 1690 implorent
481 1603 585 1670 sancti
615 1603 770 1685 ministri,
793 1625 835 1673 ne
856 1627 1015 1693 umquam
1037 1619 1094 1675 aut

157 1694 297 1764 istorum
318 1699 528 1765 decretorum
542 1696 661 1765 oblivio
678 1718 735 1765 eus
749 1699 868 1786 capiat,
885 1712 942 1768 aut
957 1701 1005 1769 fas
1019 1722 1091 1771 esse

155 1789 218 1857 sibi
239 1800 357 1877 putent
376 1789 537 1875 privatum
556 1810 652 1857 suum
672 1791 832 1859 iudicium
852 1792 977 1861 eisdem
998 1808 1093 1864 aute·
1180 1799 1182 1807 '

156 1885 256 1952 ferre.
279 1883 326 1949 tu
352 1881 451 1973 dubia
472 1902 572 1965 reru,
596 1903 637 1949 an
657 1883 757 1950 liceat
784 1885 952 1972 baptizare
972 1886 1090 1956 huius·

157 1977 246 2044 modi
278 1975 421 2044 insontes
452 1996 527 2043 cum
559 1975 724 2044 saeviente
755 1988 859 2064 peste,
885 1980 926 2068 de
958 1992 1090 2048 centum

157 2068 281 2159 pueris,
304 2080 341 2138 ut
364 2070 562 2159 plerumque
581 2068 711 2152 accidit,
741 2071 921 2159 nonaginta
940 2086 1089 2159 pereant,

158 2181 308 2232 autrum
330 2164 508 2252 populares
528 2163 635 2230 morbi
656 2162 819 2251 pessimae
840 2166 971 2248 indolis,
988 2169 1092 2236 multo

158 2258 333 2325 niaximum
355 2269 482 2347 partem
503 2256 683 2325 absumunt
703 2277 897 2345 puerorum,
915 2271 1090 2348 antequam

158 2352 295 2419 rationis
315 2372 411 2419 usum
432 2349 611 2439 attingant?
628 2370 824 2439 responsum
844 2352 918 2433 luit,
937 2354 1097 2434 constitu,

158 2444 265 2513 tiones
285 2442 345 2512 SS,
362 2444 560 2512 Pontificum
581 2455 614 2511 et
633 2442 668 2511 S.
686 2444 961 2533 Congregationis
979 2448 1093 2516 decre·
1125 2477 1127 2480 ·

158 2551 203 2618 ta,
224 2538 301 2606 dum
323 2538 410 2607 filios
431 2536 641 2621 infidelium,
665 2537 774 2607 invitis
795 2539 1013 2628 parentibus,
1035 2541 1093 2609 lta·

159 2631 274 2721 ptizari
308 2643 439 2714 vetant,
461 2642 593 2721 praeter
626 2652 726 2721 quam
747 2632 781 2699 in
802 2633 942 2702 articulo
975 2635 1092 2705 mortis

157 2726 342 2812 loquuntur
358 2725 399 2793 de
418 2725 583 2812 praesenti
604 2725 776 2813 periculo,
800 2728 888 2815 quod
921 2727 1090 2797 hominem

157 2817 390 2905 baptizandum
410 2817 628 2887 determinate
646 2818 789 2907 attingit,
812 2820 968 2909 quodque
990 2821 1092 2889 iuter·

158 2912 237 2980 dum
258 2930 317 2999 per
337 2911 544 2999 synonimam
565 2929 675 2981 vocem
697 2913 832 2981 nomine
853 2913 983 2981 articuli
1004 2934 1093 2982 mor-

64 3033 71 3038 ·
158 3004 200 3073 tis
221 3003 429 3092 exprimitur,
450 3015 486 3072 ut
503 3005 536 3071 iu
553 3004 612 3088 eis,
636 3027 720 3093 quos
740 3006 818 3075 mali
840 3006 931 3075 labes
945 3018 1021 3075 ectu
1041 3007 1092 3076 in·

158 3097 238 3180 ficit,
262 3108 320 3166 aut
340 3097 396 3187 qui
415 3118 627 3187 quocumque
647 3100 745 3169 modo
777 3100 810 3168 iu
831 3121 988 3189 praeseus
1008 3101 1092 3171 vitae

158 3190 337 3260 discrimen
366 3192 592 3274 adducuntur,
616 3213 684 3261 uon
706 3207 817 3263 autem
847 3195 1032 3284 loquuntur
1052 3196 1093 3263 de

159 3285 326 3353 communi
355 3297 388 3354 et
416 3285 545 3373 vaganti
578 3287 751 3375 periculo,
774 3289 862 3376 quod
883 3290 972 3357 sanis
992 3288 1093 3356 etiam

159 3378 350 3447 huminibus
382 3378 416 3445 in
442 3379 482 3447 iis
514 3378 594 3446 locis
625 3380 816 3468 impendet,
850 3382 907 3470 qui
942 3382 1093 3471 populari

160 3473 276 3540 morbo
297 3471 513 3561 affliguntur,
547 3472 580 3539 in
612 3493 679 3561 quo
711 3493 772 3542 nec
801 3475 1008 3558 vccabulum,
1033 3496 1095 3543 neo

157 3564 249 3636 notio
270 3564 401 3635 articuli
419 3565 537 3634 mortis
557 3565 625 3634 ullo
648 3568 745 3635 modu
763 3567 925 3637 convenit.
953 3592 967 3633 r
1000 3568 1097 3636 lusu·
