2642 4175
506 396 670 440 APPENDIX
691 397 725 440 11.

606 587 633 654 l.

484 784 755 849 FORMULAE

204 939 249 988 sn
271 940 446 993 nuruums
465 941 742 993 msenussrronns
762 942 1030 994 usrnruoursmes

455 1047 489 1096 ru
508 1047 593 1097 nono
614 1047 780 1113 sxrunuo,

236 1151 280 1203 ss
298 1152 482 1204 onorusnus
500 1152 654 1204 uooonuar
671 1154 842 1204 sussurim
860 1155 993 1205 somrss

520 1282 714 1313 -ψ-

178 1443 207 1513 l.
228 1445 394 1520 Normulo
409 1449 542 1555 petendi
564 1414 811 1517 dissolutionem
829 1447 1047 1536 sponsalium.

225 1656 458 1727 illustrissime
479 1679 517 1728 ao
536 1658 823 1749 Reverendissime
843 1658 1002 1743 Domine,

188 1800 335 1874 loannes
363 1803 403 1874 N.
433 1816 467 1875 et
486 1804 609 1874 luanus
636 1804 676 1874 N.
704 1805 897 1894 parochiani
925 1804 1014 1887 mei,
1033 1806 1088 1876 die

208 1897 338 1968 mensis
472 1897 548 1967 anni
645 1898 812 1987 sponsalia
830 1898 989 1967 solemnia
1011 1919 1088 1968 oon·

144 1997 333 2060 traxerunt.
346 1990 415 2059 lam
429 1994 514 2060 ‘vero
536 2001 652 2059 mutuo
671 2010 833 2059 consensu
854 1991 993 2080 cupiunt
1007 1992 1084 2080 (velz

143 2101 288 2171 sponsus
312 2097 371 2155 sut
399 2103 518 2175 sponsa
551 2082 662 2173 eupit)
688 2104 725 2153 ea
747 2084 949 2154 rescindere.
978 2081 1088 2163 Quare

143 2174 335 2248 humillime
367 2178 558 2268 supplicent
585 2176 834 2248 lllustrissimae
865 2175 1087 2249 Dominationi

144 2282 297 2354 uestrae,
329 2284 367 2340 ut
391 2272 611 2343 ecclesiastiea
645 2271 844 2341 auctoritate
870 2271 1028 2360 dignetur
1047 2291 1086 2340 ea

147 2361 341 2436 dissolvere.

203 2458 311 2529 Causa
332 2470 407 2529 est:
429 2458 519 2530 rixae
540 2480 655 2549 graves
676 2469 711 2528 et
728 2458 804 2528 lites
836 2458 925 2527 iuter
945 2457 1087 2546 despon-

146 2561 235 2621 satos
255 2562 474 2636 exortae;-
436 2574 627 2623 -snmma
648 2551 771 2621 iniuria
791 2551 872 2622 vel
863 2570 1048 2642 rgnomrnra
1068 2571 1086 2619 a

147 2663 271 2733 sponso
291 2666 432 2736 sponsae
450 2644 552 2732 illata,
573 2646 668 2718 vel
639 2646 794 2729 verissim,
814 2662 877 2717 elo.

431 2783 485 2852 die
580 2782 703 2852 mensis
914 2779 992 2848 anni

477 2912 545 2984 NN.
567 2912 685 2982 Pastor
704 2910 882 3002 parochiae

182 3055 279 3111 litters
297 3058 317 3112 N
337 3075 404 3128 quae
416 3059 548 3127 reperitur
564 3058 591 3110 iu
604 3054 724 3108 omnibus
736 3055 829 3110 libellis
838 3050 996 3121 supplicis,
989 3066 1015 3103 ιιι
1029 3051 1088 3120 qui·

149 3130 200 3185 bus
217 3136 250 3187 d's
269 3137 325 3189 loro
343 3146 450 3189 externo
463 3138 560 3206 egitur,
574 3142 656 3198 notet,
669 3133 723 3186 illio
735 3149 829 3185 nomen
843 3131 956 3184 familiae
968 3136 1088 3180 aoeurats

150 3207 397 3270 testimoniam.
410 3212 446 3274 Ex
464 3213 566 3266 distis
558 3228 586 3264 an
599 3210 686 3279 operis
702 3207 816 3261 decessu
834 3215 915 3277 petet,
933 3205 1012 3257 simili
1030 3203 1087 3257 dis·

150 3285 280 3341 solutione
296 3304 349 3342 noa
363 3290 464 3342 sustolli
482 3288 697 3358 impedimentum
719 3283 841 3353 publieee
857 3279 1000 3336 honestatis
1017 3280 1086 3349 quod

151 3376 181 3412 ex
198 3352 361 3432 sponsalibus
378 3364 503 3418 absolutis
521 3366 617 3418 oritur.
634 3360 722 3429 Quare
739 3361 795 3412 siue
807 3358 1088 3429 dispenantiouespon·

150 3452 194 3489 sus
219 3440 413 3493 matrimonium
437 3441 504 3492 inire
528 3456 581 3492 non
604 3439 677 3491 valet
699 3453 759 3489 oum
781 3443 882 3500 metro,
907 3435 1041 3487 sororibus
1061 3441 1088 3486 et

137 3512 254 3576 *filisbus
276 3531 404 3584 sponsae,
422 3531 507 3586 neque
524 3529 618 3585 sponsu
635 3530 695 3567 enm
717 3521 790 3582 petre
800 3549 809 3577 ,
827 3510 952 3564 iratribus
974 3519 1000 3564 et
1025 3509 1089 3562 filiis

150 3592 248 3655 sponsi.
