2642 4175
507 374 669 419 cernuum
687 374 734 419 ttt.
976 364 1058 425 537.

196 469 361 560 Baptizati
396 492 511 541 omnes
537 492 673 561 capaces
692 485 770 542 sunt
788 472 1014 544 Eucharistiae
1034 497 1090 545 su·

152 565 356 653 scipiendae.
385 564 470 634 Olim
501 567 642 647 dabatur
675 568 855 637 infantibus
875 580 948 657 post
978 566 1090 658 Bapti-

155 679 263 729 smurn
285 673 318 737 et
331 658 637 743 confirmationem,
656 682 745 730 nunc
762 674 871 731 autem
890 662 924 730 in
943 663 1088 733 Ecclesia

156 753 269 823 Latina
289 752 404 861 prieris
423 771 490 822 non
511 756 653 844 amplius
687 754 948 824 administratur
982 758 1024 825 At
1054 757 1090 825 st·

156 848 246 917 deles
265 847 404 917 rationis
423 859 591 937 compotes
613 850 651 918 ad
674 847 924 938 percipiendum
957 850 1089 939 saepius

157 942 192 1011 iu
217 942 279 1011 vita
306 942 368 1011 hoc
398 938 646 1011 Sacramentum
681 942 791 1010 divino
822 956 998 1032 praecepto
1033 944 1091 1012 acl·

156 1035 379 1123 stringuntur
397 1035 478 1104 Cum
495 1057 571 1105 vero
584 1036 706 1125 pietate
727 1035 962 1123 refrigescente
976 1036 1017 1105 ab
1029 1036 1092 1106 hac

156 1130 291 1198 coelesti
312 1150 425 1200 mensa
446 1129 560 1200 lideles
590 1130 717 1199 diutius
744 1130 974 1212 abstinerent,
997 1130 1091 1199 Late·

157 1243 299 1293 canense
324 1223 510 1293 Concilium
525 1225 710 1313 praecepit,
725 1235 763 1291 ut
782 1244 896 1293 omnes
918 1223 1092 1313 utriusque
1212 1274 1216 1279 .

157 1338 253 1387 sexus
272 1318 399 1401 fideles,
422 1318 537 1387 saltem
562 1319 669 1387 semel
691 1318 725 1385 in
751 1338 838 1386 anno
860 1317 1005 1407 paschali
1027 1318 1091 1386 sci·

158 1410 234 1481 licet
253 1423 416 1499 tempore,
434 1412 473 1480 ad
494 1432 624 1479 sacrum
648 1411 876 1480 Eucharistiae
898 1409 1093 1479 Sacramen-

159 1515 228 1571 tum
245 1505 453 1588 accederent,
476 1507 563 1593 quod
582 1504 755 1574 Decretum
777 1504 968 1573 Tridentina
991 1504 1095 1594 Syno-

157 1598 220 1667 dus
240 1598 458 1668 confirmavit.
484 1600 571 1668 Haec
589 1613 699 1669 autem
720 1598 910 1667 communio
932 1598 1095 1695 paschalis

158 1691 340 1781 inproprie
358 1693 513 1782 parochia
535 1693 744 1783 suscipienda
764 1704 825 1776 est,
846 1705 879 1762 et
896 1692 930 1759 in
946 1713 983 1762 ea
999 1714 1094 1782 paro·

158 1784 231 1853 chia
253 1785 310 1853 ubi
327 1786 469 1876 quisque
488 1800 726 1869 concuteretur,
747 1787 775 1854 si
796 1786 829 1853 in
857 1787 991 1874 propria
1019 1807 1095 1875 per·

158 1879 270 1968 cipere
302 1879 344 1947 ob
377 1879 561 1949 absentiam
599 1891 756 1968 nequeat.
797 1878 883 1945 llinc
914 1878 1097 1965 Regulares

158 1992 360 2061 quamquam
379 1992 420 2042 ex
443 1993 652 2042 summorum
686 1970 884 2041 Pontificum
916 1969 1097 2058 privilegiis

159 2078 297 2154 possum
317 2065 351 2136 in
371 2067 440 2137 suis
465 2065 632 2149 Ecclesiis,
657 2065 710 2134 die
742 2062 910 2133 Paschatis
945 2075 1095 2153 excepto,

161 2159 403 2232 Eucharistiam
425 2160 639 2242 distribuere,
656 2160 771 2230 tidcles
792 2171 902 2227 tamen
921 2156 954 2225 in
972 2157 1098 2227 eisdem

161 2253 378 2344 Regularium
398 2254 552 2324 Ecclesiis
571 2251 806 2322 communione
836 2249 963 2333 relecti,
988 2250 1099 2320 Eccle·
1173 2339 1179 2344 1

160 2348 230 2416 siaa
255 2360 430 2439 praecepto
463 2368 529 2418 non
550 2347 676 2417 laciuut
693 2346 791 2428 satis,
822 2365 860 2414 ac
888 2344 1024 2413 omniuo
1041 2345 1099 2413 de-

163 2442 241 2514 hent
272 2441 502 2531 paschalem
494 2462 527 2509 m
562 2442 696 2530 propria
731 2439 876 2520 Ecclesia
916 2437 1098 2527 parochiali

162 2537 430 2605 communionem
450 2535 611 2625 recipere

210 2628 328 2698 Verum
351 2650 391 2703 ex
412 2641 587 2719 praccepta
620 2626 805 2709 Ecclesiae,
827 2647 893 2716 quo
915 2624 1060 2699 fideles
1051 2647 1101 2695 tu·

165 2723 286 2792 hentur
305 2725 348 2791 ad
366 2723 429 2793 hoc
455 2721 728 2813 augustissimum
759 2720 1007 2792 Sacramentum
1046 2741 1100 2789 ac·

164 2816 303 2898 cedere,
326 2838 402 2886 care
421 2817 567 2899 inieras,
599 2815 754 2884 omnihus
775 2816 815 2882 ad
836 2814 918 2881 illud
940 2812 1099 2882 accedeu-

167 2909 256 2980 tihus
274 2908 466 2980 aParochia
485 2870 709 2980 administrari
731 2918 897 3014 oportere
914 2903 1099 2975 Santonon

167 3003 303 3093 quidam
320 3004 383 3074 cibi
404 3004 613 3074 eucharistici
628 3001 879 3091 participatione
893 3018 1030 3089 prorsus
1049 2997 1100 3067 in·

167 3098 271 3186 illuni,
300 3098 340 3170 ab
368 3119 474 3188 eaque
505 3096 718 3179 excludendi,
750 3094 916 3184 cumipse
950 3091 1100 3163 Christus

168 3192 330 3281 apostolis
350 3191 569 3283 praeceperit:
591 3190 731 3260 «Nolite
743 3200 893 3259 sanctum
911 3185 990 3258 dare
1008 3186 1099 3254 cani·

168 3286 241 3364 hus.
261 3310 275 3356 a
311 3286 437 3361 Canum
470 3297 582 3358 autem
602 3283 738 3354 comice
770 3282 929 3353 catholica
955 3279 1100 3350 Ecclesia

167 3399 299 3469 sempor
319 3380 480 3454 intellexit
506 3378 656 3468 publicos
677 3388 710 3446 et
730 3376 877 3445 notorius
897 3386 1098 3478 peccatores,

167 3474 318 3546 tidelleet
334 3473 541 3556 haereticos,
562 3470 814 3552 schismaticos,
836 3464 1101 3537 excommunica·

168 3580 230 3653 tos,
254 3567 470 3651 interdictos,
501 3526 674 3636 minitata
696 3563 858 3643 infames,
880 3559 1099 3641 meretrices,
