2642 4175
485 361 529 405 un
547 359 759 407 sensissemus
1000 351 1043 412 39

150 469 311 529 vertetur.
337 456 391 526 Sic
416 457 514 527 docet
540 455 574 527 S.
595 458 738 528 Thomas
762 458 797 527 in
820 458 844 527 ll
863 458 1008 531 distinct.
1030 459 1108 548 39,

151 574 184 641 q.
207 550 243 636 l,
267 572 298 621 a.
321 551 338 619 l
361 552 401 620 ad
421 548 444 619 3
463 550 516 621 his
535 550 668 621 verbis:
691 553 907 622 «Dicendum
929 557 1018 643 quod
1035 577 1091 627 aa·

151 648 228 715 dem
247 656 298 715 est
311 643 472 715 habitudo
491 645 678 735 praesentis
694 646 733 714 ad
751 666 922 737 praesens,
936 660 969 718 et
984 649 1091 719 loturi

152 739 192 808 ad
212 738 366 808 laturum
384 791 393 820 ,
414 740 504 808 unde
523 737 610 807 sicut
630 740 764 827 qnando
784 740 1034 811 matrimonium
1055 742 1091 812 in

152 831 322 922 praesenti
344 831 573 917 contrahitur,
596 831 782 921 requiritur
798 832 909 902 unitas
928 836 1037 905 cultus
1056 836 1091 905 in

155 937 302 1015 utroque
330 924 613 1009 contrahentium,
629 925 674 995 ita
694 926 735 995 ad
755 927 945 1014 sponsalia,
968 928 1090 1018 quihus
1201 941 1204 952 '

33 1073 37 1081 .
151 1019 190 1089 ht
208 1018 345 1108 sponsio
364 1018 470 1087 futuri
490 1018 707 1103 matrimonii,
729 1019 850 1089 sufficit
869 1021 1014 1091 conditio
1031 1043 1090 1113 ap·

152 1112 262 1201 posita
287 1112 328 1181 de
348 1112 460 1181 futura
479 1112 607 1184 unitate
626 1113 748 1182 cultus.
774 1135 789 1179 r

197 1205 237 1274 ln
258 1225 298 1275 eo
318 1204 422 1293 igitur
440 1216 507 1275 tota
524 1205 666 1277 vertitur
684 1205 874 1291 difficultas,
897 1226 940 1274 an
959 1206 1092 1296 quando

153 1297 433 1388 impedimentum
449 1311 646 1388 perpetuum
668 1312 729 1382 est,
749 1299 872 1370 eteius
890 1300 1036 1388 generis,
1056 1313 1094 1370 ut

154 1412 172 1459 a
190 1393 263 1462 solo
278 1390 439 1461 Pontifice
452 1411 512 1481 per
528 1392 778 1482 derogationem
798 1392 882 1462 iuris
894 1394 1092 1477 communis,

151 1505 213 1554 seu
237 1506 298 1573 per
318 1485 600 1574 dispensationem
621 1486 748 1556 auferri
775 1485 903 1574 possit,
925 1488 1091 1574 sponsalia

152 1577 243 1647 licita
265 1577 356 1662 sint,
379 1590 412 1647 et
432 1579 562 1649 valeant
580 1579 642 1648 suh
670 1579 858 1649 conditione
878 1578 919 1648 Si
936 1580 1092 1668 Pontisea

153 1671 418 1761 dispensaverit?
437 1672 517 1741 Tres
535 1672 667 1742 invenio
684 1672 880 1743 sententias:
903 1673 1010 1761 prima
1032 1674 1091 1743 do·

155 1776 221 1848 cet,
245 1785 318 1834 eam
339 1764 595 1854 promissionem
615 1787 688 1836 esse
717 1765 853 1836 omnino
880 1767 1031 1850 nullam,
1053 1787 1091 1837 ao

152 1858 296 1947 proinde
315 1857 582 1952 contrahentium
603 1860 740 1949 utrique
759 1860 861 1929 licere
880 1870 968 1943 ante,
990 1873 1091 1949 atque

152 1950 255 2020 etiam
275 1963 350 2040 post
364 1951 575 2041 impetratam
591 1974 607 2021 a
626 1952 786 2023 Pontihce
800 1952 1092 2041 dispensationem,

154 2046 263 2115 altero
283 2044 386 2114 invito
402 2098 411 2127 ,
430 2045 586 2128 resilire,
606 2046 671 2116 nisi
704 2057 778 2136 post
810 2045 1090 2135 dispensationem

150 2139 257 2226 ipsam
280 2138 485 2224 ratihabitio,
501 2150 560 2209 aut
578 2159 683 2209 novus
702 2159 883 2208 consensus
901 2141 1089 2209 accesserit.

148 2230 363 2303 Potissimum
381 2232 481 2302 huius
500 2233 686 2302 sententiae
706 2232 960 2301 fundamentum
988 2243 1039 2300 est
1055 2232 1090 2301 in

149 2325 184 2392 L.
208 2323 267 2407 83,
289 2336 322 2394 et
340 2325 375 2393 l.
402 2322 470 2393 137
491 2326 526 2396 ll.
548 2326 589 2395 de
608 2326 645 2393 ll.
669 2324 722 2409 0.,
737 2325 773 2394 in
793 2324 916 2413 quihus
947 2324 1091 2413 promis·

149 2419 198 2488 sio
217 2418 280 2501 rei,
305 2439 391 2508 quae
411 2419 485 2488 iure
505 2418 638 2508 impleri
658 2439 725 2488 non
746 2418 1001 2509 potescnullius
1018 2440 1089 2489 mo·

148 2511 254 2582 menti
272 2511 435 2596 hahetur,
458 2512 588 2583 etiamsi
608 2513 671 2583 suh
689 2510 880 2582 conditione
898 2511 932 2580 in
954 2523 1087 2601 pactum

148 2605 368 2675 deducatur.»
387 2605 455 2675 Nec
471 2606 511 2676 ad
532 2627 603 2676 rem
623 2604 899 2696 pertinet,inquit
911 2604 1010 2675 citata
1024 2605 1088 2676 Lex

149 2696 231 2782 137,
255 2699 345 2788 qnod
365 2698 418 2768 ius
439 2698 563 2770 mutari
583 2711 703 2788 potest,
718 2710 752 2768 et
766 2699 798 2768 id
820 2699 909 2789 quod
927 2719 1016 2767 nunc
1029 2699 1088 2767 im·

148 2792 308 2881 possibile
327 2804 395 2874 est,
416 2803 524 2880 potest
543 2792 700 2880 possibile
720 2793 815 2873 lieri;
836 2813 902 2861 non
923 2792 1013 2861 enim
1033 2812 1086 2862 se·

147 2886 296 2955 cundum
315 2885 420 2954 futuri
441 2886 601 2975 temporis
619 2886 684 2968 ius,
702 2886 760 2955 sed
781 2885 964 2955 secundum
986 2904 1085 2973 prae·

147 2978 251 3049 sentis
285 2978 456 3048 aestimari
486 2980 584 3050 debet
617 2978 800 3068 stipulatio.
833 3002 847 3045 )
875 2978 911 3046 ld
942 2978 1086 3048 hahetur

150 3072 249 3142 etiam
271 3070 308 3139 L.
331 3069 375 3140 69
392 3072 426 3139 ff.
449 3074 490 3142 de
507 3071 629 3161 Stipul.
645 3071 821 3142 Servorum
840 3096 853 3138 a
871 3071 965 3153 Quod
981 3071 1008 3139 si
1023 3069 1085 3141 suh

148 3164 341 3235 conditione
361 3165 556 3255 stipuletur?
573 3166 640 3236 Nec
653 3187 693 3237 eo
708 3187 786 3235 casu
805 3165 891 3234 valet
904 3163 1085 3253 stipulatio,

148 3259 225 3348 quia
245 3279 289 3329 ex
307 3259 477 3349 praesenti
492 3259 580 3329 vires
600 3260 720 3349 accipit
736 3256 919 3347 stipulatio,
935 3256 1084 3347 quamvis

146 3352 262 3440 petitio
297 3373 337 3423 ex
368 3372 406 3421 ea
435 3352 653 3443 (conditione)
681 3371 840 3441 suspensa
872 3350 931 3421 sit.
954 3373 969 3417 r
992 3350 1084 3422 Hanc

145 3446 345 3518 sententiam
368 3446 504 3517 tradunt
523 3447 687 3530 loannes,
709 3445 880 3529 Andreas,
904 3455 937 3514 et
958 3442 1082 3514 Panor-

147 3540 291 3610 mitanus
311 3539 347 3608 in
362 3559 435 3628 cap.
451 3538 561 3609 Suasa
580 3558 622 3608 so
639 3540 680 3609 de
697 3539 828 3610 Condit.
850 3559 979 3627 appos,
997 3557 1084 3607 eam·
