2642 4175
477 310 520 353 nn
538 308 751 355 snoussnmus
990 302 1033 360 65

147 404 270 476 lebrari
291 405 470 494 contigerit
485 406 572 494 apud
594 404 701 488 Sinas,
723 418 760 476 ut
777 408 881 478 valido
910 412 1086 483 nominen-

148 513 201 567 tur
228 511 262 567 et
285 499 375 582 siut',
400 500 543 568 ineunda
571 511 671 568 erunt
692 520 803 583 coram
835 500 1008 589 Parocho,
1028 517 1086 575 aut

145 592 367 676 llissionario,
385 603 444 661 aut
462 593 527 661 alio
544 592 659 682 quovis
676 594 825 681 legitime
845 597 1030 687 designato,
1046 621 1085 669 oc

145 685 278 756 duobus
298 687 348 755 vel
368 687 476 756 tribus
498 687 660 767 testibus,
681 686 788 776 iisque
808 691 917 779 quoad
937 692 1082 777 licuerit,

145 779 360 850 Christianis.
382 779 419 849 lu
438 780 479 849 iis
498 801 575 848 vero
592 781 673 848 locis
703 781 736 849 in
763 784 885 871 quibus
916 784 1084 875 integrum

145 893 213 943 non
233 873 340 963 possit
357 873 561 961 promulgari
580 873 767 958 Decretum,
783 877 833 944 vel
854 878 880 946 si
899 882 1088 969 promulga-

143 980 214 1036 tum
235 967 292 1051 sit,
303 966 473 1036 Paroebus
495 979 620 1049 tamen,
638 967 688 1036 vel
706 968 790 1037 alius
811 968 874 1039 rite
894 972 1085 1060 designatus

144 1061 248 1143 absit,
271 1060 321 1128 vel
342 1060 446 1129 facilis
466 1062 506 1129 ad
530 1061 686 1129 eumdem
708 1061 817 1131 aditus
836 1083 902 1131 nou
922 1064 982 1145 sit,
1007 1066 1084 1134 iniri

145 1154 283 1244 quidem
300 1154 427 1242 possint
445 1153 597 1242 coniugia
617 1154 678 1223 etsi
698 1155 823 1244 absque
850 1156 1010 1243 Parocbo,
1034 1181 1086 1228 co·

146 1270 217 1317 ram
244 1246 377 1315 duobus
397 1249 513 1316 saltem
535 1247 693 1332 testibus,
714 1249 845 1337 iisque,
869 1250 896 1318 si
918 1250 992 1319 fieri
1012 1274 1088 1341 pos·

143 1342 235 1425 sint,
259 1340 475 1424 christianis,
498 1342 544 1411 ita
575 1353 685 1411 tamen
705 1356 741 1412 ut
762 1343 1019 1429 contrahentes,
1042 1367 1085 1415 ne

144 1434 353 1505 Sacramenti
387 1435 530 1522 dignitas
559 1435 715 1519 vilescat,
739 1437 930 1524 obligentur
949 1438 1022 1527 lego
1040 1439 1085 1508 si·

143 1529 253 1599 stendi
275 1549 311 1596 se
331 1548 442 1596 coram
458 1528 665 1597 Missionario
685 1531 735 1598 vel
754 1529 915 1613 Perocho,
938 1534 1085 1620 qnando·

142 1643 289 1713 cumque
304 1622 431 1705 reduci,
451 1635 489 1691 ut
508 1624 572 1691 rite
593 1622 634 1690 ab
655 1644 695 1691 eo
715 1624 981 1693 benedictionem
1003 1627 1085 1696 reci·

141 1718 256 1808 piant.
293 1715 519 1785 Missionarius
552 1728 660 1785 autem
697 1717 747 1785 vel
778 1717 946 1787 Parocbus
966 1719 1083 1803 redux,

144 1811 280 1902 quando
295 1809 357 1877 sibi
373 1810 413 1878 de
434 1830 596 1879 consensu
616 1809 796 1898 coniugum
817 1811 1015 1896 constiterit,
1031 1835 1087 1882 au·

143 1918 282 1995 tequam
316 1902 475 1990 coniuges
494 1902 691 1987 benedicat,
715 1924 771 1972 eos
792 1906 1083 1990 commonefaciat,

146 1997 313 2068 eiusmodi
342 1996 606 2065 benedictionem
634 1996 799 2066 adcitum
825 1997 936 2081 unice,
959 2019 1025 2067 non
1046 2003 1086 2068 ad

144 2093 349 2162 validitatem
371 2091 540 2178 pertinere
569 2089 740 2176 coniugii,
763 2111 801 2158 ae
820 2103 995 2178 propterea
1017 2113 1084 2161 non

145 2185 335 2255 committet
353 2183 420 2266 ille,
439 2197 474 2253 ut
487 2204 603 2253 rursus
623 2202 805 2251 consensus
819 2203 878 2271 per
891 2203 973 2252 nova
988 2185 1087 2254 verba

147 2275 897 2369 exprimatur.TandemuedecretiTridentini
912 2275 1085 2364 memoria,

145 2375 268 2462 iusque
282 2371 477 2453 obsolescat,
488 2370 679 2459 cupitsacra
689 2371 902 2459 congregatio
912 2371 1087 2461 utquoties

146 2488 179 2537 se
195 2465 331 2536 dederit
342 2465 483 2548 occasio,
495 2464 690 2533 ldissionarii
701 2464 782 2532 illud
793 2463 1008 2552 popularibus
1024 2466 1086 2535 sibi

100 2634 103 2639 ,
146 2559 335 2629 commissis
355 2559 529 2647 explicent,
553 2579 591 2626 ac
611 2557 699 2626 iuxta
721 2559 853 2645 regulas
874 2559 971 2627 modo
988 2581 1087 2649 expo·

148 2655 229 2723 sitas
247 2652 430 2721 declarent.
452 2652 589 2741 Expedit
606 2652 707 2734 enim,
727 2663 764 2719 ut
783 2651 873 2740 ipsae
892 2653 1033 2722 maxime
1051 2676 1086 2722 a·

147 2746 396 2816 dolescentulae
423 2745 568 2833 virgines
589 2745 621 2813 id
640 2756 832 2833 perceptum
862 2745 1022 2829 babeant,
1044 2769 1086 2816 ne

149 2840 359 2909 mirandem
390 2839 525 2921 induci,
548 2851 580 2907 et
600 2838 760 2920 occultis,
799 2837 930 2927 vimque
959 2840 1086 2907 nullam

147 2932 316 3010 habituris
346 2932 538 3021 nuptiarum
568 2932 741 3021 promissis
761 2952 796 2999 se
815 2933 854 2999 ad
877 2933 977 3001 ullam
1007 2932 1086 3022 pelli

149 3026 393 3115 turpitudinem
415 3026 595 3114 patiantur.
623 3048 637 3091 r

194 3120 300 3200 Quam
321 3139 435 3188 sacrae
452 3117 721 3207 congregationis
741 3116 938 3186 sententiam
953 3118 1088 3185 sanctis·

148 3215 254 3282 simus
275 3212 435 3281 Dominus
465 3212 583 3281 Noster
610 3211 689 3279 Pius
719 3210 806 3298 Papa
826 3209 880 3275 Vll
900 3209 953 3276 die
971 3207 1017 3275 td
1036 3208 1086 3278 la·

148 3307 258 3377 nuarii
280 3303 370 3372 ldbl
403 3305 547 3394 benigne
568 3303 782 3394 approbavit,
805 3314 838 3369 et
857 3302 993 3370 omnino
1013 3323 1085 3371 ser·

149 3401 215 3470 vari
230 3398 471 3468 iussit.llerum
488 3399 668 3478 enimvero,
685 3416 759 3462 eum
775 3394 892 3462 Vicarii
909 3396 1086 3484 Apostolioi

149 3493 364 3585 exposuerint
390 3491 599 3580 gravissimas
632 3489 841 3559 difficultates
868 3509 907 3556 ex
938 3489 1087 3578 publica-

250 3627 288 3675 De
307 3622 470 3676 Matrimonia
1004 3618 1019 3661 5
