2642 4175
277 377 344 437 322
607 387 711 433 curun
729 387 777 432 1n.

230 487 435 558 haereticum
457 495 517 566 est,
541 496 574 554 et
602 484 853 553 coniunctiones
883 484 1021 573 insuper
1041 485 1171 574 quasti·

231 584 287 651 bet
306 580 399 660 alias,
418 588 550 666 praeter
571 576 834 661 Sacramentum,
851 579 955 647 uirilis
975 577 1058 666 tegis
1074 578 1103 644 ri
1119 579 1172 646 fa·
1298 607 1299 618 ¹

230 685 311 756 ctas,
331 693 396 741 non
414 691 546 759 semper
565 691 637 740 esse
655 681 771 760 turpes
791 682 825 740 et
843 671 998 741 exitiales·
1011 670 1169 739 concubi-

229 780 295 849 tus,
314 766 402 856 quod
431 764 538 833 citatis
565 763 691 833 Summi
726 763 893 834 Pontifmis
912 764 1019 834 verbis
1037 764 1166 833 directe

230 882 266 930 re
292 882 313 927 u
339 870 407 928 nat.

269 881 397 1022 ¹Eegrum
414 952 454 1019 de
471 949 575 1039 priori
593 950 756 1019 sententia
772 947 851 1019 satis
868 951 992 1018 dictum
1006 950 1060 1018 sit.
1076 950 1165 1031 Quid

231 1067 308 1116 vero
327 1045 476 1114 dicemus
497 1045 538 1113 de
559 1043 729 1111 nonnullis
760 1043 983 1126 Auctoribus,
1007 1044 1063 1132 qni
1085 1065 1163 1112 oum

231 1138 408 1208 haereticis
427 1137 562 1219 sentire,
584 1146 617 1204 et
634 1135 786 1205 cathoiiei
816 1136 918 1205 videri
948 1137 1091 1204 volunt?
1121 1136 1164 1204 Hi

231 1232 359 1301 scilicet
374 1230 600 1300 definitionem
625 1229 764 1298 Concitii
785 1229 932 1297 Trident.
955 1249 1035 1298 sess.
1054 1229 1163 1313 XXIV,

232 1326 273 1395 de
294 1324 440 1394 Sacram.
459 1323 602 1391 Matrim.
623 1343 698 1391 can.
719 1321 753 1404 1;
776 1346 790 1388 1
815 1320 848 1390 Si
869 1322 944 1411 quis
962 1322 1081 1390 dixerit
1102 1324 1166 1391 Ec·

233 1417 366 1486 alesiam
383 1436 450 1484 non
465 1415 612 1502 potuisse
630 1417 834 1485 constituere
846 1416 1083 1504 impedimenta
1098 1436 1167 1484 ma-

233 1509 426 1580 trimonium
447 1508 648 1591 dirimentia,
669 1508 846 1578 anathema
864 1508 953 1591 sit»
976 1508 1071 1578 maiis
1088 1509 1168 1577 arti·

233 1603 294 1670 bus
314 1603 450 1670 eludere
471 1601 579 1669 conati
599 1613 688 1669 sunt.
710 1602 850 1671 ioannes
869 1601 1046 1684 Launoins,
1067 1600 1103 1669 in
1133 1622 1169 1670 o·

232 1714 312 1785 pere
326 1694 370 1763 De
385 1694 475 1783 regia
491 1693 524 1761 in
541 1694 791 1763 matrimonium
812 1705 972 1784 potestate
985 1714 1041 1763 an.
1056 1692 1164 1779 totu,

234 1788 472 1876 interpretatus
489 1798 554 1868 est,
576 1787 743 1856 Ecclesiae
762 1788 896 1857 nomine
916 1788 1127 1876 designatum
1148 1810 1167 1857 a

233 1879 436 1949 Tridentinis
452 1881 606 1949 Patribus
627 1880 728 1950 fuisse
747 1901 814 1949 non
835 1881 984 1950 ordinem
1007 1879 1169 1950 Sacerdo-

233 1984 315 2054 tum,
332 1975 388 2042 sed
410 1973 597 2042 uniuersum
619 1973 782 2042 Eidetium
812 1988 966 2056 coetum,
990 1984 1024 2042 et
1043 1975 1076 2042 in
1098 1974 1169 2062 pri·

233 2067 297 2135 mis
316 2066 423 2157 Reges
443 2078 543 2157 atque
561 2066 757 2157 Principes,
780 2069 819 2136 ad
842 2089 924 2157 quos
954 2086 992 2136 ea
1022 2078 1170 2157 potestas

234 2161 370 2251 proprie
390 2162 543 2250 pertinet,
565 2173 598 2229 et
617 2182 763 2250 quorum
784 2161 920 2230 nomine
936 2171 969 2229 et
987 2160 1171 2228 auctorita-

234 2265 266 2324 te
285 2256 327 2324 ab
347 2255 463 2323 ordine
485 2252 686 2325 Sacerdotaii
708 2264 894 2323 exercetur.
915 2253 1052 2322 Launoii
1070 2254 1171 2322 uesti-

234 2347 299 2435 giis
318 2347 512 2417 institerunt
528 2367 594 2415 non
613 2347 711 2435 pauci
731 2367 889 2416 novarum
906 2366 1018 2415 rerum
1040 2346 1167 2435 cupidi,

234 2451 269 2508 et
295 2440 467 2528 regiminis
499 2439 625 2529 politici
657 2451 904 2519 assentatores,
922 2439 980 2529 qui
1000 2440 1060 2508 toti
1080 2441 1115 2507 in
1137 2439 1170 2506 id

236 2532 473 2609 incubuerunt,
498 2542 535 2600 ut
564 2533 786 2617 adstruerent,
807 2533 986 2602 Ecclesiam
1008 2552 1076 2601 non
1096 2532 1173 2600 iure

236 2625 372 2713 proprio
392 2646 430 2692 ac
448 2624 580 2703 nativo,
600 2627 656 2693 sed
678 2647 717 2694 en
736 2626 924 2715 principum
956 2625 1173 2694 concessione

236 2727 432 2805 potestatem
462 2717 547 2786 hanc
574 2718 786 2802 exercuisse,
809 2740 892 2808 quos
912 2719 1000 2788 inter
1019 2718 1173 2787 eminent

229 2809 462 2878 Oberhausser
478 2831 535 2899 op.
553 2811 650 2879 editis
670 2809 763 2879 1768
783 2813 918 2895 Enidae,
937 2823 971 2880 et
990 2832 1044 2880 an.
1066 2809 1172 2890 1771,

237 2900 328 2970 1777
350 2915 383 2973 et
402 2900 493 2970 trau
510 2904 731 2986 Eranoofnrti,
754 2915 787 2972 et
805 2906 923 2973 Eranc.
944 2904 1071 2973 Paulus
1085 2903 1169 2991 vigit

236 3017 292 3086 op.
318 3019 333 3061 1
355 2996 487 3065 defensa
520 2997 560 3065 de
581 2999 610 3064 la
633 2996 825 3067 auctoridad
859 2999 900 3067 de
924 2998 972 3066 los
992 2996 1173 3084 gubiemos

237 3089 279 3157 de
299 3088 390 3158 Lima
410 3086 516 3158 1818.
537 3089 675 3157 Pravam
696 3090 817 3158 horum
849 3089 1021 3158 hominum
1050 3088 1174 3156 doctri·

240 3203 318 3251 naor
338 3195 607 3273 compresserunt
625 3183 717 3251 Dom.
741 3182 890 3251 Gaiasius
910 3182 1092 3271 Episcopus
1112 3181 1177 3249 Ru·

236 3274 392 3345 bensium
411 3296 468 3365 op.
490 3300 504 3342 1
524 3275 753 3345 Eeciesiastica
768 3274 803 3344 in
819 3276 1068 3344 matrimonium
1086 3285 1177 3364 pote·

235 3377 326 3435 stas»
348 3369 472 3438 Romae
491 3366 595 3451 1677,
617 3381 650 3439 et
681 3369 858 3437 L'Huiilier
881 3368 916 3438 in
941 3390 995 3457 op.
1021 3393 1037 3435 1
1057 3368 1178 3437 Obser-

239 3459 409 3528 vationum
434 3462 469 3530 in
502 3462 625 3531 librum
650 3463 743 3531 111.
766 3461 904 3531 Leunoii
935 3462 1093 3550 Theologi
1114 3459 1178 3528 Pa·

237 3549 411 3636 risiensis,
441 3555 499 3645 qni
519 3555 711 3625 inscribitur
739 3556 784 3626 De
810 3554 912 3646 Regia
944 3560 978 3623 in
1009 3555 1177 3624 Matrimo-
