2642 4175
266 368 333 427 538
577 384 740 431 ananum
756 387 803 432 1n.

221 484 494 567 concubinarios,
523 486 773 570 foeneratores,
795 507 932 573 magos,
955 487 1157 575 sortilegos,

220 579 440 669 blasphemos,
459 580 608 668 aliosque
626 580 727 648 lruius
744 581 877 668 generis
889 580 1054 663 homines,
1077 604 1157 670 quo·

219 695 294 743 rum
314 673 443 743 notoria
464 684 498 742 et
518 673 649 762 publica
672 685 722 742 est
742 673 917 763 iniquitas,
935 674 1048 762 ignota
1078 697 1158 744 vero

219 766 435 859 poenitentia.
468 767 526 835 His
554 766 666 856 itaque
692 767 847 835 omnibus
880 768 1072 855 deneganda
1106 782 1157 838 est

219 860 427 930 Eucharistia
449 860 516 930 sive
543 881 614 929 eam
635 860 778 949 publice,
801 861 868 930 sive
887 861 922 929 in
951 863 1080 930 occulto
1101 884 1175 950 pe⁸¹

221 967 303 1025 tant.
334 958 375 1023 dt
393 955 496 1043 longe
518 954 581 1022 alia
602 975 655 1023 res
680 966 746 1036 est,
776 955 803 1023 si
823 954 864 1024 de
884 955 1021 1024 occultis
1043 977 1156 1044 pccca-

221 1049 349 1118 toribns
366 1069 476 1117 sermo
494 1047 699 1117 instituatur.
732 1047 765 1116 Si
786 1047 874 1116 enim
903 1050 1051 1117 occultus
1078 1070 1155 1138 pec·

219 1144 311 1212 calor
329 1163 439 1211 coram
461 1141 534 1211 aliis
554 1141 708 1210 fidelibus
734 1142 774 1210 ad
807 1143 870 1210 hoc
903 1141 1153 1212 Sacramentum

219 1236 470 1327 percipiendum
488 1256 523 1303 sc
541 1235 670 1317 otlcrat,
692 1234 786 1304 illum
807 1234 970 1324 repellere
990 1257 1056 1304 non
1074 1236 1156 1305 lice·

220 1330 280 1413 bit,
304 1350 346 1399 ne
367 1329 496 1418 publica
516 1328 679 1397 alliciatur
705 1329 858 1413 infamia,
877 1351 942 1418 qua
971 1334 1062 1399 certe
1083 1330 1156 1397 affi-

220 1435 363 1505 ceretur,
383 1423 410 1491 si
440 1422 571 1510 publice
591 1423 699 1491 eidem
730 1422 934 1491 Eucharistia
970 1424 1155 1512 denegare·

220 1529 287 1586 tur.
307 1517 441 1597 Verum,
464 1517 492 1584 si
508 1516 657 1584 occultus
678 1528 830 1605 peccator
858 1516 1102 1585 Eucharistiam
1120 1516 1155 1584 ia

222 1612 352 1695 occulto
367 1619 466 1698 petat,
483 1620 562 1677 tunc
576 1610 728 1696 neganda
745 1610 774 1678 ei
796 1611 880 1678 loret
896 1610 1056 1678 Dominici
1072 1610 1157 1680 Cor-

222 1704 312 1793 poris
331 1702 551 1792 participatio,
574 1715 709 1792 excepto
729 1716 839 1772 tamen
866 1725 967 1784 casu,
995 1725 1062 1792 quo
1098 1703 1156 1772 Sa-

219 1798 336 1867 cerdos
355 1818 397 1864 er
414 1793 650 1866 sacramentali
673 1797 879 1866 confessione
902 1798 1021 1866 occulti
1038 1818 1156 1886 pecca-

222 1890 304 1960 toris
323 1901 444 1959 statum
464 1890 683 1978 cognovisset.

266 1983 441 2053 Praeterea
470 2004 545 2052 cum
567 2002 695 2052 summa
717 1983 901 2053 reverentia
929 1984 1007 2052 huic
1044 2005 1153 2072 auga·
1248 1996 1252 2012 '

218 2077 363 2147 stissimo
385 2076 596 2148 Sacramenta
616 2078 796 2161 debeatur,
816 2099 833 2147 a
853 2100 945 2148 sacra
968 2099 1089 2162 mensa¹
1103 2100 1155 2147 ar·

219 2183 337 2241 centur
350 2184 510 2254 amentes,
531 2184 564 2241 et
583 2172 781 2262 phrenetici,
803 2172 867 2241 nisi
885 2172 992 2240 lucida
1009 2171 1156 2241 habeant

219 2266 414 2348 intervalla,
436 2285 563 2334 necnon
585 2265 751 2335 semifatui
784 2278 816 2336 et
851 2265 988 2348 stolidi,
1009 2286 1156 2354 energu-

220 2359 321 2442 meni,
342 2359 508 2447 epileptici
530 2359 655 2449 aliique
674 2359 821 2447 aegroti,
843 2360 884 2428 de
916 2359 1038 2449 quibus
1057 2359 1155 2428 dubi·

219 2452 283 2521 tari
303 2453 484 2542 prudenter
502 2454 622 2541 possit,
640 2474 682 2521 an
702 2456 769 2522 sint
787 2452 838 2522 sui
861 2464 1041 2542 compnteS,
1063 2464 1096 2522 et
1113 2475 1154 2522 an

220 2546 420 2636 qnid-agant
451 2546 654 2635 intelligant,
677 2548 728 2616 vel
753 2546 781 2615 si
807 2546 996 2615 rumilionis
1023 2546 1156 2616 aliudve
1260 2599 1262 2608 ,

264 2730 548 2812 Quemadmodum
585 2729 865 2803 administrandae
901 2733 1155 2803 communionis
1264 2724 1269 2738 ’

220 2824 402 2915 paschalia,
433 2825 476 2894 ita
508 2826 607 2895 etiam
636 2827 827 2896 ordinarius
859 2826 972 2896 Viatici
1003 2827 1156 2897 minister

221 2931 270 2989 est
288 2918 468 2988 Parochus.
491 2920 606 3009 ltaque
627 2920 660 2988 in
681 2922 844 2990 Clement.
859 2920 884 2988 l.
907 2922 950 2989 de
966 2920 1152 3009 Pririlegiis

220 3011 268 3082 sic
284 3013 456 3082 statuitur:
481 3038 495 3079 a
525 3013 701 3103 Religiosi,
730 3014 787 3105 qui
807 3013 944 3084 Clericis
973 3026 1030 3083 aut
1061 3014 1154 3084 laicis

222 3105 471 3176 Sacramentum
489 3107 659 3176 Unctionis
676 3119 841 3178 extremae
857 3109 906 3176 vel
925 3107 1153 3178 Eucharistiae

224 3200 425 3285 ministrare,
447 3222 515 3269 non
534 3199 645 3270 habita
665 3223 767 3290 snper
787 3202 838 3269 his
864 3201 1063 3291 parochialis
1079 3200 1154 3269 Pre-

222 3293 502 3387 sbyterilicentia
531 3294 684 3383 speciali,
706 3294 1009 3384 praesumpserint,
1029 3315 1154 3363 excom·

223 3386 455 3458 manicationis
479 3388 652 3457 incurrant
668 3389 864 3459 sententiam
887 3388 958 3476 ipso
978 3388 1062 3456 lacto
1094 3410 1154 3472 per

224 3478 340 3549 Sedent
360 3481 579 3570 Apostolicam
601 3483 769 3551 dumtaxat
787 3482 988 3551 absolvendi.
1012 3480 1152 3569 Religio·

224 3572 268 3640 sis
285 3582 395 3641 tamen
414 3574 490 3659 illis,
510 3576 631 3665 quibus
649 3588 699 3646 est
714 3577 756 3645 ab
769 3574 954 3666 apostolica
974 3574 1057 3645 Sede
1075 3594 1153 3643 con-
