<?xml version="1.0" encoding="UTF-8"?>
<!DOCTYPE html PUBLIC "-//W3C//DTD XHTML 1.0 Transitional//EN"
    "http://www.w3.org/TR/xhtml1/DTD/xhtml1-transitional.dtd">
<html xmlns="http://www.w3.org/1999/xhtml" xml:lang="en" lang="en">
 <head>
  <title>
</title>
<meta http-equiv="Content-Type" content="text/html;charset=utf-8" />
  <meta name='ocr-system' content='tesseract 3.04.00' />
  <meta name='ocr-capabilities' content='ocr_page ocr_carea ocr_par ocr_line ocrx_word'/>
</head>
<body>
  <div class='ocr_page' id='page_1' title='image "./septimiimariaev00veccgoog_0099.png"; bbox 0 0 2642 4175; ppageno 0'>
   <div class='ocr_carea' id='block_1_1' title="bbox 417 395 1038 452">
    <p class='ocr_par' dir='ltr' id='par_1_1' title="bbox 417 395 1038 452">
     <span class='ocr_line' id='line_1_1' title="bbox 417 395 1038 452; baseline 0.018 -11"><span class='ocrx_word' id='word_1_1' title='bbox 417 399 461 442; x_wconf 88' lang='lat' dir='ltr'><strong>nn</strong></span> <span class='ocrx_word' id='word_1_2' title='bbox 478 399 605 445; x_wconf 70' lang='lat' dir='ltr'><strong>narona</strong></span> <span class='ocrx_word' id='word_1_3' title='bbox 626 401 825 449; x_wconf 71' lang='lat' dir='ltr'><strong>narnrnonn</strong></span> <span class='ocrx_word' id='word_1_4' title='bbox 999 395 1038 452; x_wconf 83' lang='lat'><strong>91</strong></span> 
     </span>
    </p>
   </div>
   <div class='ocr_carea' id='block_1_2' title="bbox 147 494 1181 1901">
    <p class='ocr_par' dir='ltr' id='par_1_2' title="bbox 147 494 1181 1901">
     <span class='ocr_line' id='line_1_2' title="bbox 147 494 1086 589; baseline 0.014 -28"><span class='ocrx_word' id='word_1_5' title='bbox 147 495 287 565; x_wconf 84' lang='lat' dir='ltr'><strong>versatis</strong></span> <span class='ocrx_word' id='word_1_6' title='bbox 318 494 487 566; x_wconf 78' lang='lat' dir='ltr'>Ecclesiae</span> <span class='ocrx_word' id='word_1_7' title='bbox 518 496 654 567; x_wconf 89' lang='lat' dir='ltr'><strong>traditio</strong></span> <span class='ocrx_word' id='word_1_8' title='bbox 687 520 819 589; x_wconf 83' lang='lat' dir='ltr'>semper</span> <span class='ocrx_word' id='word_1_9' title='bbox 851 502 1086 575; x_wconf 79' lang='lat' dir='ltr'><strong>docuerunt.»</strong></span> 
     </span>
     <span class='ocr_line' id='line_1_3' title="bbox 147 588 1084 685; baseline 0.007 -26"><span class='ocrx_word' id='word_1_10' title='bbox 147 588 276 670; x_wconf 77' lang='lat' dir='ltr'><strong>Quibus</strong></span> <span class='ocrx_word' id='word_1_11' title='bbox 296 610 336 659; x_wconf 85' lang='lat' dir='ltr'><strong>ex</strong></span> <span class='ocrx_word' id='word_1_12' title='bbox 354 590 463 660; x_wconf 90' lang='lat' dir='ltr'><strong>verbis</strong></span> <span class='ocrx_word' id='word_1_13' title='bbox 479 591 546 661; x_wconf 91' lang='lat' dir='ltr'><strong>duo</strong></span> <span class='ocrx_word' id='word_1_14' title='bbox 564 592 706 662; x_wconf 80' lang='lat' dir='ltr'><strong>maxime</strong></span> <span class='ocrx_word' id='word_1_15' title='bbox 737 606 815 663; x_wconf 89' lang='lat' dir='ltr'><strong>suut</strong></span> <span class='ocrx_word' id='word_1_16' title='bbox 842 595 1016 685; x_wconf 82' lang='lat' dir='ltr'><strong>perspicua</strong></span> <span class='ocrx_word' id='word_1_17' title='bbox 1034 618 1042 665; x_wconf 76' lang='grc' dir='ltr'>ε</span> <span class='ocrx_word' id='word_1_18' title='bbox 1058 599 1084 667; x_wconf 91' lang='lat'><strong>1.</strong></span> 
     </span>
     <span class='ocr_line' id='line_1_4' title="bbox 147 685 1088 773; baseline 0.011 -22"><span class='ocrx_word' id='word_1_19' title='bbox 147 685 287 773; x_wconf 87' lang='lat' dir='ltr'><strong>quidam</strong></span> <span class='ocrx_word' id='word_1_20' title='bbox 307 686 495 753; x_wconf 76' lang='lat' dir='ltr'><strong>naturalem</strong></span> <span class='ocrx_word' id='word_1_21' title='bbox 518 685 613 754; x_wconf 86' lang='lat' dir='ltr'><strong>iilum</strong></span> <span class='ocrx_word' id='word_1_22' title='bbox 634 707 782 757; x_wconf 87' lang='lat' dir='ltr'><strong>amorem</strong></span> <span class='ocrx_word' id='word_1_23' title='bbox 815 700 848 757; x_wconf 87' lang='lat' dir='ltr'><strong>et</strong></span> <span class='ocrx_word' id='word_1_24' title='bbox 874 688 1088 760; x_wconf 87' lang='lat' dir='ltr'><strong>indissolubi-</strong></span> 
     </span>
     <span class='ocr_line' id='line_1_5' title="bbox 148 777 1087 868; baseline 0.011 -24"><span class='ocrx_word' id='word_1_25' title='bbox 148 777 217 845; x_wconf 88' lang='lat' dir='ltr'><strong>lem</strong></span> <span class='ocrx_word' id='word_1_26' title='bbox 237 797 374 861; x_wconf 81' lang='lat' dir='ltr'><strong>nerum,</strong></span> <span class='ocrx_word' id='word_1_27' title='bbox 393 799 461 868; x_wconf 91' lang='lat' dir='ltr'><strong>quo</strong></span> <span class='ocrx_word' id='word_1_28' title='bbox 479 778 529 848; x_wconf 88' lang='lat' dir='ltr'><strong>rir</strong></span> <span class='ocrx_word' id='word_1_29' title='bbox 551 790 583 848; x_wconf 88' lang='lat' dir='ltr'><strong>et</strong></span> <span class='ocrx_word' id='word_1_30' title='bbox 603 801 686 848; x_wconf 89' lang='lat' dir='ltr'><strong>uxor</strong></span> <span class='ocrx_word' id='word_1_31' title='bbox 706 780 740 850; x_wconf 92' lang='lat' dir='ltr'><strong>in</strong></span> <span class='ocrx_word' id='word_1_32' title='bbox 761 780 917 852; x_wconf 87' lang='lat' dir='ltr'><strong>Paradiso</strong></span> <span class='ocrx_word' id='word_1_33' title='bbox 938 786 1087 854; x_wconf 75' lang='lat' dir='ltr'><strong>terrestri</strong></span> 
     </span>
     <span class='ocr_line' id='line_1_6' title="bbox 149 870 1086 965; baseline 0.01 -27"><span class='ocrx_word' id='word_1_34' title='bbox 149 871 191 939; x_wconf 88' lang='lat' dir='ltr'><strong>ab</strong></span> <span class='ocrx_word' id='word_1_35' title='bbox 210 871 284 960; x_wconf 88' lang='lat' dir='ltr'><strong>ipso</strong></span> <span class='ocrx_word' id='word_1_36' title='bbox 306 870 372 940; x_wconf 83' lang='lat' dir='ltr'><strong>Deo</strong></span> <span class='ocrx_word' id='word_1_37' title='bbox 399 872 545 960; x_wconf 82' lang='lat' dir='ltr'><strong>copulati</strong></span> <span class='ocrx_word' id='word_1_38' title='bbox 580 886 682 957; x_wconf 88' lang='lat' dir='ltr'><strong>sunt,</strong></span> <span class='ocrx_word' id='word_1_39' title='bbox 704 895 765 964; x_wconf 89' lang='lat' dir='ltr'><strong>per</strong></span> <span class='ocrx_word' id='word_1_40' title='bbox 794 875 917 945; x_wconf 84' lang='lat' dir='ltr'><strong>Christi</strong></span> <span class='ocrx_word' id='word_1_41' title='bbox 945 877 1086 965; x_wconf 79' lang='lat' dir='ltr'><strong>gretiam</strong></span> 
     </span>
     <span class='ocr_line' id='line_1_7' title="bbox 150 965 1088 1060; baseline 0.009 -27"><span class='ocrx_word' id='word_1_42' title='bbox 150 965 336 1052; x_wconf 81' lang='lat' dir='ltr'><strong>perfeetum</strong></span> <span class='ocrx_word' id='word_1_43' title='bbox 358 977 392 1034; x_wconf 90' lang='lat' dir='ltr'><strong>et</strong></span> <span class='ocrx_word' id='word_1_44' title='bbox 410 965 643 1036; x_wconf 83' lang='lat' dir='ltr'><strong>confirmatum</strong></span> <span class='ocrx_word' id='word_1_45' title='bbox 664 989 747 1051; x_wconf 89' lang='lat' dir='ltr'><strong>esse,</strong></span> <span class='ocrx_word' id='word_1_46' title='bbox 771 970 996 1060; x_wconf 78' lang='lat' dir='ltr'><strong>coniugesque</strong></span> <span class='ocrx_word' id='word_1_47' title='bbox 1012 993 1088 1041; x_wconf 92' lang='lat' dir='ltr'><strong>san·</strong></span> 
     </span>
     <span class='ocr_line' id='line_1_8' title="bbox 149 1057 1089 1149; baseline 0.007 -23"><span class='ocrx_word' id='word_1_48' title='bbox 149 1057 310 1128; x_wconf 81' lang='lat' dir='ltr'><strong>utitioara.</strong></span> <span class='ocrx_word' id='word_1_49' title='bbox 333 1058 543 1129; x_wconf 71' lang='lat' dir='ltr'><strong>innarenn</strong></span> <span class='ocrx_word' id='word_1_50' title='bbox 565 1059 687 1136; x_wconf 80' lang='lat' dir='ltr'><strong>Christi</strong></span> <span class='ocrx_word' id='word_1_51' title='bbox 703 1062 843 1149; x_wconf 83' lang='lat' dir='ltr'><strong>gratiam</strong></span> <span class='ocrx_word' id='word_1_52' title='bbox 858 1074 891 1132; x_wconf 84' lang='lat' dir='ltr'><strong>et</strong></span> <span class='ocrx_word' id='word_1_53' title='bbox 904 1064 1089 1133; x_wconf 80' lang='lat' dir='ltr'><strong>sanctifica·</strong></span> 
     </span>
     <span class='ocr_line' id='line_1_9' title="bbox 149 1151 1089 1246; baseline 0.005 -24"><span class='ocrx_word' id='word_1_54' title='bbox 149 1151 275 1222; x_wconf 87' lang='lat' dir='ltr'><strong>tionem</strong></span> <span class='ocrx_word' id='word_1_55' title='bbox 297 1153 550 1223; x_wconf 82' lang='lat' dir='ltr'><strong>matrimonium</strong></span> <span class='ocrx_word' id='word_1_56' title='bbox 569 1155 738 1229; x_wconf 85' lang='lat' dir='ltr'><strong>veteribus</strong></span> <span class='ocrx_word' id='word_1_57' title='bbox 758 1155 923 1245; x_wconf 81' lang='lat' dir='ltr'><strong>coniugiis</strong></span> <span class='ocrx_word' id='word_1_58' title='bbox 942 1167 1089 1246; x_wconf 82' lang='lat' dir='ltr'><strong>praesta·</strong></span> 
     </span>
     <span class='ocr_line' id='line_1_10' title="bbox 149 1247 1089 1337; baseline 0.007 -23"><span class='ocrx_word' id='word_1_59' title='bbox 149 1258 243 1329; x_wconf 84' lang='lat' dir='ltr'><strong>re,et</strong></span> <span class='ocrx_word' id='word_1_60' title='bbox 258 1247 380 1315; x_wconf 88' lang='lat' dir='ltr'><strong>merito</strong></span> <span class='ocrx_word' id='word_1_61' title='bbox 396 1247 647 1319; x_wconf 85' lang='lat' dir='ltr'><strong>adSarramenti</strong></span> <span class='ocrx_word' id='word_1_62' title='bbox 663 1248 859 1337; x_wconf 81' lang='lat' dir='ltr'><strong>dignitatem</strong></span> <span class='ocrx_word' id='word_1_63' title='bbox 880 1262 1089 1321; x_wconf 85' lang='lat' dir='ltr'><strong>evectumes-</strong></span> 
     </span>
     <span class='ocr_line' id='line_1_11' title="bbox 149 1341 1088 1431; baseline 0.004 -22"><span class='ocrx_word' id='word_1_64' title='bbox 149 1341 297 1429; x_wconf 70' lang='lat' dir='ltr'><strong>nequod</strong></span> <span class='ocrx_word' id='word_1_65' title='bbox 312 1341 346 1409; x_wconf 90' lang='lat' dir='ltr'><strong>in</strong></span> <span class='ocrx_word' id='word_1_66' title='bbox 360 1341 518 1411; x_wconf 89' lang='lat' dir='ltr'><strong>Paradiso</strong></span> <span class='ocrx_word' id='word_1_67' title='bbox 532 1342 682 1412; x_wconf 87' lang='lat' dir='ltr'><strong>terrestri</strong></span> <span class='ocrx_word' id='word_1_68' title='bbox 697 1342 840 1431; x_wconf 86' lang='lat' dir='ltr'><strong>primurn</strong></span> <span class='ocrx_word' id='word_1_69' title='bbox 856 1345 992 1413; x_wconf 82' lang='lat' dir='ltr'><strong>exstitit.</strong></span> <span class='ocrx_word' id='word_1_70' title='bbox 1002 1344 1088 1425; x_wconf 82' lang='lat' dir='ltr'><strong>Quid</strong></span> 
     </span>
     <span class='ocr_line' id='line_1_12' title="bbox 148 1435 1090 1527; baseline 0.005 -24"><span class='ocrx_word' id='word_1_71' title='bbox 148 1445 261 1503; x_wconf 87' lang='lat' dir='ltr'><strong>autern</strong></span> <span class='ocrx_word' id='word_1_72' title='bbox 284 1435 488 1505; x_wconf 88' lang='lat' dir='ltr'><strong>matrimonii</strong></span> <span class='ocrx_word' id='word_1_73' title='bbox 519 1436 602 1504; x_wconf 87' lang='lat' dir='ltr'><strong>illud</strong></span> <span class='ocrx_word' id='word_1_74' title='bbox 636 1435 727 1504; x_wconf 79' lang='lat' dir='ltr'><strong>fuist</strong></span> <span class='ocrx_word' id='word_1_75' title='bbox 751 1438 877 1527; x_wconf 86' lang='lat' dir='ltr'><strong>Nempe</strong></span> <span class='ocrx_word' id='word_1_76' title='bbox 899 1449 1090 1508; x_wconf 72' lang='lat' dir='ltr'><strong>contractus</strong></span> 
     </span>
     <span class='ocr_line' id='line_1_13' title="bbox 147 1528 1088 1614; baseline 0.006 -19"><span class='ocrx_word' id='word_1_77' title='bbox 147 1528 313 1597; x_wconf 84' lang='lat' dir='ltr'><strong>naturalis</strong></span> <span class='ocrx_word' id='word_1_78' title='bbox 333 1540 366 1597; x_wconf 86' lang='lat' dir='ltr'><strong>et</strong></span> <span class='ocrx_word' id='word_1_79' title='bbox 385 1530 475 1598; x_wconf 86' lang='lat' dir='ltr'><strong>nulia</strong></span> <span class='ocrx_word' id='word_1_80' title='bbox 498 1530 626 1598; x_wconf 85' lang='lat' dir='ltr'><strong>ratione</strong></span> <span class='ocrx_word' id='word_1_81' title='bbox 639 1529 755 1614; x_wconf 84' lang='lat' dir='ltr'><strong>civilis,</strong></span> <span class='ocrx_word' id='word_1_82' title='bbox 771 1532 920 1600; x_wconf 79' lang='lat' dir='ltr'><strong>nondum</strong></span> <span class='ocrx_word' id='word_1_83' title='bbox 935 1532 1024 1600; x_wconf 87' lang='lat' dir='ltr'><strong>enim</strong></span> <span class='ocrx_word' id='word_1_84' title='bbox 1041 1533 1088 1601; x_wconf 84' lang='lat' dir='ltr'><strong>ci·</strong></span> 
     </span>
     <span class='ocr_line' id='line_1_14' title="bbox 147 1621 1085 1715; baseline 0.009 -28"><span class='ocrx_word' id='word_1_85' title='bbox 147 1621 229 1690; x_wconf 82' lang='lat' dir='ltr'><strong>riies</strong></span> <span class='ocrx_word' id='word_1_86' title='bbox 248 1634 437 1691; x_wconf 81' lang='lat' dir='ltr'><strong>contractus</strong></span> <span class='ocrx_word' id='word_1_87' title='bbox 467 1623 527 1691; x_wconf 85' lang='lat' dir='ltr'><strong>ulti</strong></span> <span class='ocrx_word' id='word_1_88' title='bbox 547 1633 656 1692; x_wconf 85' lang='lat' dir='ltr'><strong>erant.</strong></span> <span class='ocrx_word' id='word_1_89' title='bbox 684 1625 731 1692; x_wconf 79' lang='lat' dir='ltr'><strong>Ad</strong></span> <span class='ocrx_word' id='word_1_90' title='bbox 752 1645 823 1694; x_wconf 87' lang='lat' dir='ltr'><strong>rorn</strong></span> <span class='ocrx_word' id='word_1_91' title='bbox 857 1624 1007 1713; x_wconf 76' lang='lat' dir='ltr'><strong>Margotti</strong></span> <span class='ocrx_word' id='word_1_92' title='bbox 1028 1647 1085 1715; x_wconf 82' lang='lat' dir='ltr'><strong>op.</strong></span> 
     </span>
     <span class='ocr_line' id='line_1_15' title="bbox 150 1714 1181 1809; baseline 0.006 -27"><span class='ocrx_word' id='word_1_93' title='bbox 150 1739 164 1781; x_wconf 79' lang='lat' dir='ltr'><strong>r</strong></span> <span class='ocrx_word' id='word_1_94' title='bbox 178 1714 337 1784; x_wconf 84' lang='lat' dir='ltr'><strong>Processu</strong></span> <span class='ocrx_word' id='word_1_95' title='bbox 352 1716 383 1783; x_wconf 93' lang='lat' dir='ltr'><strong>di</strong></span> <span class='ocrx_word' id='word_1_96' title='bbox 397 1716 631 1805; x_wconf 86' lang='lat' dir='ltr'><strong>Nepomuceno</strong></span> <span class='ocrx_word' id='word_1_97' title='bbox 644 1718 762 1809; x_wconf 81' lang='lat' dir='ltr'><strong>Nuytz:</strong></span> <span class='ocrx_word' id='word_1_98' title='bbox 777 1741 792 1783; x_wconf 79' lang='lat' dir='ltr'><strong>r</strong></span> <span class='ocrx_word' id='word_1_99' title='bbox 809 1717 860 1785; x_wconf 80' lang='lat' dir='ltr'><strong>all</strong></span> <span class='ocrx_word' id='word_1_100' title='bbox 874 1719 1087 1788; x_wconf 86' lang='lat' dir='ltr'><strong>matrimonio</strong></span> <span class='ocrx_word' id='word_1_101' title='bbox 1172 1786 1181 1799; x_wconf 69' lang='grc'>,</span> 
     </span>
     <span class='ocr_line' id='line_1_16' title="bbox 148 1809 1088 1901; baseline 0.005 -25"><span class='ocrx_word' id='word_1_102' title='bbox 148 1809 190 1877; x_wconf 88' lang='lat' dir='ltr'><strong>ba</strong></span> <span class='ocrx_word' id='word_1_103' title='bbox 204 1811 387 1898; x_wconf 87' lang='lat' dir='ltr'><strong>preoeduto</strong></span> <span class='ocrx_word' id='word_1_104' title='bbox 403 1811 480 1898; x_wconf 82' lang='lat' dir='ltr'><strong>ogni</strong></span> <span class='ocrx_word' id='word_1_105' title='bbox 498 1811 606 1899; x_wconf 80' lang='lat' dir='ltr'><strong>lagga,</strong></span> <span class='ocrx_word' id='word_1_106' title='bbox 623 1811 700 1899; x_wconf 78' lang='lat' dir='ltr'><strong>ogni</strong></span> <span class='ocrx_word' id='word_1_107' title='bbox 718 1831 874 1900; x_wconf 80' lang='lat' dir='ltr'><strong>governo‚</strong></span> <span class='ocrx_word' id='word_1_108' title='bbox 889 1812 966 1901; x_wconf 80' lang='lat' dir='ltr'><strong>ogni</strong></span> <span class='ocrx_word' id='word_1_109' title='bbox 987 1812 1088 1882; x_wconf 87' lang='lat' dir='ltr'><strong>socie·</strong></span> 
     </span>
    </p>
   </div>
   <div class='ocr_carea' id='block_1_3' title="bbox 25 1902 1086 1993">
    <p class='ocr_par' dir='ltr' id='par_1_3' title="bbox 25 1902 1086 1993">
     <span class='ocr_line' id='line_1_17' title="bbox 25 1902 1086 1993; baseline 0.004 -23"><span class='ocrx_word' id='word_1_110' title='bbox 25 1954 39 1963; x_wconf 89' lang='lat'>.</span> <span class='ocrx_word' id='word_1_111' title='bbox 146 1903 192 1986; x_wconf 73' lang='lat' dir='ltr'><strong>ta,</strong></span> <span class='ocrx_word' id='word_1_112' title='bbox 208 1902 414 1993; x_wconf 67' lang='lat' dir='ltr'><strong>ediquesto</strong></span> <span class='ocrx_word' id='word_1_113' title='bbox 434 1915 598 1973; x_wconf 86' lang='lat' dir='ltr'><strong>eontratto</strong></span> <span class='ocrx_word' id='word_1_114' title='bbox 619 1917 815 1993; x_wconf 83' lang='lat' dir='ltr'><strong>puramente</strong></span> <span class='ocrx_word' id='word_1_115' title='bbox 843 1907 1007 1987; x_wconf 89' lang='lat' dir='ltr'><strong>naturale,</strong></span> <span class='ocrx_word' id='word_1_116' title='bbox 1033 1906 1086 1975; x_wconf 80' lang='lat' dir='ltr'><strong>aui</strong></span> 
     </span>
    </p>
   </div>
   <div class='ocr_carea' id='block_1_4' title="bbox 140 1996 1088 3680">
    <p class='ocr_par' dir='ltr' id='par_1_4' title="bbox 140 1996 1088 3680">
     <span class='ocr_line' id='line_1_18' title="bbox 146 1996 1087 2068; baseline 0.004 -4"><span class='ocrx_word' id='word_1_117' title='bbox 146 1996 255 2065; x_wconf 76' lang='lat' dir='ltr'><strong>Cristo</strong></span> <span class='ocrx_word' id='word_1_118' title='bbox 276 1996 303 2064; x_wconf 92' lang='lat' dir='ltr'><strong>si</strong></span> <span class='ocrx_word' id='word_1_119' title='bbox 323 1996 473 2066; x_wconf 82' lang='lat' dir='ltr'><strong>riferisce</strong></span> <span class='ocrx_word' id='word_1_120' title='bbox 493 1998 525 2066; x_wconf 90' lang='lat' dir='ltr'><strong>in</strong></span> <span class='ocrx_word' id='word_1_121' title='bbox 545 1996 579 2066; x_wconf 84' lang='lat' dir='ltr'><strong>S.</strong></span> <span class='ocrx_word' id='word_1_122' title='bbox 610 1998 771 2067; x_wconf 79' lang='lat' dir='ltr'><strong>Moneo.»</strong></span> <span class='ocrx_word' id='word_1_123' title='bbox 795 1997 872 2068; x_wconf 91' lang='lat' dir='ltr'><strong>Pius</strong></span> <span class='ocrx_word' id='word_1_124' title='bbox 893 1999 928 2068; x_wconf 84' lang='lat' dir='ltr'><strong>vt</strong></span> <span class='ocrx_word' id='word_1_125' title='bbox 958 1999 1022 2068; x_wconf 81' lang='lat' dir='ltr'><strong>tiu.</strong></span> <span class='ocrx_word' id='word_1_126' title='bbox 1046 2001 1087 2068; x_wconf 89' lang='lat' dir='ltr'><strong>ad</strong></span> 
     </span>
     <span class='ocr_line' id='line_1_19' title="bbox 147 2089 1087 2180; baseline 0.005 -23"><span class='ocrx_word' id='word_1_127' title='bbox 147 2089 259 2179; x_wconf 79' lang='lat' dir='ltr'><strong>Epioe.</strong></span> <span class='ocrx_word' id='word_1_128' title='bbox 284 2091 404 2179; x_wconf 80' lang='lat' dir='ltr'><strong>tigriae</strong></span> <span class='ocrx_word' id='word_1_129' title='bbox 429 2091 470 2159; x_wconf 82' lang='grc'><strong>11</strong></span> <span class='ocrx_word' id='word_1_130' title='bbox 495 2091 583 2160; x_wconf 91' lang='lat' dir='ltr'><strong>lunii</strong></span> <span class='ocrx_word' id='word_1_131' title='bbox 602 2090 695 2161; x_wconf 65' lang='lat'><strong>1788</strong></span> <span class='ocrx_word' id='word_1_132' title='bbox 713 2103 826 2180; x_wconf 88' lang='lat' dir='ltr'><strong>aperte</strong></span> <span class='ocrx_word' id='word_1_133' title='bbox 847 2092 959 2161; x_wconf 88' lang='lat' dir='ltr'><strong>tradit:</strong></span> <span class='ocrx_word' id='word_1_134' title='bbox 977 2118 999 2158; x_wconf 70' lang='lat' dir='ltr'><strong>a</strong></span> <span class='ocrx_word' id='word_1_135' title='bbox 1023 2094 1087 2162; x_wconf 77' lang='lat' dir='ltr'><strong>iia-</strong></span> 
     </span>
     <span class='ocr_line' id='line_1_20' title="bbox 146 2184 1088 2255; baseline -0.001 -2"><span class='ocrx_word' id='word_1_136' title='bbox 146 2184 343 2254; x_wconf 86' lang='lat' dir='ltr'><strong>trirnonium</strong></span> <span class='ocrx_word' id='word_1_137' title='bbox 365 2206 436 2255; x_wconf 87' lang='lat' dir='ltr'><strong>esse</strong></span> <span class='ocrx_word' id='word_1_138' title='bbox 456 2197 664 2254; x_wconf 79' lang='lat' dir='ltr'><strong>eontrarium</strong></span> <span class='ocrx_word' id='word_1_139' title='bbox 680 2185 753 2253; x_wconf 88' lang='lat' dir='ltr'><strong>inre</strong></span> <span class='ocrx_word' id='word_1_140' title='bbox 782 2185 890 2253; x_wconf 86' lang='lat' dir='ltr'><strong>divino</strong></span> <span class='ocrx_word' id='word_1_141' title='bbox 920 2197 996 2253; x_wconf 86' lang='lat' dir='ltr'><strong>unte</strong></span> <span class='ocrx_word' id='word_1_142' title='bbox 1016 2186 1088 2253; x_wconf 82' lang='lat' dir='ltr'><strong>om·</strong></span> 
     </span>
     <span class='ocr_line' id='line_1_21' title="bbox 146 2277 1086 2361; baseline -0.001 -16"><span class='ocrx_word' id='word_1_143' title='bbox 146 2298 224 2346; x_wconf 89' lang='lat' dir='ltr'><strong>nam</strong></span> <span class='ocrx_word' id='word_1_144' title='bbox 245 2277 376 2347; x_wconf 78' lang='lat' dir='ltr'><strong>civilem</strong></span> <span class='ocrx_word' id='word_1_145' title='bbox 397 2279 589 2349; x_wconf 82' lang='lat' dir='ltr'><strong>serietatem</strong></span> <span class='ocrx_word' id='word_1_146' title='bbox 621 2277 809 2348; x_wconf 89' lang='lat' dir='ltr'><strong>institutum</strong></span> <span class='ocrx_word' id='word_1_147' title='bbox 837 2290 871 2347; x_wconf 92' lang='lat' dir='ltr'><strong>et</strong></span> <span class='ocrx_word' id='word_1_148' title='bbox 903 2277 1086 2361; x_wconf 64' lang='lat' dir='ltr'><strong>firmatum</strong></span> 
     </span>
     <span class='ocr_line' id='line_1_22' title="bbox 148 2371 1087 2461; baseline 0.004 -24"><span class='ocrx_word' id='word_1_149' title='bbox 148 2371 281 2460; x_wconf 82' lang='lat' dir='ltr'><strong>hocque</strong></span> <span class='ocrx_word' id='word_1_150' title='bbox 300 2371 423 2460; x_wconf 76' lang='lat' dir='ltr'><strong>insigni</strong></span> <span class='ocrx_word' id='word_1_151' title='bbox 444 2372 636 2442; x_wconf 86' lang='lat' dir='ltr'><strong>discrimine</strong></span> <span class='ocrx_word' id='word_1_152' title='bbox 674 2372 809 2441; x_wconf 81' lang='lat' dir='ltr'><strong>differre</strong></span> <span class='ocrx_word' id='word_1_153' title='bbox 842 2372 885 2440; x_wconf 88' lang='lat' dir='ltr'><strong>ab</strong></span> <span class='ocrx_word' id='word_1_154' title='bbox 916 2371 982 2440; x_wconf 85' lang='lat' dir='ltr'><strong>alio</strong></span> <span class='ocrx_word' id='word_1_155' title='bbox 1003 2393 1087 2461; x_wconf 85' lang='lat' dir='ltr'><strong>quo·</strong></span> 
     </span>
     <span class='ocr_line' id='line_1_23' title="bbox 147 2465 1086 2556; baseline 0.002 -23"><span class='ocrx_word' id='word_1_156' title='bbox 147 2485 294 2556; x_wconf 87' lang='lat' dir='ltr'><strong>cumque</strong></span> <span class='ocrx_word' id='word_1_157' title='bbox 315 2465 401 2535; x_wconf 84' lang='lat' dir='ltr'><strong>civili</strong></span> <span class='ocrx_word' id='word_1_158' title='bbox 422 2477 644 2536; x_wconf 75' lang='lat' dir='ltr'><strong>contractu.»</strong></span> <span class='ocrx_word' id='word_1_159' title='bbox 679 2466 776 2536; x_wconf 83' lang='lat' dir='ltr'><strong>Multa</strong></span> <span class='ocrx_word' id='word_1_160' title='bbox 809 2465 1000 2535; x_wconf 90' lang='lat' dir='ltr'><strong>huiusmodi</strong></span> <span class='ocrx_word' id='word_1_161' title='bbox 1033 2487 1086 2535; x_wconf 90' lang='lat' dir='ltr'><strong>ar-</strong></span> 
     </span>
     <span class='ocr_line' id='line_1_24' title="bbox 146 2559 1087 2650; baseline 0.003 -23"><span class='ocrx_word' id='word_1_162' title='bbox 146 2569 308 2647; x_wconf 80' lang='lat' dir='ltr'><strong>gumenta</strong></span> <span class='ocrx_word' id='word_1_163' title='bbox 331 2561 482 2649; x_wconf 83' lang='lat' dir='ltr'><strong>proferre</strong></span> <span class='ocrx_word' id='word_1_164' title='bbox 512 2580 686 2650; x_wconf 84' lang='lat' dir='ltr'><strong>possemus</strong></span> <span class='ocrx_word' id='word_1_165' title='bbox 710 2581 749 2628; x_wconf 84' lang='lat' dir='ltr'><strong>er</strong></span> <span class='ocrx_word' id='word_1_166' title='bbox 768 2559 998 2630; x_wconf 82' lang='lat' dir='ltr'><strong>ecclesiasticis</strong></span> <span class='ocrx_word' id='word_1_167' title='bbox 1018 2581 1087 2630; x_wconf 90' lang='lat' dir='ltr'><strong>mo·</strong></span> 
     </span>
     <span class='ocr_line' id='line_1_25' title="bbox 146 2652 1085 2744; baseline 0.002 -23"><span class='ocrx_word' id='word_1_168' title='bbox 146 2652 332 2729; x_wconf 75' lang='lat' dir='ltr'><strong>numeratis,</strong></span> <span class='ocrx_word' id='word_1_169' title='bbox 351 2655 473 2744; x_wconf 88' lang='lat' dir='ltr'><strong>quibus</strong></span> <span class='ocrx_word' id='word_1_170' title='bbox 493 2655 653 2723; x_wconf 85' lang='lat' dir='ltr'><strong>doeemur</strong></span> <span class='ocrx_word' id='word_1_171' title='bbox 684 2654 950 2735; x_wconf 84' lang='lat' dir='ltr'><strong>matrimonium,</strong></span> <span class='ocrx_word' id='word_1_172' title='bbox 972 2666 1008 2723; x_wconf 91' lang='lat' dir='ltr'><strong>ut</strong></span> <span class='ocrx_word' id='word_1_173' title='bbox 1025 2675 1085 2723; x_wconf 93' lang='lat' dir='ltr'><strong>na·</strong></span> 
     </span>
     <span class='ocr_line' id='line_1_26' title="bbox 147 2745 1083 2831; baseline 0.003 -17"><span class='ocrx_word' id='word_1_174' title='bbox 147 2759 245 2815; x_wconf 93' lang='lat' dir='ltr'><strong>turae</strong></span> <span class='ocrx_word' id='word_1_175' title='bbox 265 2745 422 2831; x_wconf 77' lang='lat' dir='ltr'><strong>officium,</strong></span> <span class='ocrx_word' id='word_1_176' title='bbox 444 2748 495 2817; x_wconf 86' lang='lat' dir='ltr'><strong>vel</strong></span> <span class='ocrx_word' id='word_1_177' title='bbox 516 2749 703 2816; x_wconf 82' lang='lat' dir='ltr'><strong>naturalem</strong></span> <span class='ocrx_word' id='word_1_178' title='bbox 737 2747 1005 2818; x_wconf 79' lang='lat' dir='ltr'><strong>coniunctionem</strong></span> <span class='ocrx_word' id='word_1_179' title='bbox 1037 2748 1083 2817; x_wconf 88' lang='lat' dir='ltr'><strong>di·</strong></span> 
     </span>
     <span class='ocr_line' id='line_1_27' title="bbox 145 2838 1083 2926; baseline 0.003 -19"><span class='ocrx_word' id='word_1_180' title='bbox 145 2838 275 2926; x_wconf 79' lang='lat' dir='ltr'><strong>gnitate</strong></span> <span class='ocrx_word' id='word_1_181' title='bbox 296 2838 500 2911; x_wconf 67' lang='lat' dir='ltr'><strong>sacramenti</strong></span> <span class='ocrx_word' id='word_1_182' title='bbox 520 2853 650 2910; x_wconf 83' lang='lat' dir='ltr'><strong>anetam</strong></span> <span class='ocrx_word' id='word_1_183' title='bbox 672 2861 769 2925; x_wconf 80' lang='lat' dir='ltr'><strong>esse3</strong></span> <span class='ocrx_word' id='word_1_184' title='bbox 791 2854 825 2911; x_wconf 85' lang='lat' dir='ltr'><strong>at</strong></span> <span class='ocrx_word' id='word_1_185' title='bbox 851 2842 964 2910; x_wconf 82' lang='lat' dir='ltr'><strong>nulius</strong></span> <span class='ocrx_word' id='word_1_186' title='bbox 990 2842 1083 2910; x_wconf 80' lang='lat' dir='ltr'><strong>loeus</strong></span> 
     </span>
     <span class='ocr_line' id='line_1_28' title="bbox 146 2932 1084 3024; baseline 0.002 -24"><span class='ocrx_word' id='word_1_187' title='bbox 146 2954 187 3000; x_wconf 82' lang='lat' dir='ltr'><strong>ox</strong></span> <span class='ocrx_word' id='word_1_188' title='bbox 206 2932 325 3003; x_wconf 81' lang='lat' dir='ltr'><strong>iisdem</strong></span> <span class='ocrx_word' id='word_1_189' title='bbox 353 2935 577 3004; x_wconf 89' lang='lat' dir='ltr'><strong>monumentis</strong></span> <span class='ocrx_word' id='word_1_190' title='bbox 598 2935 740 3024; x_wconf 76' lang='lat' dir='ltr'><strong>proferri</strong></span> <span class='ocrx_word' id='word_1_191' title='bbox 754 2946 873 3023; x_wconf 85' lang='lat' dir='ltr'><strong>potest,</strong></span> <span class='ocrx_word' id='word_1_192' title='bbox 897 2934 954 3003; x_wconf 90' lang='lat' dir='ltr'><strong>ubi</strong></span> <span class='ocrx_word' id='word_1_193' title='bbox 973 2935 1084 3003; x_wconf 84' lang='lat' dir='ltr'><strong>matri·</strong></span> 
     </span>
     <span class='ocr_line' id='line_1_29' title="bbox 147 3026 1082 3118; baseline 0.003 -24"><span class='ocrx_word' id='word_1_194' title='bbox 147 3026 300 3095; x_wconf 90' lang='lat' dir='ltr'><strong>monium</strong></span> <span class='ocrx_word' id='word_1_195' title='bbox 324 3027 429 3098; x_wconf 84' lang='lat' dir='ltr'><strong>civilis</strong></span> <span class='ocrx_word' id='word_1_196' title='bbox 449 3040 647 3098; x_wconf 78' lang='lat' dir='ltr'><strong>eontraotus</strong></span> <span class='ocrx_word' id='word_1_197' title='bbox 677 3028 877 3118; x_wconf 87' lang='lat' dir='ltr'><strong>appelletur.</strong></span> <span class='ocrx_word' id='word_1_198' title='bbox 910 3027 1082 3097; x_wconf 85' lang='lat' dir='ltr'><strong>Verumta-</strong></span> 
     </span>
     <span class='ocr_line' id='line_1_30' title="bbox 147 3120 1081 3213; baseline 0.002 -26"><span class='ocrx_word' id='word_1_199' title='bbox 147 3140 225 3188; x_wconf 88' lang='lat' dir='ltr'><strong>men</strong></span> <span class='ocrx_word' id='word_1_200' title='bbox 244 3141 313 3189; x_wconf 90' lang='lat' dir='ltr'><strong>non</strong></span> <span class='ocrx_word' id='word_1_201' title='bbox 330 3122 505 3191; x_wconf 83' lang='lat' dir='ltr'><strong>diffiteora</strong></span> <span class='ocrx_word' id='word_1_202' title='bbox 525 3122 659 3213; x_wconf 84' lang='lat' dir='ltr'><strong>privatis</strong></span> <span class='ocrx_word' id='word_1_203' title='bbox 680 3120 875 3190; x_wconf 82' lang='lat' dir='ltr'><strong>Ductoribus</strong></span> <span class='ocrx_word' id='word_1_204' title='bbox 902 3122 1081 3210; x_wconf 84' lang='lat' dir='ltr'><strong>aliquando</strong></span> 
     </span>
     <span class='ocr_line' id='line_1_31' title="bbox 145 3212 1080 3294; baseline 0.001 -13"><span class='ocrx_word' id='word_1_205' title='bbox 145 3214 277 3282; x_wconf 84' lang='lat' dir='ltr'><strong>civilem</strong></span> <span class='ocrx_word' id='word_1_206' title='bbox 297 3226 503 3284; x_wconf 77' lang='lat' dir='ltr'><strong>contractum</strong></span> <span class='ocrx_word' id='word_1_207' title='bbox 519 3228 672 3284; x_wconf 84' lang='lat' dir='ltr'><strong>roratum</strong></span> <span class='ocrx_word' id='word_1_208' title='bbox 687 3235 771 3294; x_wconf 69' lang='lat' dir='ltr'><strong>essm</strong></span> <span class='ocrx_word' id='word_1_209' title='bbox 794 3225 828 3283; x_wconf 91' lang='lat' dir='ltr'><strong>at</strong></span> <span class='ocrx_word' id='word_1_210' title='bbox 846 3234 969 3282; x_wconf 90' lang='lat' dir='ltr'><strong>nomen</strong></span> <span class='ocrx_word' id='word_1_211' title='bbox 996 3212 1080 3282; x_wconf 83' lang='lat' dir='ltr'><strong>iilud</strong></span> 
     </span>
     <span class='ocr_line' id='line_1_32' title="bbox 143 3305 1082 3398; baseline 0.002 -25"><span class='ocrx_word' id='word_1_212' title='bbox 143 3307 213 3377; x_wconf 85' lang='lat' dir='ltr'><strong>tato</strong></span> <span class='ocrx_word' id='word_1_213' title='bbox 234 3308 379 3397; x_wconf 87' lang='lat' dir='ltr'><strong>quodam</strong></span> <span class='ocrx_word' id='word_1_214' title='bbox 401 3329 501 3379; x_wconf 87' lang='lat' dir='ltr'><strong>sensu</strong></span> <span class='ocrx_word' id='word_1_215' title='bbox 528 3320 756 3398; x_wconf 85' lang='lat' dir='ltr'><strong>usurparunt,</strong></span> <span class='ocrx_word' id='word_1_216' title='bbox 790 3318 825 3374; x_wconf 91' lang='lat' dir='ltr'><strong>ut</strong></span> <span class='ocrx_word' id='word_1_217' title='bbox 855 3305 1082 3395; x_wconf 82' lang='lat' dir='ltr'><strong>significarent</strong></span> 
     </span>
     <span class='ocr_line' id='line_1_33' title="bbox 145 3398 1082 3472; baseline -0.003 -4"><span class='ocrx_word' id='word_1_218' title='bbox 145 3401 400 3471; x_wconf 83' lang='lat' dir='ltr'><strong>matrimonium</strong></span> <span class='ocrx_word' id='word_1_219' title='bbox 421 3421 492 3471; x_wconf 84' lang='lat' dir='ltr'><strong>esse</strong></span> <span class='ocrx_word' id='word_1_220' title='bbox 512 3409 719 3472; x_wconf 80' lang='lat' dir='ltr'><strong>contractum</strong></span> <span class='ocrx_word' id='word_1_221' title='bbox 740 3399 868 3468; x_wconf 83' lang='lat' dir='ltr'><strong>civilem</strong></span> <span class='ocrx_word' id='word_1_222' title='bbox 888 3412 922 3468; x_wconf 87' lang='lat' dir='ltr'><strong>et</strong></span> <span class='ocrx_word' id='word_1_223' title='bbox 940 3398 1082 3469; x_wconf 86' lang='lat' dir='ltr'><strong>sensibi-</strong></span> 
     </span>
     <span class='ocr_line' id='line_1_34' title="bbox 144 3492 1081 3585; baseline -0.002 -24"><span class='ocrx_word' id='word_1_224' title='bbox 144 3495 221 3580; x_wconf 85' lang='lat' dir='ltr'><strong>iem,</strong></span> <span class='ocrx_word' id='word_1_225' title='bbox 244 3513 349 3585; x_wconf 79' lang='lat' dir='ltr'><strong>qnam</strong></span> <span class='ocrx_word' id='word_1_226' title='bbox 380 3494 498 3565; x_wconf 88' lang='lat' dir='ltr'><strong>ineunt</strong></span> <span class='ocrx_word' id='word_1_227' title='bbox 517 3496 603 3565; x_wconf 86' lang='lat' dir='ltr'><strong>cives</strong></span> <span class='ocrx_word' id='word_1_228' title='bbox 623 3495 711 3564; x_wconf 85' lang='lat' dir='ltr'><strong>inter</strong></span> <span class='ocrx_word' id='word_1_229' title='bbox 731 3515 790 3578; x_wconf 85' lang='lat' dir='ltr'><strong>se,</strong></span> <span class='ocrx_word' id='word_1_230' title='bbox 813 3492 939 3583; x_wconf 85' lang='lat' dir='ltr'><strong>quiquo</strong></span> <span class='ocrx_word' id='word_1_231' title='bbox 959 3494 1000 3562; x_wconf 87' lang='lat' dir='ltr'><strong>ad</strong></span> <span class='ocrx_word' id='word_1_232' title='bbox 1021 3492 1081 3559; x_wconf 56' lang='lat' dir='ltr'><strong>bo*-</strong></span> 
     </span>
     <span class='ocr_line' id='line_1_35' title="bbox 140 3587 1083 3680; baseline -0.006 -22"><span class='ocrx_word' id='word_1_233' title='bbox 140 3609 223 3658; x_wconf 88' lang='lat' dir='ltr'><strong>num</strong></span> <span class='ocrx_word' id='word_1_234' title='bbox 245 3587 343 3657; x_wconf 78' lang='lat' dir='ltr'><strong>ciuile</strong></span> <span class='ocrx_word' id='word_1_235' title='bbox 358 3589 534 3658; x_wconf 82' lang='lat' dir='ltr'><strong>ordinatur</strong></span> <span class='ocrx_word' id='word_1_236' title='bbox 551 3588 765 3680; x_wconf 81' lang='lat' dir='ltr'><strong>reipublicae,</strong></span> <span class='ocrx_word' id='word_1_237' title='bbox 789 3587 862 3677; x_wconf 85' lang='lat' dir='ltr'><strong>paci</strong></span> <span class='ocrx_word' id='word_1_238' title='bbox 883 3599 916 3657; x_wconf 90' lang='lat' dir='ltr'><strong>et</strong></span> <span class='ocrx_word' id='word_1_239' title='bbox 948 3602 1083 3655; x_wconf 82' lang='lat' dir='ltr'><strong>conser-</strong></span> 
     </span>
    </p>
   </div>
   <div class='ocr_carea' id='block_1_5' title="bbox 0 0 1326 4175">
    <p class='ocr_par' dir='ltr' id='par_1_5' title="bbox 0 0 1326 4175">
     <span class='ocr_line' id='line_1_36' title="bbox 0 0 1326 4175; baseline 0 1"><span class='ocrx_word' id='word_1_240' title='bbox 0 0 1326 4175; x_wconf 95' lang='lat' dir='ltr'><strong> </strong></span> 
     </span>
    </p>
   </div>
  </div>
 </body>
</html>
