2642 4175
262 417 263 422 1
297 371 361 428 182
631 379 734 424 aanor
751 379 798 422 ιιι.

247 480 349 549 tionis
366 478 500 569 penitus
517 477 667 567 incapax;
690 489 780 547 certe
800 475 912 557 etiarn,
933 498 972 545 ex
990 476 1133 548 firmatis
1154 479 1188 547 in

152 613 155 622 ‹
248 572 460 663 praecedenti
479 572 642 662 quaesito,
660 572 747 646 itanc
766 570 998 659 cognationem
1019 591 1085 640 nau
1098 592 1187 640 con·

246 667 350 737 trahit
372 679 569 755 procurator
585 705 596 750 ,·
614 665 641 734 si
661 664 863 754 baptizatum
895 665 1005 735 levare
1035 664 1187 735 intendat

246 761 384 831 nomine
405 758 665 841 communitatis,
683 761 733 827 vel
754 758 889 827 nomine
909 758 1058 848 proprios
1072 759 1123 827 dn
1138 780 1189 829 va·

247 876 285 923 ro
300 854 386 924 hanc
400 854 506 943 ipsam
520 852 727 947 spiritualem
742 852 973 939 cognationem
989 854 1187 921 contrahant
1294 849 1297 856 ’

246 947 369 1037 singuli
387 949 428 1016 de
447 945 697 1028 communitate,
720 945 755 1014 in
772 945 1027 1035 disputationem
1049 946 1186 1014 adduci-

247 1055 317 1110 tur.
338 1041 574 1110 Affirmatiram
595 1039 793 1119 sententiam
815 1039 928 1108 docuit
945 1039 1053 1109 Abbns
1072 1062 1112 1108 ea
1133 1061 1185 1109 ra·

248 1134 351 1219 tione,
368 1136 457 1225 quod
477 1132 651 1223 dispositio
671 1145 828 1223 concepta
848 1134 882 1203 in
902 1133 1188 1213 communitatem,

249 1231 383 1317 quando
404 1241 497 1296 actus
515 1227 704 1316 competere
725 1226 842 1316 nequit
862 1227 923 1316 ipsi
941 1227 1184 1311 communitati,

246 1316 433 1390 resolvatur
465 1319 499 1392 in
529 1321 702 1408 singulos,
724 1340 768 1389 nc
785 1320 957 1409 dispositio
978 1320 1047 1410 ipsa
1065 1324 1185 1390 redda-

128 1429 132 1432 ’
245 1429 300 1483 tur
320 1417 507 1484 frustranea
541 1435 579 1484 en
611 1435 685 1504 cap.
708 1412 753 1482 to
773 1415 814 1483 de
834 1426 919 1485 sent.
942 1436 1068 1484 excom.
1093 1414 1181 1484 ind.

245 1513 286 1577 nt
300 1507 436 1597 plurimi
457 1523 570 1575 contra
594 1507 776 1597 opinantur
793 1529 855 1577 nec
872 1508 1025 1597 singulos
1041 1509 1082 1577 de
1099 1530 1187 1577 com-

246 1602 409 1670 munitate
429 1600 637 1690 spiritualem
655 1600 742 1670 hanc
761 1602 991 1690 cognationem
1009 1603 1186 1671 contrahe·

245 1714 295 1778 re,
314 1694 494 1784 siquidem,
514 1694 683 1784 inquiunt,
705 1694 1020 1765 Tridentinnmnon
1041 1696 1186 1766 admittit
1220 1695 1225 1705 '

246 1788 362 1875 piures
383 1788 543 1877 patrinos,
565 1787 629 1857 nisi
651 1789 692 1856 ad
713 1809 881 1858 summum
902 1810 1005 1857 unum
1026 1802 1060 1859 et
1084 1811 1184 1858 unam

245 1882 280 1949 in
301 1881 478 1971 baptismo,
500 1881 603 1970 igitur
620 1893 736 1951 contra
757 1895 902 1952 mentem
922 1882 1059 1952 Concilii
1078 1883 1187 1964 tieret,

245 1975 273 2042 si
292 1975 416 2065 singoli
436 1975 669 2063 cognationem
690 1975 937 2060 contraherent3
961 1997 1104 2066 cumque
1124 1998 1185 2046 nec

247 2081 447 2160 procurator
466 2067 714 2156 communitatis
734 2069 767 2137 in
790 2091 866 2140 castr
888 2069 1083 2155 contrahat,
1106 2092 1184 2141 con·

246 2176 444 2234 sentanenm
464 2164 529 2234 erit
552 2185 624 2233 eam
645 2185 664 2232 a
684 2163 818 2232 nemine
838 2164 1001 2233 contrahi.
1023 2164 1095 2245 Quo
1126 2187 1183 2234 au-

247 2271 315 2327 tem
345 2271 460 2328 contra
500 2256 677 2326 Sacrorum
714 2258 885 2327 Canonnm
917 2258 1068 2328 instituta
1101 2259 1184 2327 nihil

245 2352 317 2435 tiat,
340 2365 397 2421 aut
414 2372 599 2441 numquam
616 2351 650 2419 in
665 2351 834 2440 patrinum
850 2351 929 2439 eligi
947 2352 1082 2421 debebit
1100 2374 1186 2423 com·

233 2445 408 2527 munitas,
432 2457 491 2513 aut
508 2444 535 2513 si
556 2445 641 2512 torte
662 2445 817 2534 eligatur,
834 2446 1062 2516 constituenda
1085 2447 1126 2514 ab
1146 2469 1186 2516 eo

247 2538 312 2607 erit
331 2537 543 2627 particularis
562 2536 674 2627 aliqua
693 2559 847 2628 persona,
872 2561 958 2628 qnae
977 2539 1181 2628 baptizatum

243 2631 351 2714 levet,
377 2631 470 2700 iussu
497 2632 768 2716 communitatis,
791 2633 1002 2702 sednomine
1031 2634 1180 2723 proprio„

243 2724 417 2794 Rationem
436 2736 548 2793 autem
570 2725 705 2794 Abbatis
724 2727 849 2795 nullius
870 2726 1027 2795 momenti
1045 2748 1183 2796 esse‘ar·
1239 2748 1249 2756 ⁴

243 2817 432 2903 bitramur,
454 2818 619 2907 siquidem
639 2831 739 2910 caput
759 2820 799 2889 ab
823 2840 862 2889 eo
882 2806 1061 2908 allegatum
1082 2821 1179 2890 habet

242 2912 353 2980 locum
374 2913 408 2980 in
426 2912 567 2995 delictis,
583 2933 626 2982 ne
643 2935 686 2988 ea
697 2927 854 2983 maneant
872 2912 1048 3005 impunita,
1063 2928 1098 2983 et
1112 2936 1179 2984 sen-

234 3006 345 3074 tentia
362 3007 483 3075 iudicis
497 3018 609 3075 careat
623 3007 757 3089 enecta
776 3010 863 3076 unde
876 3008 921 3075 ad
935 3006 1123 3092 materiam,
1141 3011 1180 3077 de

242 3100 448 3188 qua'agitua
471 3099 559 3169 trahi
578 3100 768 3169 nullatenus
788 3114 906 3188 potest.

288 3194 465 3275 Quaeritur
481 3192 530 3277 9⁰,
553 3215 594 3262 an
614 3195 654 3277 is,
675 3194 783 3283 quiin
804 3215 880 3262 casu
899 3193 1109 3263 necessitatis
1128 3195 1177 3263 in-

240 3288 363 3357 fantem
379 3288 419 3357 de
434 3308 528 3356 sacro
542 3287 633 3357 fonte
649 3289 745 3370 levat,
758 3289 840 3376 *qnia
855 3289 967 3356 nullus
979 3287 1067 3356 alius
1081 3290 1178 3377 patri-

239 3401 303 3448 nus
317 3381 434 3451 haberi
450 3393 569 3470 potest,
581 3380 812 3468 cognationem
826 3381 1034 3470 spiritualem
1053 3394 1180 3450 contra-1

240 3470 1180 3564 hattiiespondemnsaffirmative,qniarerelevat,alinn-

1188 1854 1232 1892 t,

239 3565 280 3634 de
294 3578 404 3635 autem
417 3567 474 3636 'ius
485 3587 552 3638 non
567 3568 744 3658 distinguit
761 3567 848 3639 inter
862 3569 1023 3637 levantem
1034 3589 1108 3636 cum
1119 3590 1175 3637 na·
