2642 4175
253 343 319 402 364
588 356 690 402 exeun
707 357 755 400 ιιι.

204 465 360 545 nequeat.
382 454 426 522 lle
447 454 674 534 dissolutione,
690 474 748 522 seu
764 454 805 521 de
823 453 1044 522 declaratione
1062 455 1147 523 nul-

204 547 305 617 litatis
325 546 528 615 matrimonii
548 547 631 614 nihil
645 547 762 615 attinet
781 547 878 634 plura
896 546 1022 615 dicere.
1037 546 1146 626 Quae·

202 642 278 708 dom
309 640 350 708 de
370 639 604 709 revalidatione
634 638 837 707 matrimonii
864 640 961 708 modo
995 660 1144 727 expone-

205 753 290 801 mus.
313 732 427 822 itaque
448 733 504 801 ubi
529 745 647 820 agatur
666 733 707 801 de
736 732 946 801 revalidando
967 733 1144 800 matrimo-

203 826 260 894 nio
282 828 346 895 iam
367 836 559 907 contracto,
587 826 832 914 quodpropter
860 824 1141 913 impedimentum

203 919 337 1007 aliquod
361 920 490 986 nullum
518 919 577 999 sit,
606 930 739 1005 praeter
765 918 1003 1005 expositionem
1030 918 1143 1008 irnpe-

204 1011 343 1081 dirnenti
362 1012 395 1079 in
416 1033 473 1081 sua
503 1011 628 1098 specie,
656 1011 779 1098 gradu,
801 1011 907 1091 linea,
930 1022 963 1080 et
988 1010 1138 1097 origine,

203 1104 437 1173 declarandum
478 1106 586 1172 adbuc
620 1116 697 1172 est:
732 1102 768 1170 l⁰
799 1106 848 1171 An
886 1102 1141 1171 matrimonium

205 1196 315 1285 ipsum
344 1197 429 1266 bona
461 1198 584 1277 unius,
614 1197 665 1264 vel
694 1195 870 1283 utriusque
903 1194 991 1275 fide,
1024 1193 1142 1263 111ιι

202 1310 261 1378 spe
281 1291 537 1378 dispensationis
556 1288 687 1357 facilius
710 1288 931 1369 obtinendae,
952 1285 987 1355 3⁰
1006 1289 1054 1355 du
1073 1308 1145 1376 pu·

204 1383 315 1466 blioe‚
349 1382 540 1470 praemissis
575 1394 609 1450 et
640 1379 771 1449 omissis
803 1379 1139 1463 denuntiationibus,

202 1486 408 1543 eontraatum
435 1476 558 1556 luerit,
578 1473 615 1541 4⁰
633 1473 782 1561 Denique
799 1492 839 1540 an
860 1473 961 1541 fuerit
987 1494 1144 1540 eonsum-

203 1567 351 1635 matum‘l
370 1566 414 1635 lle
432 1588 497 1654 qua
518 1587 555 1634 re
571 1566 769 1635 attendenda
784 1577 835 1633 est
851 1564 962 1634 Const.
980 1564 1071 1634 Pauli
1088 1564 1144 1644 lv,

206 1683 220 1725 ι
242 1658 293 1726 ΑΒ
313 1657 488 1726 lPSADlE
508 1659 626 1727 »idib
648 1659 723 1727 Deo.
740 1655 844 1725 1555
866 1658 1015 1745 Exprimi
1036 1658 1139 1727 etiarn

201 1751 301 1819 debet
319 1750 568 1820 matrimonium
589 1752 704 1833 civile,
725 1752 751 1820 si
774 1751 855 1818 illud
874 1751 1023 1819 habitum
1041 1751 1084 1818 sit
1103 1752 1142 1818 in

203 1855 428 1932 contemptum
446 1844 649 1913 matrimonii
665 1844 826 1925 canonici,
846 1854 879 1913 et
891 1855 1048 1931 tanquam
1063 1864 1144 1912 oon·

203 1937 342 2004 nubium
364 1936 574 2024 legitimum
597 1949 675 2005 tune
698 1937 786 2005 enim
807 1948 857 2005 est
889 1937 1140 2005 matrimonium

203 2029 456 2099 clandestinum.
478 2030 510 2100 Si
530 2050 548 2099 e
572 2041 686 2098 eontra
717 2040 921 2099 contractum
953 2030 997 2098 sit
1023 2030 1141 2098 metri·

204 2124 353 2191 monium
379 2124 496 2208 civile,
528 2134 564 2191 ut
591 2123 654 2210 legi
682 2123 790 2190 solum
815 2136 995 2211 pareatur,
1024 2142 1141 2190 neees-

203 2216 328 2284 sanium
349 2237 486 2305 prorsus
517 2237 583 2285 nou
614 2228 664 2285 est
696 2216 737 2283 ad
757 2216 901 2284 valorem
923 2216 1140 2304 dispensatio·

205 2309 256 2377 nis
280 2310 361 2377 illud
382 2309 577 2397 exprimere,
594 2309 671 2377 lieet
690 2327 728 2376 ea
743 2306 926 2376 intentione
943 2308 1063 2375 initum
1078 2308 1133 2388 sit,

205 2413 242 2469 ut
261 2401 390 2469 laoilius
408 2401 610 2488 dispensatio
628 2400 831 2469 obtineatur.
846 2401 883 2468 ld
899 2400 1047 2468 derisum
1064 2421 1135 2469 esse

205 2496 224 2560 a
247 2491 281 2560 S.
299 2492 555 2564 Poenitentiaria
576 2491 683 2562 auct.
701 2490 805 2574 1819,
828 2504 862 2562 et
880 2491 925 2561 18
946 2494 1024 2583 Αρι.
1045 2489 1134 2560 1831

206 2597 359 2652 asserunt
377 2587 540 2665 Carridre,
564 2597 597 2653 et
611 2587 774 2654 Caillaud.
1034 2666 1038 2669 ,

250 2677 376 2755 Quibus
393 2678 440 2745 sie
458 2677 584 2767 positis,
605 2699 677 2748 rem
690 2698 752 2748 neo
768 2672 932 2760 inutilem,
950 2698 1012 2747 neo
1027 2677 1140 2765 ingra-

207 2782 273 2838 tam
290 2790 342 2839 me
360 2770 525 2839 iacturum
541 2791 613 2841 esse
633 2774 730 2852 duco,
751 2772 777 2839 si
796 2773 858 2839 hoo
875 2772 908 2838 in
922 2772 994 2840 loeo
1011 2784 1080 2839 tres
1097 2772 1138 2838 ad

207 2862 364 2931 trutinam
381 2884 529 2933 revocem
548 2866 772 2953 quaestiones:
789 2864 824 2930 l⁰
836 2884 955 2951 nempe
971 2883 1011 2931 an
1028 2865 1068 2930 ad
1085 2883 1140 2931 re·

207 2956 415 3025 solidandum
437 2968 641 3026 contractum
660 2954 881 3036 matrimonii,
899 2956 1032 3044 quaudo
1048 2967 1139 3023 nter·

206 3068 272 3137 que
286 3049 376 3119 novit
397 3049 683 3138 impedimentum,
704 3070 806 3118 novus
820 3069 998 3117 consensus
1016 3047 1137 3117 iterum

206 3161 317 3209 eoram
337 3140 495 3225 Paroobo,
518 3157 551 3212 et
570 3141 722 3211 'festibus
739 3143 827 3211 iuxta
848 3141 986 3210 Consilii
1002 3140 1140 3208 Triden-

206 3234 269 3304 tini
301 3235 470 3305 decretum
491 3236 609 3308 debeat
638 3236 813 3323 praestari.
846 3233 881 3301 11
899 3238 948 3301 dn
976 3231 1032 3300 ubi
1052 3251 1137 3300 unus

208 3338 333 3395 tanturn
354 3328 443 3397 novit
463 3329 760 3416 impedimentum,
783 3327 923 3397 sufficiat
939 3346 1042 3394 novus
1062 3344 1138 3392 oon·

207 3438 322 3487 sensus
339 3421 411 3489 eius
431 3421 619 3503 dumtaxat,
645 3422 702 3510 qui
735 3418 963 3511 impedimenti
989 3415 1137 3506 praeexi-

206 3511 322 3578 stentis
353 3514 503 3582 notitiam
539 3513 682 3597 babuit,
715 3514 765 3582 vel
797 3513 907 3602 potius
937 3523 1079 3598 utraque
1098 3529 1137 3577 ex
