2642 4175
357 366 401 409 on
418 365 652 411 mruomnurts
671 369 869 415 ιιιιιιιιιοιιιι
965 358 1031 417 365

146 474 243 553 parte
261 482 366 530 novus
384 465 565 531 consensus
582 465 786 552 requiratur;
808 463 843 533 3⁰
855 487 921 555 quo
938 468 1085 558 denique

148 558 247 625 modo
268 575 448 623 consensus
473 553 534 625 iste
566 558 752 643 praestari,
773 579 833 626 seu
857 561 1008 629 renovari
1026 564 1083 630 de·

147 651 237 718 beat
269 646 360 727 Quae
380 639 492 715 auteui
527 647 561 715 in
582 648 672 718 bisce
705 651 812 720 tribus
833 654 1084 740 quaestionibus

148 740 423 818 examinabimus,
438 740 546 808 locum
561 741 622 809 sibi
638 741 826 814 vindicant
817 765 850 812 m
865 747 1018 815 omnibus
1033 767 1084 816 ca·

147 834 259 916 sibus,
281 833 402 922 quibus
422 833 685 916 Matrimonium,
706 836 773 904 sive
792 857 831 905 ex
856 838 985 907 delectu
1005 859 1085 907 oon·

146 946 276 1006 sensus,
296 925 363 995 site
383 947 422 994 ex
439 927 722 1006 clandestinitate‚
742 929 810 996 sive
829 949 867 997 ex
889 930 1030 1019 aliquo
1022 952 1083 998 un·

145 1019 319 1107 pediment
320 1038 351 1100 o,
370 1038 429 1107 per
449 1018 740 1107 dispensationem,
759 1033 817 1088 aut
835 1021 909 1089 aliis
927 1023 1086 1108 legitimis

148 1110 269 1179 mediis
288 1070 428 1189 sublato,
445 1111 564 1179 iterum
586 1112 705 1180 debeat
724 1113 827 1201 repeti
844 1126 878 1183 et
893 1115 1066 1183 celebrari.

190 1202 285 1283 Quod
294 1223 433 1291 prunam
448 1204 675 1291 quaestionem
686 1206 937 1285 attinet,omnes
951 1207 1083 1296 quidem

149 1296 1000 1384 ineoconvenirecomperiuntur,adrenovationem
1012 1320 1089 1368 oon-

148 1408 278 1465 sensus,
291 1389 511 1457 neoessariam
525 1389 660 1458 omnino
676 1410 748 1458 esse
762 1410 878 1459 novam
890 1391 1042 1472 Parocbi,
1054 1404 1089 1459 et

46 1479 48 1486 ’
147 1483 285 1549 testium
304 1481 544 1568 praesentiam,
567 1482 594 1549 si
615 1481 890 1569 impedimentum
911 1484 1082 1565 dirimens,

146 1594 216 1662 quo
235 1573 479 1641 Matrimonium
501 1586 597 1643 antea
618 1574 681 1643 luit
701 1587 929 1660 contractum,
952 1588 1010 1645 aut
1028 1598 1087 1665 pu-

146 1666 273 1735 blicum
291 1666 346 1748 sit,
368 1678 402 1735 et
420 1667 602 1751 notorium,
623 1680 656 1735 et
674 1669 770 1757 plena
790 1690 841 1737 ex.
857 1689 911 1757 gr.
927 1690 985 1757 per
1001 1670 1086 1737 duos

145 1770 249 1828 testes
268 1758 434 1846 legitimos
462 1758 496 1826 in
530 1761 602 1829 foro
622 1772 758 1830 externo
779 1761 925 1844 deferri,
948 1783 987 1830 ac
1005 1783 1083 1851 pro·

146 1852 220 1920 bari
237 1851 363 1940 possit,
386 1862 420 1921 et
437 1852 522 1920 ratio
542 1864 616 1934 est,
642 1855 732 1940 quod
753 1874 792 1921 en
812 1865 922 1922 mente
944 1854 1083 1923 Consilii

145 1943 332 2012 Tridentini
364 1943 611 2013 Matrimonium
640 1946 684 2014 ita
718 1944 869 2013 contrabi
903 1945 1024 2028 debet,
1048 1959 1086 2016 ut

146 2035 316 2106 Ecclesiae
335 2048 480 2119 constet,
496 2037 577 2106 illud
600 2057 672 2106 esse
691 2037 833 2105 firmiter
853 2048 1083 2120 contractum,

148 2143 185 2199 et
201 2129 442 2198 indissolubile.
463 2128 497 2196 Si
514 2130 618 2216 igitur
638 2141 842 2198 contractum
863 2129 997 2217 quidem
1018 2130 1088 2196 lbe-

144 2223 190 2291 rit
207 2222 373 2290 infaciem
390 2223 568 2304 Ecclesiae,
584 2223 641 2290 sed
660 2243 734 2291 cum
747 2221 984 2309 impedimento
1004 2219 1086 2289 diri-

146 2326 271 2393 mente,
294 2315 381 2405 quod
406 2315 577 2404 publicum
599 2314 652 2398 sit,
676 2326 709 2384 et
736 2314 915 2397 notorium,
938 2325 971 2382 et
987 2313 1087 2403 plene

145 2408 281 2497 probari
303 2407 416 2496 possit,
433 2407 510 2476 licet
525 2408 645 2476 deinde
663 2428 702 2477 eo
716 2407 952 2497 impedimento
972 2407 1084 2476 subla-

145 2512 191 2584 to,
212 2500 297 2568 clam
318 2511 494 2569 renovetur
507 2501 902 2589 consensus,neutiquam
921 2500 1087 2570 constabit

146 2592 314 2662 Ecclesiae
335 2594 375 2661 de
394 2592 592 2661 Matrimonii
613 2594 703 2662 illius
723 2594 891 2664 firmitate.
914 2592 1085 2663 Parocbus

147 2685 260 2768 enim,
284 2697 317 2753 et
336 2695 434 2754 testes
454 2685 547 2775 prius
578 2687 740 2768 adhibiti,
763 2708 828 2757 non
853 2698 963 2756 essent
984 2698 1084 2755 testes

146 2779 291 2859 valoris,
325 2779 381 2846 sed
403 2778 565 2847 nullitatis
584 2779 796 2859 Matrimonii,
815 2780 1021 2867 proindeque
1042 2792 1079 2846 ut

148 2871 211 2940 rite
236 2870 452 2939 contrabatur
470 2892 531 2957 per
546 2872 793 2939 renovationem
812 2890 1002 2951 consensus,
1024 2869 1083 2936 ite
1152 2898 1155 2907 ι

149 2984 225 3030 rum
255 2963 441 3068 praesentia
462 2961 602 3030 Paroobi
638 2975 671 3030 et
708 2963 841 3030 testium
881 2962 1080 3058 exposcitur

149 3055 261 3124 'lota
253 3055 356 3143 igitur
375 3056 409 3123 in
434 3077 475 3124 eo
495 3056 664 3123 dumtaxat
683 3075 761 3122 casu
788 3053 926 3123 vertitur
949 3064 1080 3122 contro·

149 3148 256 3215 versia
277 3170 375 3237 ,quo
396 3147 680 3252 impedimentum
704 3147 864 3214 dirimens
887 3147 1022 3239 omnino
1037 3145 1080 3210 sit

149 3242 327 3323 occultum,
350 3242 548 3330 nullumque
569 3241 724 3315 timeatur
741 3239 938 3326 periculum,
959 3257 1025 3324 quo
1040 3235 1080 3302 il·

149 3333 228 3400 lud
219 3354 253 3400 m
266 3334 339 3402 loro
352 3346 487 3404 externo
505 3333 638 3421 probari
654 3331 768 3422 possit.
784 3333 889 3400 Porro
902 3350 968 3399 non
983 3327 1079 3435 pauci
1189 3358 1194 3371 ,

152 3426 284 3512 quidem
306 3427 464 3508 fuerunt,
484 3448 542 3515 ιιιιι
535 3425 653 3493 hoc
645 3447 715 3514 ipso
736 3446 812 3493 caso
835 3425 873 3492 ad
896 3422 1080 3493 renovatio·

148 3536 224 3585 uem
251 3541 432 3590 consensus
462 3519 682 3588 necessariam
716 3517 854 3601 Parochi
883 3530 916 3603 et
947 3515 1080 3586 testium
