2642 4175
426 360 469 403 on
487 358 724 405 runnumunrts
741 358 943 406 utramonn
1039 350 1104 406 245

202 459 375 541 delectur,
398 469 435 525 ut
451 456 558 526 omnis
578 458 670 527 trans
691 468 747 527 aut
767 458 929 542 collusio,
949 460 1058 548 quoad
1081 456 1154 531 eius

209 552 291 623 fieri
310 550 424 641 possit,
447 561 630 620 avertatur.
648 550 764 642 ltaque
784 564 927 642 uterque
944 553 1064 622 coniux
1078 575 1152 622 cum

205 646 355 735 septima
389 665 490 713 manu
522 656 723 732 parentum,
750 657 808 714 aut
827 646 1009 715 vicinorum
1046 647 1153 718 bonae

209 742 336 823 famae,
357 738 385 808 si
407 737 586 828 propinqui
615 738 799 823 defuerint,
822 741 915 809 tactis
937 741 1153 810 sacrosanctis

209 832 416 921 Evangeliis,
430 831 544 900 iurare
563 831 695 914 dehent,
709 834 796 922 quod
817 854 999 923 numquam
1013 855 1073 924 per
1085 856 1153 903 car·

207 926 268 996 nis
288 926 439 1015 copulam
461 945 525 993 una
540 946 617 993 caro
632 925 739 995 eflecti
761 926 838 995 sint.
856 926 1023 1014 Coniuges
1039 939 1149 996 autem

206 1019 436 1102 meracitate,
459 1018 523 1088 hoc
542 1032 590 1087 ast
610 1020 651 1087 de
672 1031 761 1089 certa
791 1019 931 1089 scientia
961 1020 1073 1088 iurare
1094 1021 1152 1089 de·

208 1114 307 1198 bent,
330 1112 508 1203 propinqui
529 1112 569 1181 de
590 1112 798 1193 credulitate,
812 1133 846 1182 se
860 1112 1020 1181 nimirum
1042 1113 1153 1183 crede·

210 1226 272 1289 re,
292 1206 380 1296 quod
400 1208 559 1294 coniuges
589 1206 676 1275 hona
697 1205 762 1275 lide
783 1217 816 1275 et
837 1207 962 1296 absque
983 1207 1059 1275 dolo
1082 1226 1151 1275 ma·

209 1299 410 1368 trimonium
443 1320 675 1369 consummare
708 1298 932 1389 nequiverint.
968 1298 1006 1367 lt⁰
1038 1297 1151 1369 Soluto

212 1391 430 1462 matrimonio
461 1414 501 1462 ex
535 1392 642 1482 capita
675 1391 891 1483 impotentiae
925 1393 1042 1477 alteri,
1066 1412 1152 1483 quae

211 1486 382 1576 impotens
400 1504 467 1554 non
488 1498 549 1567 est,
568 1487 619 1555 vel
638 1485 666 1554 si
684 1485 879 1577 impotentia
901 1487 1080 1576 respectiva
1099 1485 1152 1565 sit,

211 1578 352 1669 utrique
365 1579 451 1669 parti
466 1579 660 1648 conceditur
674 1581 832 1650 transitus
850 1581 889 1650 ad
909 1581 990 1650 alias
1004 1579 1151 1670 nuptias.

211 1671 250 1741 Si
271 1693 348 1742 vero
367 1685 440 1763 post
459 1693 558 1743 novas
579 1673 712 1762 nuptias
744 1674 886 1757 coniux,
909 1674 967 1764 qui
988 1685 1151 1763 perpetuo

212 1767 381 1854 impotens
401 1766 591 1855 putabatur,
612 1766 794 1837 subeundis
815 1767 1020 1837 matrimonii
1040 1767 1152 1837 oneri·

214 1861 282 1929 bus
300 1859 510 1948 postmodum
529 1858 648 1929 habilis
669 1860 880 1943 inveniatur,
903 1860 1152 1929 matrimonium

216 1952 313 2043 prius
332 1953 579 2041 redintegratur
595 1953 684 2022 iuxta
700 1974 772 2042 cap.
789 1954 1013 2036 Lnuuaannn,
1031 1964 1063 2021 et
1079 1973 1151 2041 cap.

216 2048 483 2117 Fnarnnnnnns
502 2048 543 2116 de
562 2047 651 2135 Frig.
670 2057 704 2115 et
722 2046 833 2115 malel.
850 2046 964 2135 Neque
981 2045 1070 2116 enim
1085 2065 1155 2114 sen·

217 2141 322 2211 tentia
344 2141 376 2208 in
395 2161 492 2209 causa
515 2139 730 2230 impotentiae
750 2141 815 2209 lata
834 2138 954 2208 transit
974 2139 1007 2206 in
1023 2158 1092 2206 rem
1108 2136 1156 2205 iu-

217 2234 377 2303 dicatam.
398 2231 435 2301 5⁰
456 2233 488 2302 Si
507 2234 666 2322 coniuges
686 2232 885 2322 impotentes
906 2230 1006 2301 veiint
1022 2229 1155 2299 cohabi-

219 2342 295 2397 tare
315 2340 482 2417 tamquam
503 2328 606 2396 irater
625 2338 658 2396 et
677 2348 795 2411 soror,
818 2325 851 2394 id
872 2324 920 2395 eis
952 2322 1156 2414 permittitur

219 2443 284 2512 per
303 2420 360 2490 cit.
382 2442 452 2510 cap.
475 2420 712 2504 Launannnu,
735 2432 768 2491 et
792 2441 864 2510 cap.
888 2418 1155 2489 Consuarartonr

219 2516 298 2585 eod.
318 2514 410 2584 Unde
430 2514 598 2602 colligitur
616 2514 864 2584 matrimonium
884 2513 968 2583 bona
990 2513 1055 2581 nde
1075 2532 1154 2581 con·

219 2620 364 2678 tractum
387 2629 405 2676 a
426 2608 561 2677 neminc
580 2629 703 2697 posse,
726 2629 765 2677 ex
795 2628 892 2678 causa
926 2606 1153 2696 impotentiae,

221 2701 287 2769 uisi
307 2700 348 2770 ab
370 2700 449 2791 ipsis
470 2700 666 2789 coniugibus
687 2702 848 2772 accusari.
867 2700 949 2782 Quia
977 2721 1055 2770 vero
1075 2700 1157 2768 hoec

222 2795 368 2863 fraterna
390 2794 530 2865 societas
551 2796 646 2883 plena
667 2794 806 2883 periculi
828 2806 889 2877 est,
912 2792 1108 2884 praesertim
1129 2791 1155 2860 si

221 2887 325 2957 viret
344 2888 466 2957 mulier
485 2888 634 2957 florentis
654 2888 763 2957 adhuc
782 2887 899 2957 aetatis
919 2887 996 2971 sint,
1014 2895 1159 2976 praestat

224 2992 382 3070 agerent
396 2983 436 3051 ad
458 2980 702 3072 separationem
722 2979 919 3050 auctoritate
932 2979 1099 3049 Ecclesiae
1112 2977 1159 3047 in·

224 3075 400 3144 ducantur:
422 3075 545 3165 quippe
565 3074 599 3142 iu
621 3096 660 3144 eo
679 3096 756 3145 casu
773 3073 939 3163 praevalet
957 3072 1008 3140 ius
1023 3083 1158 3140 natura·

223 3167 267 3251 la,
283 3168 371 3258 quod
393 3169 485 3239 iubet
504 3188 635 3237 omnem
657 3167 816 3257 peccandi
836 3163 1040 3234 occasionem
1063 3162 1160 3231 dccli·

225 3261 311 3330 nari.
327 3263 504 3333 Caeterum
526 3262 670 3350 lraterna
692 3257 884 3329 huiusmodi
902 3257 1041 3327 societas
1058 3255 1161 3345 impo-

224 3354 366 3424 lentium
382 3357 513 3424 nullum
532 3353 584 3425 ius
603 3353 721 3424 tribuit
741 3355 774 3423 in
792 3374 944 3444 corpora,
964 3371 1073 3442 nequo
1090 3370 1160 3418 ma·

225 3447 419 3519 trimonium
457 3460 530 3532 est,
564 3449 848 3538 quemadmodum
880 3446 1036 3516 Doctores
1070 3464 1159 3513 com·

226 3542 373 3612 munitor
395 3543 531 3613 tradunt
550 3553 663 3610 contra
682 3540 901 3627 paludanum,
924 3539 1098 3620 Pontium,
1127 3556 1162 3603 a·
