2642 4175
304 310 370 371 256
635 319 738 364 curun
756 320 803 364 111.
1308 365 1309 398 ἶ

255 420 449 494 adminiculi
473 439 536 508 ope
556 417 684 508 indiget
698 439 707 501 ;
737 437 831 487 secus
855 414 943 487 enim
971 419 1125 490 decennii
1144 422 1198 493 la·
1309 451 1310 462 ι

255 539 334 607 psus
358 534 426 585 non
446 511 646 602 exigeretur.
670 510 792 582 Verum
812 512 1040 602 praesumptio
1060 527 1194 599 cessat,
1310 517 1311 522 ’

256 610 388 701 quando
411 617 538 677 constat
565 606 606 676 de
637 605 749 695 aliqua
777 625 875 674 causa
908 606 1127 692 accidentali,
1152 608 1198 678 ob

253 724 357 794 quarn
377 700 453 793 quis
468 720 508 770 eo
528 720 563 769 se
584 699 725 769 contulit
743 699 783 768 ad
804 697 1035 777 habitandum,
1049 700 1126 771 inde
1144 701 1199 770 di·

255 816 425 867 scessurus
447 814 543 863 causa
569 804 718 862 cessante
736 814 744 874 ;
766 813 818 863 ex.
845 813 897 880 g.‚
921 793 948 861 si
979 794 1054 884 quis
1073 794 1139 864 alio
1160 816 1199 865 se

256 889 396 960 contulit
414 886 600 957 studiorum
622 907 739 970 eausa,
761 887 810 955 vel
830 886 871 954 ad
890 886 1036 957 officium
1058 888 1198 977 aliquod

255 982 460 1055 obeundum.
483 1005 497 1047 c
515 979 583 1063 lsti,
600 979 647 1049 ait
661 978 835 1068 Rigantius
852 980 893 1048 ad
908 1000 983 1070 reg.
1001 979 1049 1049 ad
1066 984 1198 1052 cancel.

256 1079 272 1168 ᾗ
291 1076 325 1163 3,
346 1098 381 1147 n.
404 1071 461 1156 43,
482 1073 688 1143 domicilium
707 1094 891 1164 numquam
911 1075 1122 1156 contrahunt,
1146 1086 1197 1145 et·

255 1169 351 1242 iamsi
372 1170 457 1238 ultra
479 1168 677 1237 decennium
698 1166 898 1249 babitarent,
922 1168 999 1257 quia
1017 1189 1113 1238 causa
1134 1168 1199 1238 ha·

258 1262 385 1334 bitandi
405 1262 531 1330 diversa
553 1272 603 1330 εει
622 1261 664 1329 ab
684 1260 795 1329 animo
828 1260 1033 1331 domicilium
1063 1274 1199 1334 contra-

257 1357 402 1427 hendi...
425 1354 489 1422 nisi
509 1367 582 1443 post
600 1355 801 1443 completum
823 1354 989 1440 studium,
1011 1356 1196 1441 lecturam,

256 1449 421 1527 officium,
442 1459 505 1517 etc.
529 1446 640 1516 taliter
659 1447 872 1518 continuetur
891 1447 1063 1532 habitatio,
1085 1461 1133 1533 ut,
1160 1470 1200 1518 ex

257 1539 516 1613 circumstantiis
542 1552 576 1608 et
594 1539 806 1609 adminiculis
827 1541 983 1630 prudenti
1002 1541 1122 1611 iudicis
1141 1563 1200 1612 ar-

254 1636 355 1712 bitrio
379 1632 605 1704 examinandis
625 1644 753 1702 constet
777 1635 817 1703 de
837 1635 948 1703 animo
968 1648 1129 1725 perpetuo
1162 1636 1200 1704 in

256 1733 328 1799 loco
345 1725 514 1797 manendi.
529 1749 544 1791 s
560 1725 768 1796 Adminicula
785 1739 817 1795 et
830 1727 1109 1809 circumstantiae,
1117 1749 1201 1818 qua·

256 1843 333 1891 rum
353 1818 477 1892 mentio
500 1819 583 1889 iacta
604 1832 670 1903 est,
689 1840 756 1889 non
777 1820 812 1887 in
832 1819 985 1892 omnibus
1003 1822 1201 1911 regionibus

258 1917 409 1987 eamdem
430 1913 494 1980 rim
518 1934 556 1981 ao
575 1924 728 1982 naturam
748 1913 870 1983 babent
887 1964 897 1995 ,
914 1917 1063 2005 adeoque
1079 1936 1201 1985 earum

256 2006 458 2100 significatio
480 2005 514 2074 in
542 2005 682 2096 singulis
701 2005 818 2075 rimari
845 2008 1057 2098 peculiariter
1084 2008 1198 2078 debet.

258 2103 322 2173 Ubi
340 2101 443 2173 semel
458 2100 663 2170 domicilium
679 2101 879 2190 acquisitum
895 2113 955 2185 est,
972 2124 1038 2172 non
1053 2103 1201 2191 amplius

260 2195 438 2278 omittitur,
461 2192 525 2262 nisi
544 2194 665 2277 verbis,
688 2208 746 2264 aut
768 2194 862 2264 sactis
881 2195 1074 2267 derelictum
1095 2195 1201 2266 fuisse

262 2288 460 2361 constiterit.
476 2285 564 2356 Haec
580 2288 621 2356 de
632 2308 710 2356 vero
725 2287 895 2357 domicilio
910 2289 1027 2359 dixisse
1041 2289 1198 2359 sufficiat.

257 2383 352 2452 llodo
372 2383 413 2452 de
433 2380 527 2471 quasi
541 2380 722 2463 domicilio,
738 2402 798 2450 seu
815 2382 856 2451 de
875 2382 1091 2466 habitatione,
1110 2403 1200 2472 quae

256 2497 331 2545 cum
349 2475 406 2544 illo
423 2473 648 2556 conlunditur,
668 2486 701 2543 et
716 2495 818 2543 unum
833 2474 989 2565 idemque
1003 2489 1064 2558 est,
1082 2477 1199 2565 paullo

257 2569 363 2638 fusius
376 2568 570 2658 proloquar.
581 2591 595 2632 c
606 2565 684 2637 Post
695 2566 777 2636 haec
792 2569 1016 2638 necessarium
1031 2571 1103 2638 fore
1117 2590 1200 2638 cen-

257 2658 1200 2745 semus,suntverbaBenedictilllllindonst.«Pnucrsun

256 2773 360 2823 ncnc»
381 2752 426 2822 ta
446 2751 553 2821 Martii
574 2751 686 2837 1758,
706 2753 859 2823 nonnihil
879 2755 1085 2845 adiungere,
1106 2767 1142 2825 ut
1163 2755 1201 2824 in

256 2848 431 2937 propatulo
445 2846 499 2929 sit,
515 2846 675 2934 quidnam
691 2847 882 2937 requiratur
895 2850 935 2918 ad
950 2848 1043 2938 quasi
1058 2849 1198 2917 domici-

257 2942 341 3009 lium
356 2939 618 3030 adipiscendum.
633 2939 754 3009 Verum
769 2939 831 3009 hac
844 2941 878 3009 in
892 2963 928 3010 re
943 2963 1008 3011 non
1021 2941 1086 3010 alio
1100 2954 1199 3031 pacto

259 3033 1199 3126 responderipotast‚nisiquodantequammatrimonium

257 3128 490 3208 contrahatur,
509 3128 616 3217 spatio
637 3129 754 3195 saltem
775 3127 875 3197 unius
896 3128 1018 3198 mensis
1037 3128 1116 3207 ille,
1137 3128 1199 3216 qui

259 3222 507 3292 matrimonium
525 3220 703 3304 contrahit,
726 3220 923 3291 habitaverit
941 3221 975 3290 in
1005 3223 1102 3304 loco,
1138 3221 1198 3289 ubi

259 3315 511 3385 matrimonium
536 3314 735 3383 celebratur.
775 3313 990 3383 Definitiones
1022 3313 1055 3382 S.
1086 3314 1122 3383 C.
1157 3313 1198 3383 C.

258 3409 320 3478 hac
338 3409 379 3477 de
399 3431 435 3478 re
463 3408 629 3477 observari
652 3418 811 3496 poterunt
831 3408 917 3496 apud
938 3409 1129 3496 Fegnanum
1160 3407 1197 3476 in

260 3523 332 3591 cap.
355 3501 573 3571 susinum
595 3500 804 3570 deParoch.:
822 3502 879 3570 ubi
901 3502 1094 3570 eorumdem
1116 3519 1197 3568 con-
