2642 4175
268 316 337 383 ⁴306
603 336 706 382 curua
724 336 771 381 111.

224 440 285 508 lias
304 435 516 506 matrimonia
549 436 641 504 nulla
661 446 695 504 et
719 433 813 503 irrita
835 434 1013 523 aliquando
1034 434 1165 504 fuerint

224 534 267 601 de
284 531 358 599 iure
378 529 617 614 ecclesiastico,
640 529 690 597 rel
710 548 842 618 semper
862 528 973 597 habita
995 528 1062 596 sint
1081 528 1164 597 rali-

226 627 279 694 da.
301 621 336 691 3⁰
357 623 510 704 Quaestio
530 623 609 692 salis
629 621 796 711 implicata
812 632 872 708 est,
894 642 936 690 an
963 641 1084 710 nempe
1105 642 1164 691 eo·

225 720 302 787 dem
319 716 456 786 Concilii
487 717 621 785 decreto
641 715 743 785 fuerit
762 716 931 785 dumtaxat
950 715 1086 784 delinita
1103 717 1163 784 do·

226 812 331 880 ctrina
351 811 505 880 adversus
522 821 720 893 novatores,
733 810 821 898 quod
844 809 970 878 scilicet
989 808 1163 878 matrimo-

227 904 281 974 nia
315 903 625 986 liliorumfamilias,
651 901 765 970 insciis
792 914 850 971 aut
875 902 983 971 invitis
1014 902 1163 991 parcuti-

226 999 288 1066 bus
303 1007 486 1081 contracta,
509 996 575 1066 sint
593 1008 664 1065 rata
685 1017 724 1064 ac
742 996 866 1078 valida,
888 1016 951 1065 nec
970 1017 1006 1065 ca
1028 996 1070 1064 ab
1084 1069 1089 1078 ,
1103 995 1163 1065 iis·

228 1093 303 1161 dem
325 1092 517 1180 parentibus
536 1101 606 1160 rata
633 1091 684 1158 vel
715 1090 808 1158 irrita
829 1089 902 1158 fieri
936 1089 1082 1178 possint,
1113 1091 1164 1158 vel

226 1185 337 1275 potius
355 1185 520 1273 generalis
542 1184 641 1253 etiam
663 1183 835 1271 disciplina
860 1183 1062 1272 praescripta
1091 1182 1164 1252 fue·

228 1279 283 1362 rit,
308 1299 371 1368 qua
392 1299 512 1367 nempe
534 1276 578 1346 ita
599 1277 810 1347 declarentur
830 1276 934 1345 valida
960 1287 994 1346 et
1012 1287 1084 1344 rata
1101 1275 1165 1343 hu-

111 1457 117 1462 l
228 1370 372 1440 iusmodi
395 1371 617 1455 matrimonia,
641 1381 678 1438 ut
697 1371 787 1457 leges
804 1390 918 1439 omues
936 1381 969 1439 et
985 1380 1164 1439 consuetu·
1259 1411 1270 1433 .

228 1464 334 1546 dines,
356 1486 443 1553 quae
461 1465 547 1533 forte
562 1476 657 1532 antea
673 1462 851 1551 viguerint,
874 1484 1030 1553 quaeque
1045 1474 1079 1533 et
1094 1462 1166 1551 ipsa

229 1557 441 1626 matrimonia
462 1557 702 1625 declaraverint
725 1556 818 1625 irrita
839 1568 872 1625 et
897 1557 1006 1639 nulla,
1026 1577 1166 1645 prorsus

229 1649 1092 1756 remanserintabrogatae,uullaequeinsuperferri,
1102 1650 1166 1718 nisi

231 1764 248 1811 a
263 1764 418 1832 suprema
434 1743 1167 1832 Ecclesiaepotcstatepotucrintinpostcrum

232 1837 334 1923 leges,
353 1858 439 1926 quae
457 1857 494 1906 ea
509 1835 654 1906 habeant
666 1837 754 1904 nulla
775 1849 807 1906 et
824 1836 934 1905 irritat
952 1836 1071 1905 Verum
1092 1857 1168 1904 curn

232 1930 314 1998 alias
344 1930 498 1999 laudatus
525 1913 709 2000 Cairdinalis
735 1929 981 1998 pallavicinus
973 1951 1007 1998 an
1028 1929 1167 1999 historia

232 2021 333 2092 huius
349 2024 486 2094 Concilii
501 2024 625 2093 scribat
637 2023 798 2111 agitatum
811 2023 899 2093 inter
919 2022 1032 2094 Patres
1053 2023 1166 2108 luisse,

221 2110 345 2186 'utrum
368 2139 524 2207 praesens
545 2120 586 2187 de
605 2117 817 2187 matrimonio
832 2118 918 2187 inter
938 2118 1169 2202 filiusfamilias

232 2224 488 2298 argumentum,
512 2211 599 2280 inter
632 2231 774 2280 canones
809 2212 848 2279 ad
877 2211 1060 2281 doctrinam
1095 2232 1169 2300 spe·

232 2315 357 2373 ctantes
374 2316 460 2373 esset
480 2305 711 2388 reserandum,
735 2305 784 2372 vel
804 2304 914 2393 potius
938 2304 1025 2373 inter
1058 2304 1168 2393 capita

233 2396 333 2464 etiam
352 2397 597 2466 reformationis
624 2409 658 2466 et
677 2398 885 2486 disciplinae,
912 2417 1057 2486 cumque
1087 2397 1169 2465 illud

234 2487 322 2557 inter
342 2490 535 2579 disciplinae
561 2491 668 2580 capita
693 2491 881 2580 reperiatur
914 2492 1069 2574 relatum,
1090 2491 1169 2560 satis

235 2581 446 2650 manifestum
467 2583 596 2653 videtur
634 2585 825 2653 huiusmodi
853 2585 985 2653 decreto
1021 2604 1065 2653 ne
1088 2583 1167 2652 dura
1276 2648 1281 2652 a

232 2673 404 2742 definitam
425 2675 526 2744 luisse
540 2677 726 2746 doctrinam
740 2678 895 2746 adversus
908 2688 1095 2760 novatores,
1118 2697 1168 2745 ve-

234 2788 309 2835 rum
332 2767 428 2835 etiam
446 2772 634 2857 generalem
657 2771 864 2860 disciplinam
885 2771 985 2839 fuisse
1005 2770 1169 2858 praescri-

235 2870 338 2948 ptam,
362 2861 449 2929 iurta
464 2883 609 2946 sensum,
633 2885 732 2971 quern
752 2885 851 2953 supra
876 2863 1107 2953 exposuimus,
1130 2884 1168 2931 co

234 2954 284 3020 vel
306 2954 421 3042 magis,
445 2957 522 3044 quia
544 2917 722 3026 delinitio
712 2980 781 3047 ipsa
803 2958 984 3041 doctrinae,
1007 2967 1109 3045 prout
1135 2956 1169 3024 in

236 3047 351 3115 eodem
372 3049 503 3119 decreto
524 3051 742 3158 exprimitur,
776 3052 880 3140 ipsam
901 3050 1096 3139 disciplinae
1118 3069 1171 3118 re·
1246 3085 1249 3091 ·

233 3139 467 3212 formationem
490 3145 677 3214 necessario
696 3145 860 3214 involvere
880 3145 1020 3214 videtur.
