2642 4175
284 339 350 399 498
597 349 761 393 urrunnun
779 349 812 393 11.

236 451 273 521 3⁰
299 446 505 538 cognationis
529 445 727 534 spiritualis,
752 447 828 535 quia
854 458 968 515 orator
988 448 1115 536 prolem
1138 469 1175 516 o·

235 544 367 615 ratricis
381 543 415 610 in
435 539 598 629 baptismo
618 540 780 630 suscepit,
793 542 842 609 vel
864 541 898 609 in
919 540 1174 611 confirmatione

235 636 355 711 tenuit.

282 731 391 811 Quare
415 724 602 793 humillime
628 724 818 813 supplicam
840 725 1089 796 illustrissimae
1109 727 1174 794 Do-

236 820 412 893 minationi
433 819 575 898 Vestrae,
592 830 629 886 ut
643 817 722 907 ipsis
742 818 943 907 dispensatio
962 819 1101 889 Sanctae
1118 819 1174 890 Se·

237 918 288 987 dis
307 936 409 1004 super
426 912 581 1002 praelatis
601 911 846 999 impedimentis
864 926 1076 1000 procuretur.

283 1011 410 1081 Causae
440 1017 535 1074 sunt:
556 1004 592 1071 l⁰
613 1005 770 1073 diuturna
792 1017 826 1073 et
844 1006 975 1093 publice
995 1019 1073 1076 nota
1094 1028 1174 1076 con·

235 1103 376 1174 versatio
394 1123 402 1180 ;
424 1097 461 1165 2⁰
491 1098 607 1185 copula
629 1098 771 1167 carnalis
790 1099 917 1167 occulta
937 1100 979 1169 ob
999 1101 1103 1168 solam
1123 1121 1175 1169 re·

236 1218 351 1266 sanam
366 1193 538 1262 libidinem
563 1191 719 1273 admissa;
741 1193 802 1260 vel:
826 1213 928 1280 quarn
949 1205 1099 1262 oratores
1120 1194 1175 1261 dn-

237 1288 508 1360 lentestatentur
528 1284 738 1353 commissam
758 1285 858 1353 luisse
878 1306 936 1373 spe
955 1287 1174 1374 dispensatio·

236 1384 289 1452 nis
308 1381 438 1451 lacilius
455 1377 669 1460 obtinendae,
689 1398 786 1467 equa
808 1381 917 1467 proles
935 1379 1084 1448 creditur
1100 1401 1176 1449 con·

237 1487 344 1565 cepta;
367 1471 402 1541 3⁰
421 1471 509 1561 quod
533 1471 657 1538 oratrix
684 1471 813 1539 duobus
832 1472 947 1541 liberis
967 1472 1176 1541 minorenni-

236 1571 299 1637 bus
318 1578 451 1654 gravata
471 1562 637 1632 adiutorio
650 1564 711 1632 viri
725 1561 862 1652 indiget,
880 1579 913 1632 et
928 1578 1042 1633 orator
1059 1567 1099 1634 ad
1117 1587 1174 1635 eos

235 1661 378 1729 feliciter
401 1656 588 1726 educandos
617 1657 758 1724 maxime
782 1659 957 1726 convenire
977 1659 1117 1742 dieitur;
1140 1660 1175 1726 lp

235 1753 388 1822 scandala
410 1749 618 1838 reparanda,
645 1750 819 1834 evitanda,
850 1752 1117 1840 praevenienda;
1140 1752 1175 1821 5ο

235 1846 310 1915 vani
331 1856 467 1915 conatus
488 1843 527 1911 ad
549 1862 605 1910 eos
624 1843 666 1910 ab
697 1844 760 1911 hoc
780 1844 982 1913 matrimonii
1002 1846 1173 1934 proposito

238 1939 450 2019 avertendos;
474 1934 508 2003 6⁰
530 1948 593 2003 tam
616 1956 713 2023 grave
731 1958 769 2004 ac
787 1939 980 2006 continuum
1009 1938 1099 2007 inter
1118 1960 1174 2007 eos

236 2045 447 2125 peccatorum
471 2029 682 2119 periculum,
705 2042 742 2100 ut
762 2029 825 2099 hoc
857 2051 973 2100 eornm
1000 2032 1174 2102 matrimo-

236 2128 330 2196 niurn
352 2123 468 2194 haberi
488 2124 607 2192 debeat
628 2124 762 2192 unicum
782 2125 1033 2213 (necessarium,
1051 2147 1174 2214 perop-

236 2218 439 2309 portunum)
458 2216 572 2285 salutis
596 2217 781 2285 remedium
798 2240 807 2299 ;
831 2215 864 2283 7⁰
881 2218 983 2287 timor
1002 2219 1171 2302 fundatus,

237 2335 280 2382 ne
296 2314 322 2380 si
339 2310 541 2399 dispensatio
555 2321 710 2396 negetur,
726 2311 849 2379 formas
867 2311 976 2379 civiles
997 2312 1172 2400 impleant;

238 2403 273 2474 8⁰
292 2424 471 2474 consensus
485 2401 610 2491 regius,
633 2404 674 2469 ad
698 2403 821 2471 formas
842 2404 953 2472 civiles
972 2404 1172 2493 implendas,

147 2581 153 2586 ,
237 2500 301 2568 iarn
322 2497 455 2586 petitus,
478 2497 528 2564 vel
544 2495 712 2578 obtentus,
733 2510 799 2564 eto.

296 2592 436 2667 Testor,
462 2599 633 2669 oratores,
668 2589 868 2658 orthodoxae
897 2585 974 2658 fidei
1002 2590 1171 2672 cultores,

238 2682 400 2753 eiusmodi
423 2697 495 2750 esse
517 2681 693 2764 lortunae,
717 2694 754 2750 ut
773 2683 807 2751 in
832 2693 902 2752 toto
929 2682 1028 2751 simul
1054 2680 1173 2767 etot,

237 2774 356 2860 nott,
380 2772 522 2858 t0‚000,
547 2770 677 2857 scoto
704 2775 893 2845 libellorum
925 2775 1058 2844 circiter
1073 2777 1108 2846 in
1128 2798 1174 2856 re,

238 2881 272 2941 et
290 2869 428 2940 totidem
451 2869 483 2935 in
513 2888 570 2956 spe
591 2869 788 2955 possideant.
813 2868 894 2938 Vel:
917 2878 982 2937 tam
1010 2890 1174 2959 pauperes

239 2985 277 3033 ac
298 2961 503 3031 miserabiles
522 2981 605 3042 esse,
623 2971 659 3028 ut
675 2962 745 3030 solo
762 2962 880 3030 labore
897 2982 1057 3029 manuum
1070 2962 1174 3031 vivens

238 3069 288 3127 tes
314 3055 440 3124 nullam
461 3066 567 3122 taram
588 3055 714 3122 solvere
740 3055 878 3142 possint.
909 3054 1043 3125 Solvent
1063 3067 1173 3123 tamen

239 3172 300 3240 pro
322 3148 472 3237 expensis
492 3148 615 3215 Romae
635 3147 793 3216 iaciendis
815 3147 872 3232 tu,
896 3146 953 3231 t5,
976 3146 1020 3216 ⁰20
1043 3147 1174 3217 libellas

240 3265 323 3333 quos
343 3243 430 3331 apud
451 3261 503 3309 me
523 3241 763 3329 deposuerunt.

520 3371 574 3443 die
669 3373 791 3462 mensis
1002 3373 1080 3441 anni

612 3516 680 3585 NN.
704 3516 819 3586 Pastor
838 3513 1014 3606 parochiae
1138 3605 1147 3616 Ι
