2642 4175
273 348 340 405 450
592 358 755 407 uranum
772 360 793 404 1.

226 458 284 532 sed
303 463 342 531 ad
363 479 480 531 umnec
502 460 699 549 proecipuus
728 480 767 527 uc
795 459 977 548 primarius
1004 481 1162 547 perronae

226 556 401 646 quatitans
420 554 662 623 extendendum
684 573 756 622 esse
775 552 995 622 arbitrantur.
1012 554 1053 623 Hi
1068 555 1161 623 enim

226 662 344 738 putant
362 647 488 718 aboleri
509 668 547 717 ex
567 667 681 717 errore
702 666 797 736 posse
816 648 1034 732 connubium,
1056 650 1158 738 quon,

226 765 276 813 ex.
299 763 365 831 gr„
386 741 435 812 vir
453 741 495 810 ad
515 741 669 811 triremes
700 752 860 831 perpetuo
880 741 1081 825 damnatus,
1103 744 1160 812 seu

226 848 338 926 postea
361 835 512 907 libertate
528 835 680 917 donatus,
697 835 870 905 autetiam
889 836 1071 905 monachus
1088 857 1164 925 pro·

225 931 410 1010 serenaret
430 928 571 999 clericus
591 929 693 998 sacris
712 928 884 998 ordinibus
905 929 1066 1008 initiatus,
1087 951 1163 999 oon·

226 1025 324 1095 traxit
343 1045 418 1093 uum
439 1024 573 1113 puella,
596 1043 683 1112 quae
702 1023 749 1091 nil
770 1023 811 1092 de
839 1043 969 1112 poena,
995 1037 1054 1093 aut
1073 1035 1161 1104 voto,

227 1131 285 1187 aut
301 1118 417 1187 ordine
437 1116 579 1185 sciebat:
598 1118 647 1186 Lu
666 1117 711 1185 lui
730 1117 842 1198 ciuile,
865 1116 911 1184 ait
930 1117 1093 1199 Touliier,
1114 1118 1165 1185 dc·

225 1213 389 1283 aicadruit
407 1212 535 1280 odiente
551 1220 581 1280 ct
598 1212 806 1300 tyrannique,
821 1211 852 1278 oi
866 1210 927 1278 elle
941 1212 1165 1299 ccatroiqnuit

225 1328 290 1375 une
312 1307 427 1394 semme
447 1309 586 1394 trumpe'e
604 1308 627 1374 ὰ
644 1307 734 1372 vivre
763 1305 846 1373 dureo
873 1326 937 1372 une
960 1306 1065 1373 coion
1089 1327 1165 1373 con·

226 1401 327 1468 trur're
345 1401 367 1469 ὰ
383 1421 421 1468 ru
438 1399 577 1486 relicino
607 1406 637 1467 et
655 1402 678 1468 ὰ
696 1418 734 1467 ru
752 1399 932 1467 conscience
952 1399 1018 1488 (t).
1041 1398 1163 1467 Verum

226 1493 282 1561 etii
302 1494 414 1582 plures
430 1492 508 1561 huie
527 1491 675 1581 opinioni
693 1511 759 1561 non
774 1492 905 1580 penitus
922 1491 1164 1573 assentiuntur,

227 1607 311 1676 quos
334 1586 420 1654 inter
454 1586 647 1655 recensendi
681 1598 758 1654 sunt
787 1584 931 1669 Paitler,
962 1586 1097 1654 Marcet
1128 1588 1167 1654 dc

230 1680 316 1747 droit
336 1680 427 1762 civil,
450 1691 475 1746 t.
502 1679 536 1763 1,
559 1701 593 1768 p.
611 1677 680 1762 85,
709 1679 847 1762 Regnum
869 1677 953 1749 Code
976 1678 1065 1749 Ciuil
1084 1692 1107 1747 t.
1130 1680 1162 1762 1,

226 1795 259 1862 p.
283 1769 342 1855 18,
360 1770 513 1841 Ca'rriere
532 1774 571 1840 de
585 1772 685 1842 Matr.
709 1795 741 1862 p.
761 1771 841 1855 999,
862 1771 1001 1843 Gousset
1015 1774 1061 1841 Le
1082 1772 1166 1842 Code

230 1865 319 1936 Ciuil
339 1866 490 1956 euplique
509 1887 544 1935 n.
562 1864 621 1950 QZ
642 1878 676 1935 et
693 1867 855 1949 Mourion,
870 1870 928 1955 qui
949 1868 1031 1935 haec
1051 1867 1163 1935 habet:

225 1961 270 2029 Le
286 1962 426 2051 puuvoir
445 1961 724 2044 dominororum,
739 1960 851 2028 absolu
868 1970 898 2030 et
914 1962 1019 2030 limite'
1030 1969 1076 2029 ert
1090 1969 1163 2048 trop

226 2054 493 2125 errentictlemcnt
508 2054 671 2125 contraire
685 2055 706 2123 ὰ
722 2054 933 2124 t'inrtitutr'on
950 2057 995 2126 du
1006 2055 1164 2142 murmur,

221 2171 308 2238 pour
325 2149 423 2239 qu'orr
438 2150 550 2239 priore
577 2149 735 2218 l'induire
765 2149 845 2217 d’un
878 2158 960 2218 terte
991 2151 1049 2239 qui
1076 2148 1167 2217 nete

225 2245 385 2330 conforme
401 2265 462 2333 pus
482 2247 729 2332 ecprmre'ment.
747 2242 787 2311 Hi
807 2244 959 2312 doctores
974 2242 1166 2310 innituntur

228 2348 299 2405 tum
318 2337 516 2408 auctoritate
535 2346 606 2406 tum
624 2335 766 2405 ratione.
779 2337 995 2419 Auctoritate,
1011 2336 1093 2425 quia
1109 2335 1167 2403 Su·

227 2449 379 2518 premum
402 2430 562 2499 Tribuual
582 2429 731 2499 Lutetiae
750 2428 966 2511 Parisiorum,
988 2430 1045 2519 (la
1067 2429 1165 2498 Corte

226 2522 259 2589 di
280 2523 487 2613 Cassazione)
507 2524 560 2592 die
580 2521 625 2590 a5
646 2524 724 2612 Apr.
751 2521 843 2591 1813
863 2523 1024 2606 decrerit,
1045 2545 1086 2590 ex
1106 2523 1164 2590 ha·

226 2636 300 2684 rum
322 2616 519 2705 qualitatum
537 2631 679 2696 errore,
701 2617 948 2686 matrimonium
970 2617 1164 2686 nullatenus

228 2708 364 2790 dirimi,
384 2710 461 2799 quia
483 2730 543 2799 per
563 2730 638 2778 eum
673 2731 740 2779 non
771 2712 899 2780 tollitur
931 2732 1115 2779 consensus
1132 2710 1164 2777 in

228 2802 425 2891 primarium
446 2802 648 2873 matrimonii
672 2804 851 2887 obiectum,
875 2805 962 2895 quod
984 2814 1035 2872 est
1051 2824 1165 2893 perso·

104 2947 108 2952 -
226 2916 282 2966 na.
308 2896 447 2966 Ratione
465 2918 556 2976 vero,
579 2898 655 2989 quia
679 2897 856 2988 qualitates
876 2898 1068 2988 primariae,
1089 2898 1168 2965 licet

260 3103 299 3173 (1)
316 3103 381 3158 Nori
398 3106 454 3160 dari
472 3107 643 3176 iurisperitoa,
660 3109 708 3177 qui
725 3125 755 3160 eo
773 3107 990 3176 progrediuntur,
1003 3115 1033 3158 ut
1050 3104 1110 3158 rotis
1123 3102 1166 3153 vi·

227 3180 300 3233 ribus
318 3183 445 3237 sustinere
459 3200 510 3236 non
523 3194 673 3250 vereantur,
688 3183 903 3252 impedimentum
914 3185 1008 3238 erroris
1021 3190 1075 3231 tum
1089 3180 1167 3231 eliam

228 3266 339 3321 exstare,
350 3277 432 3328 quum
446 3261 540 3316 mulier
552 3272 597 3315 aut
609 3263 685 3316 nubit
695 3263 763 3322 viro,
774 3278 852 3329 quem
865 3262 915 3314 iarn
927 3258 982 3310 toro
1000 3258 1107 3310 cessisse
1119 3272 1167 3324 pe·
1187 3287 1192 3306 ι

228 3332 299 3384 nitur
316 3334 462 3403 ignorabat,
475 3347 520 3390 aut
531 3355 592 3392 eum
611 3355 641 3391 eo
658 3338 805 3400 contrahit,
823 3336 869 3405 qui
886 3335 974 3387 renuit
989 3349 1020 3386 ac
1037 3341 1167 3401 perti-aete

228 3406 355 3463 detrectat
365 3410 451 3466 datam
462 3412 540 3465 fidem
552 3431 608 3467 reae
620 3412 728 3474 rietendi
743 3414 769 3465 in
783 3413 875 3464 faciem
888 3409 1018 3462 Ecclesiae
1035 3407 1068 3459 ed
1086 3425 1167 3476 copu-

227 3482 348 3540 lationem
366 3497 446 3542 ratam
464 3488 628 3560 validamque
647 3507 733 3543 noram
751 3490 806 3542 Deo
828 3486 983 3539 habendam.
1004 3484 1124 3537 Mareade
1141 3492 1166 3534 et

227 3558 366 3616 Breeaoilea
390 3573 478 3619 tenent
498 3589 509 3615 ι
529 3584 580 3637 que
599 3568 622 3621 ie
640 3569 712 3621 retus
735 3565 767 3619 do
786 3564 943 3637 prouideri
963 3564 990 3620 la
1006 3560 1166 3618 certamnen
