2642 4175
351 345 396 388 66
412 319 650 418 mrnnmmrrrs
670 344 868 393 uarmuoun
965 337 1030 397 tre

46 413 51 421 ⁴
111 450 115 455 “
136 450 248 535 legem
264 442 455 533 gravissime
475 453 600 532 peccet,
617 467 630 509 ι
650 455 688 515 ιιι
706 444 800 514 aiunt
818 443 896 521 Pius
916 445 978 517 tlt
983 446 1078 518 Breii

20 535 24 536 ⁷
139 531 787 621 310616661819660166116616,
792 537 1078 614 piuslllllbreri
1143 571 1147 578 ι

140 634 197 703 31
192 632 311 718 Martii
321 627 443 713 1830,
451 641 500 706 et
515 629 694 718 Gregorius
712 630 779 700 llll
798 633 918 703 litteris
935 630 995 706 37
1002 634 1077 705 11611

124 708 247 810 1833,
270 736 303 797 et
318 724 410 793 Brevi
429 684 474 792 33
495 724 568 793 11111
589 722 690 796 1816
702 726 743 796 ad
765 716 1079 821 11611166861161

141 838 279 911 gensem
299 819 387 908 apud
405 817 530 887 Walter
549 843 564 885 r
581 819 702 888 Fontes
719 819 789 888 lur.
804 819 892 895 Eccl.
912 819 1080 892 »bonnae

143 912 253 998 1863,
277 935 310 1002 p.
333 910 414 981 597.
437 915 507 992 061
527 933 628 1000 super
648 932 685 980 re
703 913 854 1004 ignotum
874 913 975 983 nobis
991 916 1079 986 baud

143 1020 216 1092 est,
242 966 309 1076 duo
330 1006 508 1095 aliquando
541 1006 729 1114 permissa,
750 1027 789 1075 ac
808 1008 947 1082 tolerata
970 1028 1081 1080 esser

145 1101 229 1175 Sede
249 1101 460 1189 Apostolica,
479 1110 518 1169 ut
536 1098 663 1172 maiora
694 1099 840 1174 timenda
870 1101 963 1174 mala
986 1122 1083 1194 prae·

144 1206 364 1277 caverentur,
387 1205 420 1264 et
438 1192 611 1277 remedia,
643 1193 766 1284 quibus
795 1195 920 1265 bonum
945 1216 1083 1284 speran-

144 1290 225 1359 dum
253 1286 397 1357 obtineri
426 1297 555 1376 posset,
578 1288 708 1358 facilius
737 1288 991 1359 adhiberentur
1026 1289 1082 1359 Al·
1162 1343 1191 1376 Ἰ.

146 1394 256 1452 terum
290 1394 362 1450 est:
397 1380 599 1471 dispensatio
619 1381 850 1472 exaequationi
881 1382 1080 1467 deducitur,

144 1476 221 1546 licet
239 1494 317 1565 pars
336 1474 518 1546 acatholica
532 1475 714 1545 conditioni
729 1476 770 1544 de
790 1476 892 1566 prolis
913 1476 1081 1547 educatio·

144 1590 184 1640 ne
196 1569 238 1638 in
259 1568 419 1637 catholica
440 1569 508 1642 side,
526 1569 690 1658 perfracte
707 1580 857 1653 recuset,
878 1582 1015 1641 onerata
1032 1582 1082 1640 ta·

145 1684 220 1736 man
241 1662 386 1750 graviter
413 1661 595 1732 catholicae
615 1663 718 1752 partis
742 1664 966 1748 conscientia,
989 1678 1026 1735 ut
1046 1685 1082 1734 o·

145 1757 279 1827 mnibus
296 1755 424 1824 viribus
444 1766 624 1825 carettum
651 1756 802 1846 coniugis
819 1758 1079 1841 conversionem,

145 1862 215 1919 tum
247 1850 476 1918 educationem
500 1850 603 1939 prolis
634 1850 809 1939 utriusque
835 1873 930 1922 sexus
950 1852 984 1921 in
1004 1851 1083 1921 reli·

144 1943 244 2032 gione
259 1942 419 2015 catholica
441 1941 473 2012 S.
495 1942 594 2018 0,11
618 1945 704 2031 Aug.
726 1942 832 2012 1831.
848 1945 996 2014 Alterum
1018 1955 1079 2028 est;

144 2037 172 2106 si
193 2036 383 2107 necessitati
404 2037 586 2108 cedendum
608 2036 957 2127 iudicetllpiscopus,
981 2049 1014 2107 et
1032 2038 1082 2107 di·

143 2131 390 2221 spensationem
419 2152 520 2220 super
548 2132 706 2217 gradibus
732 2130 946 2201 inferioribus
965 2150 1083 2200 conce·

144 2226 287 2294 dendam
309 2244 382 2293 esse
400 2236 504 2314 putet,
528 2224 611 2313 quin
630 2223 748 2293 idonea
777 2223 885 2293 cautio
908 2225 949 2295 de
968 2222 1083 2293 liberis

144 2318 322 2391 catholice
338 2319 517 2387 educandis
535 2317 757 2401 interveniat,
782 2338 821 2387 eo
838 2317 927 2408 quod
949 2317 1084 2387 monitis

146 2412 343 2481 catholicam
372 2423 501 2518 partem
523 2412 564 2482 ab
587 2411 738 2501 improbo
759 2432 819 2481 suo
840 2410 1010 2518 proposito
1030 2431 1083 2480 re·

146 2506 280 2575 trahere
296 2483 497 2595 nequiverit,
514 2506 662 2595 prolecto
679 2506 870 2594 dispensare
888 2505 1012 2595 poterit
1028 2525 1085 2575 eu

146 2600 298 2679 ctoritate
323 2597 356 2666 S.
380 2598 474 2669 Sedis
494 2619 554 2688 per
573 2600 720 2689 diploma
739 2600 919 2689 scriptum,
943 2620 1001 2669 seu
1023 2620 1084 2689 per

147 2692 185 2762 lit
171 2703 287 2776 tteras,
310 2692 367 2760 ubi
385 2691 570 2782 perspicuis
586 2693 696 2765 verbis
710 2694 926 2765 denuntiatur
942 2692 1084 2783 impedi·

149 2799 302 2856 mentum
324 2787 399 2856 ideo
425 2785 565 2856 relaxari
588 2798 732 2870 tantum,
755 2809 798 2857 ne
817 2788 968 2876 graviora
988 2807 1084 2857 scan-

151 2879 226 2947 dala·
242 2879 406 2961 eveniant,
423 2880 512 2949 unde
532 2880 783 2951 matrimonium
800 2902 914 2950 verum
928 2892 963 2950 et
974 2891 1082 2950 ratum

152 2973 225 3056 erit,
246 2973 302 3043 sed
325 2994 401 3062 pars
416 2973 576 3049 catholica
592 2973 784 3063 gravissime
803 2974 953 3062 peccabit
969 2985 1082 3044 contra

152 3064 235 3135 Ecel.
256 3068 401 3154 regulas,
421 3067 502 3136 lost
524 3068 641 3141 Albani
659 3066 704 3135 37
723 3066 796 3136 llaii
818 3064 972 3139 1830..
1019 3096 1022 3101 >

99 3212 103 3217 -
194 3158 287 3240 Quod
307 3181 386 3229 uero
394 3160 550 3267 pertinet
578 3162 618 3231 ad
638 3160 864 3267 conditionem
889 3172 923 3229 et
941 3159 1082 3228 formam

153 3251 247 3322 huius
265 3254 415 3342 coniugii
433 3254 634 3335 celebrandi,
650 3253 801 3345 quamvis
830 3253 886 3349 ubi
901 3251 1083 3322 Concilium

147 3344 411 3427 ,Τιίιιιιιιὶιιιιιι
405 3348 619 3456 publicatum
646 3361 713 3421 est
740 3342 873 3421 testium
898 3341 1086 3436 postuletur

152 3459 187 3520 ac
204 3440 346 3510 Paroohi
364 3442 563 3530 praesentia,
583 3442 639 3532 qui
664 3443 706 3510 ob
725 3440 1004 3548 dispensationem
1025 3441 1084 3509 ob·
1179 3435 1190 3453 '

146 3543 305 3633 tentam,
317 3535 531 3606 matrimonio
558 3537 709 3613 consulto
733 3533 1011 3617 acroluntarie,
1011 3554 1086 3622 pas·
