2642 4175
322 330 367 376 nn
385 330 659 418 rnormnrsrrnus
677 336 877 386 uarumonn
955 326 1021 387 tos

133 430 340 509 matrimonii
351 409 518 501 vinculum
533 446 670 524 propter
682 434 897 525 adulterium,
910 435 998 507 haud
1010 439 1077 510 dis·

130 524 217 595 solvi
233 545 342 614 posse.
362 523 455 594 Unde
474 524 554 595 lidei
573 526 753 598 catholicae
770 529 890 618 dogma
911 543 972 613 est,
987 530 1072 603 illud

107 671 111 675 «
134 637 257 708 nempe
273 617 453 688 Ecclesiam
467 639 534 689 non
552 640 678 706 errare,
696 642 800 713 quum
819 622 914 693 ducet
928 622 1017 695 iuxta
1037 646 1073 696 e·

132 709 337 800 vangelicam
353 724 386 783 et
398 711 611 801 apostolicam
625 714 822 800 doctrinam,
830 727 967 805 propter
980 719 1073 789 adul·

131 804 258 873 terium
273 805 465 877 alterutrius
480 807 672 896 coniugum,
684 807 889 877 matrimonii
903 809 1072 883 vinculum

130 917 204 969 non
224 902 321 987 posse
339 899 486 979 dissolvi.
508 900 553 970 De
573 900 792 972 dissolutione
815 901 938 972 vinculi
959 906 1074 974 matri·

132 990 241 1059 monii
262 1005 400 1081 propter
419 992 604 1078 haeresim,
627 1006 685 1065 aut
704 994 876 1065 molestam
896 993 1074 1068 hahitatio-

129 1103 227 1167 nem,
242 1097 301 1156 aut
320 1085 504 1157 affectatum
523 1087 709 1159 absentiam
726 1087 912 1177 aconiuge,
930 1086 974 1158 ita
988 1090 1074 1161 Con·

128 1176 251 1249 cilium
279 1178 509 1250 Tridentinum
541 1181 599 1250 cit.
631 1181 697 1250 loc.
733 1201 808 1250 cau.
839 1179 873 1267 5,
899 1182 1073 1272 loquutum

127 1283 205 1356 est,
226 1284 264 1345 ut
281 1271 359 1342 fidei
381 1274 563 1351 catholicae
582 1274 702 1364 dogma
722 1275 765 1344 sit
784 1286 921 1364 propter
938 1276 999 1347 bas
1018 1298 1073 1348 ra·

129 1365 244 1436 tiones
265 1367 467 1437 matrimonii
486 1368 654 1437 vinculum
674 1367 807 1437 dissolvi
828 1388 894 1437 uon
914 1390 1023 1458 posse.

181 1459 315 1529 Falsum
335 1473 445 1531 autem
464 1460 602 1531 omnino
622 1471 684 1545 est,
704 1461 793 1552 quod
816 1460 854 1530 in
872 1481 934 1531 suo
951 1474 1075 1533 tracta·

129 1564 170 1622 tu
192 1553 234 1623 de
266 1553 359 1642 regia
391 1554 427 1624 in
461 1554 712 1625 matrimonium
749 1564 912 1645 potestate.
941 1556 1075 1647 scripsit

132 1645 314 1731 launoius,
334 1668 370 1718 se
390 1668 511 1738 nempe
531 1648 652 1738 legisse
671 1648 804 1738 saepius
835 1649 1073 1739 permissuma

126 1739 325 1812 christianis
341 1741 604 1832 imperatoribus
617 1742 807 1832 repudium,
824 1763 891 1812 non
905 1744 1073 1814 tamenab

132 1830 306 1923 Episcopis
320 1835 539 1924 reprehensas
554 1847 612 1906 aut
626 1835 952 1924 improbataseorum
965 1837 1072 1927 leges.

130 1926 333 1997 Huiusmodi
354 1929 477 2018 quippe
495 1929 736 2018 lmperatorum
754 1928 845 2017 leges
862 1929 1017 1999 neduma
1037 1928 1071 1999 S.

131 2020 327 2105 Ambrosio,
349 2022 547 2112 Augustino,
569 2021 797 2112 Hieronymo,
820 2019 979 2108 Gregorio
1009 2023 1075 2092 Na·

128 2115 309 2199 zianzeuo,
330 2114 576 2209 chrysostomo,
596 2114 827 2185 verumetiam
846 2135 864 2183 a
885 2112 942 2182 SS.
963 2113 1076 2185 Ponti·

131 2208 254 2282 ficibus
273 2208 387 2279 innoc.
407 2210 434 2295 l,
455 2208 554 2299 Greg.
574 2210 632 2291 ll,
650 2207 786 2278 Nicolao
802 2208 828 2289 l,
850 2205 983 2277 disertis
1002 2227 1076 2278 ver·

131 2301 197 2387 his,
220 2302 418 2391 reprobatae
438 2315 633 2387 noscuntur,
657 2315 757 2391 prout
776 2322 793 2371 a
814 2299 991 2389 Theologis
1007 2313 1075 2371 sta·

134 2398 196 2465 tim
216 2395 279 2463 luit
296 2395 518 2466 observatum.
541 2396 620 2466 Vide
646 2394 827 2465 llartorelli
851 2419 865 2462 r
887 2392 1002 2463 Errori
1021 2415 1076 2465 re·

129 2486 226 2560 senti
244 2488 297 2558 sul
323 2488 468 2560 dirorzio
490 2513 504 2556 r
526 2487 787 2573 Roma017923
818 2487 1030 2580 Rosckovduy
1048 2489 1073 2557 l.

131 2583 197 2652 cit.
217 2592 251 2651 ct
272 2581 420 2653 Perrona
440 2583 481 2653 de
500 2583 594 2656 llatr.
618 2582 749 2667 christ,
771 2594 795 2652 t.
815 2580 841 2666 l,
862 2602 895 2671 p.
919 2579 1001 2651 197.

182 2674 273 2758 Quae
305 2687 416 2746 tamen
435 2677 476 2746 de
495 2675 678 2759 firmitate,
697 2698 756 2748 seu
778 2675 1071 2747 indissolubilitate

134 2767 343 2840 matrimonii
365 2769 430 2839 huc
450 2790 556 2860 usque
574 2769 800 2852 tradidimus,
828 2789 867 2839 ex
896 2768 1075 2858 praedictis

130 2862 244 2934 titulis
264 2862 459 2945 resultante,
478 2884 545 2933 nou
565 2863 610 2933 ita
632 2860 848 2951 intelligenda
868 2871 958 2944 sunt,
980 2860 1076 2951 quasi

131 2955 268 3025 nullum
289 2956 540 3026 matrimonium
560 2955 594 3025 in
615 2954 709 3025 nullo
725 2973 862 3045 prorsus
880 2973 959 3023 casu
973 2952 1077 3022 disso-

132 3047 299 3119 lutionem
319 3051 467 3139 potuerit
496 3060 554 3119 aut
573 3047 678 3139 possit
696 3047 884 3118 admittere.
906 3045 1075 3136 Quidquid

130 3140 227 3211 enim
241 3141 287 3212 sit
305 3142 347 3212 de
364 3140 590 3225 matrimonio,
599 3141 689 3231 quod
704 3140 814 3211 iudaei
833 3138 867 3208 in
885 3138 988 3208 veteri
1001 3139 1076 3227 lege

130 3235 390 3320 contrahebant,
405 3256 460 3320 au,
478 3255 538 3325 per
550 3234 700 3305 libellum
719 3231 849 3324 repudii
864 3231 1002 3315 scilicet,
1022 3252 1076 3301 re·

133 3348 215 3399 uara
236 3329 474 3401 dissolveretur
493 3329 601 3419 quoad
621 3327 804 3412 vinculum,
827 3347 892 3416 qua
913 3323 948 3393 in
968 3344 1006 3395 ra
1025 3323 1076 3396 di·

130 3433 326 3512 screpantes
340 3424 556 3512 proferuntur
569 3421 767 3507 sententiae,
786 3431 819 3491 et
832 3419 910 3489 hinc
929 3417 1006 3490 iude
1023 3439 1074 3487 va·

61 3603 66 3608 .
135 3513 307 3587 lidisaimis
328 3515 513 3586 rationibus
529 3515 730 3608 disputatur,
751 3527 788 3585 ut
801 3513 913 3606 uidere
926 3531 1079 3604 praeser-
