2642 4175
280 394 348 455 tot
620 401 780 447 carnrrv.

231 506 432 599 probarunt,
455 499 550 593 quasi
569 499 658 570 licita
679 500 790 569 iurent
808 512 841 570 et
859 499 976 585 talida,
991 503 1049 573 sed
1068 504 1176 574 veluti

236 600 346 671 minus
365 597 465 680 mala,
505 614 549 665 uo
569 592 719 683 graviora
740 591 860 663 damna
878 608 1173 683 praecaverentnr,

232 691 471 785 permiserunt.
519 686 714 758 irortiurum
736 685 850 770 enim,
871 707 930 757 seu
951 689 1175 779 repudioruru

235 787 359 857 abusus
376 784 459 855 altas
478 791 594 871 egerat
612 779 752 861 radices,
772 778 946 849 etidcirco
963 783 1072 871 putuit
1093 783 1177 875 qui·

235 881 309 951 dem
331 875 527 960 reboenari,
540 883 639 964 prout
652 870 818 942 abiisdem
839 871 1100 963 lmpemtoribus
1118 896 1179 947 re

233 994 309 1044 vera
330 971 453 1042 lactum
473 977 547 1051 est;
575 985 641 1035 nun
661 976 772 1036 tamen
791 965 900 1056 potuit
912 968 1022 1038 statim
1034 970 1175 1040 submo-

232 1065 315 1137 veri.
336 1065 449 1135 Altera
482 1074 544 1145 est,
567 1060 657 1149 quud
679 1058 952 1131 indissolubilitas
966 1060 1175 1133 matrimonii

232 1179 299 1229 non
331 1157 377 1230 itu
408 1154 521 1228 stricte
553 1154 587 1222 in
618 1151 785 1242 primitiva
817 1151 962 1223 Ecclesia
1001 1154 1174 1225 intellecta

232 1250 346 1337 luerit,
365 1250 447 1341 quin
467 1248 585 1318 liceret
615 1266 654 1316 ex
685 1245 834 1334 legitima
865 1266 963 1316 causa
984 1249 1070 1338 apud
1090 1247 1177 1339 Epi·

233 1365 350 1436 scopus
365 1341 587 1413 Provinciales
608 1339 744 1428 probata
764 1337 913 1408 libellum
933 1340 1063 1431 repudii
1080 1342 1173 1411 dari.

231 1439 377 1528 legatur
396 1436 460 1506 hac
479 1435 521 1504 de
545 1453 583 1503 re
613 1431 760 1502 Sancbez
780 1431 821 1502 de
843 1432 936 1501 llatr.
958 1434 981 1502 l.
1003 1432 1059 1519 10,
1080 1434 1174 1525 disp.

232 1533 267 1618 l,
288 1552 325 1601 u.
343 1527 403 1599 tt.
415 1531 461 1598 bc
475 1548 566 1610 sane,
583 1538 621 1596 ut
634 1535 784 1596 caeterae
797 1524 994 1596 omittantur
1007 1527 1177 1618 quaestio

234 1645 307 1707 nes,
331 1642 417 1714 quae
431 1622 517 1691 eirca
539 1617 744 1689 matrimonii
760 1616 927 1688 vinculum
947 1620 1082 1690 luerunt
1099 1621 1177 1710 agi·

233 1730 321 1788 tatae
337 1768 347 1800 ,
369 1715 428 1784 diu
448 1715 534 1784 inter
547 1712 747 1782 christianus
760 1711 947 1782 dubitatum
963 1712 1037 1797 luit,
1052 1734 1094 1782 an
1110 1734 1176 1804 per

231 1806 432 1880 adulterium
455 1808 542 1877 idem
565 1804 771 1875 matrimonii
790 1804 957 1875 duculum
974 1806 1174 1877 dissolvere·

230 1919 301 1976 tur.
322 1900 525 1973 dubitationi
554 1899 664 1968 locum
687 1899 777 1969 dedit
794 1918 826 1966 v.
848 1897 887 1983 9,
908 1919 982 1990 capa
998 1899 1067 1968 xlx
1086 1898 1174 1970 llat-

233 1996 341 2080 thaei,
368 2016 469 2089 quam
498 2005 609 2063 tumen
633 1991 874 2062 dubitationem
905 1994 1040 2063 sustulit
1064 1992 1172 2063 Gonc.

235 2089 418 2163 Tridentini
440 2107 521 2159 sess.
542 2105 652 2170 xxxta,
674 2107 747 2155 can.
776 2083 796 2154 7
817 2086 858 2156 de
877 2107 961 2156 sacr.
980 2086 1072 2156 blatr.
1085 2139 1095 2171 ,
1109 2086 1173 2157 ubi

109 2229 114 2234 -
233 2205 388 2256 excausa
409 2180 564 2253 adulterii
583 2178 787 2249 matrimonii
808 2178 978 2250 christiani
1001 2180 1172 2249 vinculum

233 2279 430 2370 neutiquam
451 2273 583 2346 dissolvi
603 2272 752 2344 delinivit
771 2271 861 2343 hisce
875 2273 996 2343 verbis:
1014 2298 1028 2340 a
1046 2271 1173 2364 Siquis

234 2372 354 2446 dixerit
369 2369 549 2440 Ecclesiam
565 2386 691 2449 errare,
707 2386 783 2435 cum
802 2366 916 2438 docuit
927 2377 960 2437 et
972 2366 1068 2436 ducet
1081 2365 1173 2436 iuxta

233 2463 456 2553 evangelicam
484 2474 518 2532 et
550 2458 765 2550 apostolicam
793 2459 1000 2543 doctrinam,
1035 2471 1174 2550 propter

233 2554 435 2627 adulterium
463 2554 656 2642 coniugum,
681 2553 881 2622 matrimonii
908 2553 1074 2622 vinculum
1102 2574 1172 2623 non

234 2668 331 2740 posse
346 2647 492 2730 dissolvi,
512 2659 550 2717 ut
566 2656 747 2737 utrumque
761 2647 813 2716 vel
828 2647 926 2717 etiam
944 2647 1170 2730 innocentem,

234 2742 291 2834 qui
310 2762 442 2812 causam
463 2740 627 2810 adulterio
646 2760 713 2809 neu
732 2738 840 2823 dedit,
857 2760 924 2809 nou
942 2760 1049 2829 posse,
1065 2739 1174 2810 alteru

233 2835 375 2925 coniuge
395 2835 541 2916 vivente,
569 2832 659 2903 aliud
680 2831 929 2904 matrimonium
954 2832 1172 2918 contrahere,

234 2928 471 3020 moecharique
485 2948 573 3010 eum,
587 2925 658 3016 qui,
673 2925 807 2995 diruisse
821 2927 984 3009 adultera,
1000 2926 1098 2995 aliam
1113 2925 1175 2995 ‹lu-

233 3022 330 3108 xerit,
347 3033 380 3092 et
397 3043 469 3092 eam
487 3041 584 3111 quae,
598 3018 734 3088 dimisso
751 3020 915 3104 adultero,
936 3017 1031 3088 alteri
1048 3039 1174 3108 nupse-

234 3117 290 3200 rit,
314 3114 489 3185 anathema
510 3114 564 3183 sit.
587 3137 600 3179 r
621 3111 681 3180 Ubi
699 3112 802 3201 probe
821 3113 1001 3181 notandum
1023 3111 1175 3181 estCon·

235 3210 348 3280 cilium
378 3208 607 3278 tridentinum
629 3226 694 3275 nun
714 3204 878 3288 definire,
901 3217 1071 3295 tamquam
1103 3204 1173 3273 lide

235 3302 395 3373 catholica
417 3302 617 3382 tenendum,
640 3299 730 3389 quod
751 3298 1012 3378 matrimonium,
1031 3309 1173 3388 propter

236 3395 435 3465 adulterium
445 3394 576 3463 dissolvi
587 3404 742 3482 nequeat,
754 3392 948 3480 praesertim
960 3392 1047 3480 quod
1061 3391 1176 3459 noluit

236 3488 445 3557 anathemate
463 3486 562 3556 lerire
582 3506 719 3574 graecos
739 3484 942 3554 contrarium
963 3483 1172 3567 sentientes,

235 3582 293 3649 sed
328 3581 507 3650 decernere
537 3577 717 3648 Ecclesiam
738 3598 803 3648 non
837 3598 950 3648 errare
971 3578 1048 3647 dum
1076 3576 1181 3647 ducet
