<?xml version="1.0" encoding="UTF-8"?>
<!DOCTYPE html PUBLIC "-//W3C//DTD XHTML 1.0 Transitional//EN"
    "http://www.w3.org/TR/xhtml1/DTD/xhtml1-transitional.dtd">
<html xmlns="http://www.w3.org/1999/xhtml" xml:lang="en" lang="en">
 <head>
  <title>
</title>
<meta http-equiv="Content-Type" content="text/html;charset=utf-8" />
  <meta name='ocr-system' content='tesseract 3.04.00' />
  <meta name='ocr-capabilities' content='ocr_page ocr_carea ocr_par ocr_line ocrx_word'/>
</head>
<body>
  <div class='ocr_page' id='page_1' title='image "./septimiimariaev00veccgoog_0371.png"; bbox 0 0 2642 4175; ppageno 0'>
   <div class='ocr_carea' id='block_1_1' title="bbox 332 377 1055 436">
    <p class='ocr_par' dir='ltr' id='par_1_1' title="bbox 332 377 1055 436">
     <span class='ocr_line' id='line_1_1' title="bbox 332 377 1055 436; baseline 0.014 -10"><span class='ocrx_word' id='word_1_1' title='bbox 332 399 334 402; x_wconf 31' lang='grc' dir='ltr'><strong>ν</strong></span> <span class='ocrx_word' id='word_1_2' title='bbox 380 384 423 428; x_wconf 86' lang='lat' dir='ltr'><strong>nn</strong></span> <span class='ocrx_word' id='word_1_3' title='bbox 438 384 674 431; x_wconf 80' lang='lat' dir='ltr'><strong>turnnmnurrs</strong></span> <span class='ocrx_word' id='word_1_4' title='bbox 693 388 893 435; x_wconf 76' lang='lat' dir='ltr'><strong>nevaruouu</strong></span> <span class='ocrx_word' id='word_1_5' title='bbox 991 377 1055 436; x_wconf 82' lang='grc'><strong>347</strong></span> 
     </span>
    </p>
   </div>
   <div class='ocr_carea' id='block_1_2' title="bbox 85 479 1172 2430">
    <p class='ocr_par' dir='ltr' id='par_1_2' title="bbox 85 479 1172 2430">
     <span class='ocr_line' id='line_1_2' title="bbox 170 479 1106 579; baseline 0.011 -31"><span class='ocrx_word' id='word_1_6' title='bbox 170 500 213 548; x_wconf 89' lang='lat' dir='ltr'><strong>nc</strong></span> <span class='ocrx_word' id='word_1_7' title='bbox 233 480 389 549; x_wconf 87' lang='lat' dir='ltr'><strong>seandalo</strong></span> <span class='ocrx_word' id='word_1_8' title='bbox 410 479 483 549; x_wconf 82' lang='lat' dir='ltr'><strong>beri</strong></span> <span class='ocrx_word' id='word_1_9' title='bbox 508 494 672 571; x_wconf 82' lang='lat' dir='ltr'><strong>nequeet3</strong></span> <span class='ocrx_word' id='word_1_10' title='bbox 693 481 731 550; x_wconf 78' lang='lat' dir='ltr'><strong>l⁰</strong></span> <span class='ocrx_word' id='word_1_11' title='bbox 750 483 1001 577; x_wconf 67' lang='lat' dir='ltr'><strong>Ob&#39;eoniugum</strong></span> <span class='ocrx_word' id='word_1_12' title='bbox 1023 510 1106 579; x_wconf 89' lang='lat' dir='ltr'><strong>pao·</strong></span> 
     </span>
     <span class='ocr_line' id='line_1_3' title="bbox 171 572 1105 663; baseline 0.011 -21"><span class='ocrx_word' id='word_1_13' title='bbox 171 585 346 661; x_wconf 89' lang='lat' dir='ltr'><strong>pertatem,</strong></span> <span class='ocrx_word' id='word_1_14' title='bbox 367 572 596 659; x_wconf 77' lang='lat' dir='ltr'><strong>rusticitatem,</strong></span> <span class='ocrx_word' id='word_1_15' title='bbox 618 576 766 645; x_wconf 90' lang='lat' dir='ltr'><strong>locorum</strong></span> <span class='ocrx_word' id='word_1_16' title='bbox 785 577 986 663; x_wconf 73' lang='lat' dir='ltr'><strong>distantiam,</strong></span> <span class='ocrx_word' id='word_1_17' title='bbox 1008 581 1105 652; x_wconf 87' lang='lat' dir='ltr'><strong>alias·</strong></span> 
     </span>
     <span class='ocr_line' id='line_1_4' title="bbox 171 666 1104 762; baseline 0.01 -27"><span class='ocrx_word' id='word_1_18' title='bbox 171 686 235 755; x_wconf 85' lang='lat' dir='ltr'><strong>que</strong></span> <span class='ocrx_word' id='word_1_19' title='bbox 256 666 384 735; x_wconf 90' lang='lat' dir='ltr'><strong>similes</strong></span> <span class='ocrx_word' id='word_1_20' title='bbox 402 687 518 736; x_wconf 85' lang='lat' dir='ltr'><strong>causas</strong></span> <span class='ocrx_word' id='word_1_21' title='bbox 537 668 623 736; x_wconf 90' lang='lat' dir='ltr'><strong>adiri</strong></span> <span class='ocrx_word' id='word_1_22' title='bbox 652 669 748 740; x_wconf 89' lang='lat' dir='ltr'><strong>facile</strong></span> <span class='ocrx_word' id='word_1_23' title='bbox 775 684 922 762; x_wconf 86' lang='lat' dir='ltr'><strong>nequeat</strong></span> <span class='ocrx_word' id='word_1_24' title='bbox 942 671 1042 743; x_wconf 81' lang='lat' dir='ltr'>Sedes</span> <span class='ocrx_word' id='word_1_25' title='bbox 1062 678 1104 743; x_wconf 82' lang='lat' dir='ltr'><strong>t-</strong></span> 
     </span>
     <span class='ocr_line' id='line_1_5' title="bbox 161 759 1105 849; baseline 0.006 -19"><span class='ocrx_word' id='word_1_26' title='bbox 161 759 342 847; x_wconf 87' lang='lat' dir='ltr'><strong>postolica,</strong></span> <span class='ocrx_word' id='word_1_27' title='bbox 361 771 395 828; x_wconf 92' lang='lat' dir='ltr'><strong>et</strong></span> <span class='ocrx_word' id='word_1_28' title='bbox 414 760 614 849; x_wconf 78' lang='lat' dir='ltr'><strong>dispensatio</strong></span> <span class='ocrx_word' id='word_1_29' title='bbox 642 762 684 831; x_wconf 92' lang='lat' dir='ltr'><strong>ab</strong></span> <span class='ocrx_word' id='word_1_30' title='bbox 715 782 753 831; x_wconf 90' lang='lat' dir='ltr'><strong>ea</strong></span> <span class='ocrx_word' id='word_1_31' title='bbox 778 764 935 834; x_wconf 81' lang='lat' dir='ltr'><strong>obtineri.</strong></span> <span class='ocrx_word' id='word_1_32' title='bbox 958 766 1030 836; x_wconf 88' lang='lat' dir='ltr'><strong>Non</strong></span> <span class='ocrx_word' id='word_1_33' title='bbox 1049 768 1105 836; x_wconf 87' lang='lat' dir='ltr'><strong>de·</strong></span> 
     </span>
     <span class='ocr_line' id='line_1_6' title="bbox 171 854 1105 950; baseline 0.011 -31"><span class='ocrx_word' id='word_1_34' title='bbox 171 864 247 922; x_wconf 86' lang='lat' dir='ltr'><strong>sunt</strong></span> <span class='ocrx_word' id='word_1_35' title='bbox 266 864 377 921; x_wconf 73' lang='lat' dir='ltr'><strong>umen</strong></span> <span class='ocrx_word' id='word_1_36' title='bbox 398 867 561 938; x_wconf 86' lang='lat' dir='ltr'><strong>auctores,</strong></span> <span class='ocrx_word' id='word_1_37' title='bbox 584 854 641 944; x_wconf 91' lang='lat' dir='ltr'><strong>qui</strong></span> <span class='ocrx_word' id='word_1_38' title='bbox 666 856 817 925; x_wconf 91' lang='lat' dir='ltr'><strong>eamdem</strong></span> <span class='ocrx_word' id='word_1_39' title='bbox 834 859 1023 928; x_wconf 78' lang='lat' dir='ltr'><strong>facultatem</strong></span> <span class='ocrx_word' id='word_1_40' title='bbox 1044 881 1105 950; x_wconf 90' lang='lat' dir='ltr'><strong>pro</strong></span> 
     </span>
     <span class='ocr_line' id='line_1_7' title="bbox 171 944 1106 1040; baseline 0.01 -28"><span class='ocrx_word' id='word_1_41' title='bbox 171 944 384 1015; x_wconf 89' lang='lat' dir='ltr'><strong>matrimonio</strong></span> <span class='ocrx_word' id='word_1_42' title='bbox 405 946 505 1014; x_wconf 92' lang='lat' dir='ltr'><strong>etiam</strong></span> <span class='ocrx_word' id='word_1_43' title='bbox 525 948 751 1017; x_wconf 89' lang='lat' dir='ltr'><strong>contrahendo</strong></span> <span class='ocrx_word' id='word_1_44' title='bbox 770 945 941 1039; x_wconf 62' lang='lat' dir='ltr'><strong>Episco&#39;pis</strong></span> <span class='ocrx_word' id='word_1_45' title='bbox 958 973 1019 1040; x_wconf 88' lang='lat' dir='ltr'><strong>pro</strong></span> <span class='ocrx_word' id='word_1_46' title='bbox 1033 953 1106 1022; x_wconf 87' lang='lat' dir='ltr'><strong>foro</strong></span> 
     </span>
     <span class='ocr_line' id='line_1_8' title="bbox 171 1038 1107 1133; baseline 0.007 -27"><span class='ocrx_word' id='word_1_47' title='bbox 171 1038 392 1108; x_wconf 86' lang='lat' dir='ltr'><strong>conscientiae</strong></span> <span class='ocrx_word' id='word_1_48' title='bbox 413 1052 588 1122; x_wconf 90' lang='lat' dir='ltr'><strong>asserunt,</strong></span> <span class='ocrx_word' id='word_1_49' title='bbox 624 1042 757 1133; x_wconf 91' lang='lat' dir='ltr'><strong>quaudo</strong></span> <span class='ocrx_word' id='word_1_50' title='bbox 785 1040 939 1111; x_wconf 85' lang='lat' dir='ltr'><strong>videlicet</strong></span> <span class='ocrx_word' id='word_1_51' title='bbox 967 1043 1107 1133; x_wconf 91' lang='lat' dir='ltr'><strong>impedi-</strong></span> 
     </span>
     <span class='ocr_line' id='line_1_9' title="bbox 85 1134 1107 1220; baseline 0.009 -22"><span class='ocrx_word' id='word_1_52' title='bbox 85 1199 94 1214; x_wconf 54' lang='lat'><strong>,</strong></span> <span class='ocrx_word' id='word_1_53' title='bbox 171 1142 323 1199; x_wconf 88' lang='lat' dir='ltr'><strong>mentum</strong></span> <span class='ocrx_word' id='word_1_54' title='bbox 346 1144 395 1202; x_wconf 89' lang='lat' dir='ltr'><strong>est</strong></span> <span class='ocrx_word' id='word_1_55' title='bbox 413 1134 603 1215; x_wconf 87' lang='lat' dir='ltr'><strong>occultum,</strong></span> <span class='ocrx_word' id='word_1_56' title='bbox 638 1146 671 1204; x_wconf 93' lang='lat' dir='ltr'><strong>et</strong></span> <span class='ocrx_word' id='word_1_57' title='bbox 691 1146 812 1220; x_wconf 84' lang='lat' dir='ltr'><strong>urgent</strong></span> <span class='ocrx_word' id='word_1_58' title='bbox 841 1134 1107 1207; x_wconf 87' lang='lat' dir='ltr'><strong>circumstantiae</strong></span> 
     </span>
     <span class='ocr_line' id='line_1_10' title="bbox 169 1224 1107 1318; baseline 0.011 -29"><span class='ocrx_word' id='word_1_59' title='bbox 169 1243 297 1304; x_wconf 86' lang='lat' dir='ltr'><strong>rerum,</strong></span> <span class='ocrx_word' id='word_1_60' title='bbox 314 1233 351 1292; x_wconf 94' lang='lat' dir='ltr'><strong>ut</strong></span> <span class='ocrx_word' id='word_1_61' title='bbox 371 1244 480 1314; x_wconf 90' lang='lat' dir='ltr'><strong>neque</strong></span> <span class='ocrx_word' id='word_1_62' title='bbox 510 1224 668 1294; x_wconf 89' lang='lat' dir='ltr'><strong>Summus</strong></span> <span class='ocrx_word' id='word_1_63' title='bbox 688 1224 837 1295; x_wconf 82' lang='lat' dir='ltr'><strong>Pontifex</strong></span> <span class='ocrx_word' id='word_1_64' title='bbox 858 1226 966 1311; x_wconf 91' lang='lat' dir='ltr'><strong>adiri,</strong></span> <span class='ocrx_word' id='word_1_65' title='bbox 997 1248 1107 1318; x_wconf 90' lang='lat' dir='ltr'><strong>neque</strong></span> 
     </span>
     <span class='ocr_line' id='line_1_11' title="bbox 169 1316 1106 1410; baseline 0.009 -27"><span class='ocrx_word' id='word_1_66' title='bbox 169 1316 376 1386; x_wconf 86' lang='lat' dir='ltr'><strong>matrimonii</strong></span> <span class='ocrx_word' id='word_1_67' title='bbox 407 1330 639 1402; x_wconf 53' lang='lat' dir='ltr'><strong>contractuss</strong></span> <span class='ocrx_word' id='word_1_68' title='bbox 657 1319 697 1396; x_wconf 90' lang='lat' dir='ltr'><strong>ad</strong></span> <span class='ocrx_word' id='word_1_69' title='bbox 730 1323 830 1408; x_wconf 83' lang='lat' dir='ltr'><strong>quem</strong></span> <span class='ocrx_word' id='word_1_70' title='bbox 860 1320 971 1389; x_wconf 91' lang='lat' dir='ltr'><strong>omnia</strong></span> <span class='ocrx_word' id='word_1_71' title='bbox 993 1336 1106 1410; x_wconf 89' lang='lat' dir='ltr'><strong>parata</strong></span> 
     </span>
     <span class='ocr_line' id='line_1_12' title="bbox 169 1410 1107 1503; baseline 0.007 -26"><span class='ocrx_word' id='word_1_72' title='bbox 169 1421 271 1493; x_wconf 90' lang='lat' dir='ltr'><strong>sunt,</strong></span> <span class='ocrx_word' id='word_1_73' title='bbox 306 1410 378 1478; x_wconf 90' lang='lat' dir='ltr'><strong>sine</strong></span> <span class='ocrx_word' id='word_1_74' title='bbox 397 1412 552 1480; x_wconf 87' lang='lat' dir='ltr'><strong>seandalo</strong></span> <span class='ocrx_word' id='word_1_75' title='bbox 577 1423 611 1481; x_wconf 87' lang='lat' dir='ltr'><strong>et</strong></span> <span class='ocrx_word' id='word_1_76' title='bbox 629 1411 764 1480; x_wconf 83' lang='lat' dir='ltr'><strong>inlbmia</strong></span> <span class='ocrx_word' id='word_1_77' title='bbox 786 1412 912 1480; x_wconf 87' lang='lat' dir='ltr'><strong>differri</strong></span> <span class='ocrx_word' id='word_1_78' title='bbox 937 1413 1052 1503; x_wconf 83' lang='lat' dir='ltr'><strong>possit.</strong></span> <span class='ocrx_word' id='word_1_79' title='bbox 1071 1415 1107 1484; x_wconf 89' lang='lat' dir='ltr'><strong>ln</strong></span> 
     </span>
     <span class='ocr_line' id='line_1_13' title="bbox 169 1502 1105 1591; baseline 0.004 -19"><span class='ocrx_word' id='word_1_80' title='bbox 169 1521 207 1572; x_wconf 86' lang='lat' dir='ltr'><strong>eo</strong></span> <span class='ocrx_word' id='word_1_81' title='bbox 229 1502 321 1571; x_wconf 86' lang='lat' dir='ltr'><strong>enim</strong></span> <span class='ocrx_word' id='word_1_82' title='bbox 342 1504 597 1591; x_wconf 79' lang='lat' dir='ltr'><strong>urgentissimae</strong></span> <span class='ocrx_word' id='word_1_83' title='bbox 618 1505 834 1575; x_wconf 73' lang='lat' dir='ltr'><strong>‘necessitatis</strong></span> <span class='ocrx_word' id='word_1_84' title='bbox 859 1518 1001 1590; x_wconf 82' lang='lat' dir='ltr'><strong>eventu,</strong></span> <span class='ocrx_word' id='word_1_85' title='bbox 1028 1509 1105 1576; x_wconf 90' lang='lat' dir='ltr'><strong>dum</strong></span> 
     </span>
     <span class='ocr_line' id='line_1_14' title="bbox 168 1595 1107 1688; baseline 0.006 -25"><span class='ocrx_word' id='word_1_86' title='bbox 168 1595 255 1664; x_wconf 89' lang='lat' dir='ltr'><strong>alius</strong></span> <span class='ocrx_word' id='word_1_87' title='bbox 273 1596 314 1663; x_wconf 92' lang='lat' dir='ltr'><strong>ad</strong></span> <span class='ocrx_word' id='word_1_88' title='bbox 336 1598 558 1684; x_wconf 84' lang='lat' dir='ltr'><strong>praecavenda</strong></span> <span class='ocrx_word' id='word_1_89' title='bbox 580 1609 627 1667; x_wconf 93' lang='lat' dir='ltr'><strong>tot</strong></span> <span class='ocrx_word' id='word_1_90' title='bbox 660 1599 745 1666; x_wconf 91' lang='lat' dir='ltr'><strong>mala</strong></span> <span class='ocrx_word' id='word_1_91' title='bbox 766 1618 833 1667; x_wconf 90' lang='lat' dir='ltr'><strong>non</strong></span> <span class='ocrx_word' id='word_1_92' title='bbox 864 1606 1018 1688; x_wconf 88' lang='lat' dir='ltr'><strong>suppetat</strong></span> <span class='ocrx_word' id='word_1_93' title='bbox 1037 1621 1107 1669; x_wconf 92' lang='lat' dir='ltr'><strong>mo·</strong></span> 
     </span>
     <span class='ocr_line' id='line_1_15' title="bbox 167 1689 1106 1783; baseline 0.007 -28"><span class='ocrx_word' id='word_1_94' title='bbox 167 1689 242 1770; x_wconf 89' lang='lat' dir='ltr'><strong>dus,</strong></span> <span class='ocrx_word' id='word_1_95' title='bbox 265 1708 328 1756; x_wconf 88' lang='lat' dir='ltr'><strong>neo</strong></span> <span class='ocrx_word' id='word_1_96' title='bbox 350 1690 537 1758; x_wconf 85' lang='lat' dir='ltr'><strong>remedium</strong></span> <span class='ocrx_word' id='word_1_97' title='bbox 558 1690 708 1760; x_wconf 84' lang='lat' dir='ltr'><strong>adhiberi</strong></span> <span class='ocrx_word' id='word_1_98' title='bbox 728 1692 843 1780; x_wconf 88' lang='lat' dir='ltr'><strong>possit,</strong></span> <span class='ocrx_word' id='word_1_99' title='bbox 866 1694 955 1783; x_wconf 88' lang='lat' dir='ltr'><strong>quod</strong></span> <span class='ocrx_word' id='word_1_100' title='bbox 985 1694 1106 1783; x_wconf 86' lang='lat' dir='ltr'><strong>passim</strong></span> 
     </span>
     <span class='ocr_line' id='line_1_16' title="bbox 167 1781 1106 1873; baseline 0.006 -24"><span class='ocrx_word' id='word_1_101' title='bbox 167 1781 209 1849; x_wconf 88' lang='lat' dir='ltr'><strong>ab</strong></span> <span class='ocrx_word' id='word_1_102' title='bbox 242 1781 439 1850; x_wconf 87' lang='lat' dir='ltr'><strong>auctoribus</strong></span> <span class='ocrx_word' id='word_1_103' title='bbox 469 1784 692 1873; x_wconf 90' lang='lat' dir='ltr'><strong>proponitur,</strong></span> <span class='ocrx_word' id='word_1_104' title='bbox 723 1786 764 1852; x_wconf 91' lang='lat' dir='ltr'><strong>de</strong></span> <span class='ocrx_word' id='word_1_105' title='bbox 787 1796 862 1853; x_wconf 92' lang='lat' dir='ltr'><strong>voto</strong></span> <span class='ocrx_word' id='word_1_106' title='bbox 887 1784 1046 1855; x_wconf 88' lang='lat' dir='ltr'><strong>eastitatis</strong></span> <span class='ocrx_word' id='word_1_107' title='bbox 1066 1789 1106 1855; x_wconf 85' lang='lat' dir='ltr'><strong>ad</strong></span> 
     </span>
     <span class='ocr_line' id='line_1_17' title="bbox 167 1873 1107 1968; baseline 0.005 -25"><span class='ocrx_word' id='word_1_108' title='bbox 167 1885 303 1962; x_wconf 88' lang='lat' dir='ltr'><strong>tempus</strong></span> <span class='ocrx_word' id='word_1_109' title='bbox 317 1873 510 1958; x_wconf 88' lang='lat' dir='ltr'><strong>emittendo,</strong></span> <span class='ocrx_word' id='word_1_110' title='bbox 531 1887 727 1965; x_wconf 90' lang='lat' dir='ltr'><strong>potestatem</strong></span> <span class='ocrx_word' id='word_1_111' title='bbox 737 1876 948 1964; x_wconf 86' lang='lat' dir='ltr'><strong>dispensandi</strong></span> <span class='ocrx_word' id='word_1_112' title='bbox 963 1897 1002 1946; x_wconf 85' lang='lat' dir='ltr'><strong>ex</strong></span> <span class='ocrx_word' id='word_1_113' title='bbox 1015 1899 1107 1968; x_wconf 91' lang='lat' dir='ltr'><strong>prae·</strong></span> 
     </span>
     <span class='ocr_line' id='line_1_18' title="bbox 166 1966 1108 2059; baseline 0.002 -23"><span class='ocrx_word' id='word_1_114' title='bbox 166 1978 300 2055; x_wconf 87' lang='lat' dir='ltr'><strong>sumpta</strong></span> <span class='ocrx_word' id='word_1_115' title='bbox 320 1966 458 2036; x_wconf 86' lang='lat' dir='ltr'><strong>Romani</strong></span> <span class='ocrx_word' id='word_1_116' title='bbox 482 1968 651 2037; x_wconf 87' lang='lat' dir='ltr'><strong>Pontifieis</strong></span> <span class='ocrx_word' id='word_1_117' title='bbox 670 1968 837 2037; x_wconf 89' lang='lat' dir='ltr'><strong>voluntate</strong></span> <span class='ocrx_word' id='word_1_118' title='bbox 857 1969 1028 2059; x_wconf 78' lang='lat' dir='ltr'><strong>Episcopis</strong></span> <span class='ocrx_word' id='word_1_119' title='bbox 1048 1972 1108 2039; x_wconf 91' lang='lat' dir='ltr'><strong>tri-</strong></span> 
     </span>
     <span class='ocr_line' id='line_1_19' title="bbox 166 2060 1108 2151; baseline 0.002 -21"><span class='ocrx_word' id='word_1_120' title='bbox 166 2061 280 2130; x_wconf 91' lang='lat' dir='ltr'><strong>buunt</strong></span> <span class='ocrx_word' id='word_1_121' title='bbox 297 2060 449 2151; x_wconf 87' lang='lat' dir='ltr'><strong>plerique</strong></span> <span class='ocrx_word' id='word_1_122' title='bbox 469 2060 650 2145; x_wconf 86' lang='lat' dir='ltr'><strong>Doctores,</strong></span> <span class='ocrx_word' id='word_1_123' title='bbox 673 2061 754 2150; x_wconf 89' lang='lat' dir='ltr'><strong>quin</strong></span> <span class='ocrx_word' id='word_1_124' title='bbox 779 2061 861 2130; x_wconf 89' lang='lat' dir='ltr'><strong>haec</strong></span> <span class='ocrx_word' id='word_1_125' title='bbox 876 2062 989 2150; x_wconf 90' lang='lat' dir='ltr'><strong>opinio</strong></span> <span class='ocrx_word' id='word_1_126' title='bbox 1008 2063 1108 2133; x_wconf 88' lang='lat' dir='ltr'><strong>bodie</strong></span> 
     </span>
     <span class='ocr_line' id='line_1_20' title="bbox 165 2152 1106 2244; baseline 0.002 -22"><span class='ocrx_word' id='word_1_127' title='bbox 165 2156 239 2222; x_wconf 80' lang='lat' dir='ltr'><strong>fere</strong></span> <span class='ocrx_word' id='word_1_128' title='bbox 260 2155 446 2224; x_wconf 90' lang='lat' dir='ltr'><strong>communis</strong></span> <span class='ocrx_word' id='word_1_129' title='bbox 467 2152 527 2224; x_wconf 82' lang='lat' dir='ltr'><strong>est.</strong></span> <span class='ocrx_word' id='word_1_130' title='bbox 552 2155 648 2222; x_wconf 90' lang='lat' dir='ltr'><strong>Nulla</strong></span> <span class='ocrx_word' id='word_1_131' title='bbox 683 2153 772 2222; x_wconf 88' lang='lat' dir='ltr'><strong>enim</strong></span> <span class='ocrx_word' id='word_1_132' title='bbox 794 2154 922 2222; x_wconf 90' lang='lat' dir='ltr'><strong>ratione</strong></span> <span class='ocrx_word' id='word_1_133' title='bbox 941 2156 1030 2223; x_wconf 82' lang='lat' dir='ltr'><strong>credi</strong></span> <span class='ocrx_word' id='word_1_134' title='bbox 1050 2177 1106 2244; x_wconf 93' lang='lat' dir='ltr'><strong>po·</strong></span> 
     </span>
     <span class='ocr_line' id='line_1_21' title="bbox 167 2246 1172 2337; baseline 0.001 -22"><span class='ocrx_word' id='word_1_135' title='bbox 167 2258 236 2315; x_wconf 88' lang='lat' dir='ltr'><strong>test</strong></span> <span class='ocrx_word' id='word_1_136' title='bbox 253 2246 287 2314; x_wconf 91' lang='lat' dir='ltr'><strong>in</strong></span> <span class='ocrx_word' id='word_1_137' title='bbox 307 2246 348 2319; x_wconf 87' lang='lat' dir='ltr'><strong>iis</strong></span> <span class='ocrx_word' id='word_1_138' title='bbox 363 2246 621 2318; x_wconf 77' lang='lat' dir='ltr'><strong>circumstantiis</strong></span> <span class='ocrx_word' id='word_1_139' title='bbox 635 2246 793 2337; x_wconf 85' lang='lat' dir='ltr'><strong>privative</strong></span> <span class='ocrx_word' id='word_1_140' title='bbox 811 2258 1011 2316; x_wconf 88' lang='lat' dir='ltr'><strong>reservatam</strong></span> <span class='ocrx_word' id='word_1_141' title='bbox 1025 2246 1118 2316; x_wconf 81' lang='lat' dir='ltr'><strong>Pon-¹</strong></span> <span class='ocrx_word' id='word_1_142' title='bbox 1167 2270 1172 2285; x_wconf 79' lang='lat'><strong><em>‘</em></strong></span> 
     </span>
     <span class='ocr_line' id='line_1_22' title="bbox 167 2339 1108 2430; baseline 0.001 -22"><span class='ocrx_word' id='word_1_143' title='bbox 167 2339 252 2408; x_wconf 87' lang='lat' dir='ltr'><strong>tifici</strong></span> <span class='ocrx_word' id='word_1_144' title='bbox 273 2350 481 2428; x_wconf 88' lang='lat' dir='ltr'><strong>potestatem,</strong></span> <span class='ocrx_word' id='word_1_145' title='bbox 505 2361 605 2430; x_wconf 89' lang='lat' dir='ltr'><strong>quam</strong></span> <span class='ocrx_word' id='word_1_146' title='bbox 626 2340 794 2409; x_wconf 76' lang='lat' dir='ltr'><strong>adbristo</strong></span> <span class='ocrx_word' id='word_1_147' title='bbox 814 2339 954 2409; x_wconf 90' lang='lat' dir='ltr'><strong>Domino</strong></span> <span class='ocrx_word' id='word_1_148' title='bbox 973 2340 1008 2409; x_wconf 95' lang='lat' dir='ltr'><strong>in</strong></span> <span class='ocrx_word' id='word_1_149' title='bbox 1021 2361 1108 2409; x_wconf 88' lang='lat' dir='ltr'><strong>eom·</strong></span> 
     </span>
    </p>
   </div>
   <div class='ocr_carea' id='block_1_3' title="bbox 170 2433 1208 2525">
    <p class='ocr_par' dir='ltr' id='par_1_3' title="bbox 170 2433 1208 2525">
     <span class='ocr_line' id='line_1_23' title="bbox 170 2433 1208 2525; baseline 0.003 -25"><span class='ocrx_word' id='word_1_150' title='bbox 170 2451 274 2501; x_wconf 90' lang='lat' dir='ltr'><strong>mune</strong></span> <span class='ocrx_word' id='word_1_151' title='bbox 292 2433 480 2501; x_wconf 89' lang='lat' dir='ltr'><strong>animarum</strong></span> <span class='ocrx_word' id='word_1_152' title='bbox 497 2435 622 2503; x_wconf 86' lang='lat' dir='ltr'><strong>bonum</strong></span> <span class='ocrx_word' id='word_1_153' title='bbox 639 2433 777 2525; x_wconf 88' lang='lat' dir='ltr'><strong>accepit,</strong></span> <span class='ocrx_word' id='word_1_154' title='bbox 794 2453 897 2522; x_wconf 90' lang='lat' dir='ltr'><strong>quum</strong></span> <span class='ocrx_word' id='word_1_155' title='bbox 918 2433 952 2502; x_wconf 91' lang='lat' dir='ltr'><strong>id</strong></span> <span class='ocrx_word' id='word_1_156' title='bbox 970 2453 1038 2503; x_wconf 90' lang='lat' dir='ltr'><strong>non</strong></span> <span class='ocrx_word' id='word_1_157' title='bbox 1059 2455 1108 2503; x_wconf 90' lang='lat' dir='ltr'><strong>so·</strong></span> <span class='ocrx_word' id='word_1_158' title='bbox 1205 2440 1208 2451; x_wconf 91' lang='lat'>&#39;</span> 
     </span>
    </p>
   </div>
   <div class='ocr_carea' id='block_1_4' title="bbox 113 2525 1127 3639">
    <p class='ocr_par' dir='ltr' id='par_1_4' title="bbox 113 2525 1127 3639">
     <span class='ocr_line' id='line_1_24' title="bbox 169 2525 1109 2617; baseline 0.005 -24"><span class='ocrx_word' id='word_1_159' title='bbox 169 2527 241 2593; x_wconf 93' lang='lat' dir='ltr'><strong>lum</strong></span> <span class='ocrx_word' id='word_1_160' title='bbox 263 2525 492 2595; x_wconf 87' lang='lat' dir='ltr'><strong>adversaretur</strong></span> <span class='ocrx_word' id='word_1_161' title='bbox 522 2526 754 2597; x_wconf 89' lang='lat' dir='ltr'><strong>reservationis</strong></span> <span class='ocrx_word' id='word_1_162' title='bbox 786 2526 869 2610; x_wconf 88' lang='lat' dir='ltr'><strong>fini,</strong></span> <span class='ocrx_word' id='word_1_163' title='bbox 893 2527 950 2617; x_wconf 87' lang='lat' dir='ltr'><strong>qui</strong></span> <span class='ocrx_word' id='word_1_164' title='bbox 971 2540 1045 2610; x_wconf 90' lang='lat' dir='ltr'><strong>est,</strong></span> <span class='ocrx_word' id='word_1_165' title='bbox 1071 2539 1109 2597; x_wconf 92' lang='lat' dir='ltr'><strong>nt</strong></span> 
     </span>
     <span class='ocr_line' id='line_1_25' title="bbox 168 2617 1107 2710; baseline 0.005 -24"><span class='ocrx_word' id='word_1_166' title='bbox 168 2617 324 2686; x_wconf 89' lang='lat' dir='ltr'><strong>scandala</strong></span> <span class='ocrx_word' id='word_1_167' title='bbox 341 2620 567 2710; x_wconf 89' lang='lat' dir='ltr'><strong>peccandique</strong></span> <span class='ocrx_word' id='word_1_168' title='bbox 599 2621 747 2710; x_wconf 85' lang='lat' dir='ltr'><strong>pericula</strong></span> <span class='ocrx_word' id='word_1_169' title='bbox 768 2641 785 2688; x_wconf 89' lang='lat' dir='ltr'><strong>a</strong></span> <span class='ocrx_word' id='word_1_170' title='bbox 806 2620 965 2691; x_wconf 81' lang='lat' dir='ltr'><strong>fidelibus</strong></span> <span class='ocrx_word' id='word_1_171' title='bbox 981 2621 1107 2691; x_wconf 86' lang='lat' dir='ltr'><strong>eviten-</strong></span> 
     </span>
     <span class='ocr_line' id='line_1_26' title="bbox 168 2712 1107 2805; baseline 0.003 -26"><span class='ocrx_word' id='word_1_172' title='bbox 168 2722 242 2794; x_wconf 89' lang='lat' dir='ltr'><strong>tur,</strong></span> <span class='ocrx_word' id='word_1_173' title='bbox 267 2722 335 2778; x_wconf 91' lang='lat' dir='ltr'><strong>tum</strong></span> <span class='ocrx_word' id='word_1_174' title='bbox 367 2712 465 2782; x_wconf 87' lang='lat' dir='ltr'><strong>etiam</strong></span> <span class='ocrx_word' id='word_1_175' title='bbox 494 2726 665 2783; x_wconf 86' lang='lat' dir='ltr'><strong>maternae</strong></span> <span class='ocrx_word' id='word_1_176' title='bbox 697 2714 919 2805; x_wconf 88' lang='lat' dir='ltr'><strong>providaeque</strong></span> <span class='ocrx_word' id='word_1_177' title='bbox 940 2713 1107 2784; x_wconf 83' lang='lat' dir='ltr'><strong>Ecclesiae</strong></span> 
     </span>
     <span class='ocr_line' id='line_1_27' title="bbox 168 2802 1127 2895; baseline 0.002 -23"><span class='ocrx_word' id='word_1_178' title='bbox 168 2802 416 2893; x_wconf 82' lang='lat' dir='ltr'><strong>gubernationi,</strong></span> <span class='ocrx_word' id='word_1_179' title='bbox 442 2826 529 2895; x_wconf 82' lang='lat' dir='ltr'><strong>quae</strong></span> <span class='ocrx_word' id='word_1_180' title='bbox 550 2826 589 2874; x_wconf 86' lang='lat' dir='ltr'><strong>ex</strong></span> <span class='ocrx_word' id='word_1_181' title='bbox 612 2807 770 2895; x_wconf 79' lang='lat' dir='ltr'><strong>Apostolo</strong></span> <span class='ocrx_word' id='word_1_182' title='bbox 793 2816 991 2895; x_wconf 83' lang='lat' dir='ltr'><strong>potestatem</strong></span> <span class='ocrx_word' id='word_1_183' title='bbox 1011 2827 1127 2875; x_wconf 90' lang='lat' dir='ltr'><strong>suam·</strong></span> 
     </span>
     <span class='ocr_line' id='line_1_28' title="bbox 152 2896 1108 2981; baseline 0.001 -16"><span class='ocrx_word' id='word_1_184' title='bbox 152 2916 237 2981; x_wconf 91' lang='lat' dir='ltr'><strong>non</strong></span> <span class='ocrx_word' id='word_1_185' title='bbox 258 2896 293 2964; x_wconf 88' lang='lat' dir='ltr'><strong>iu</strong></span> <span class='ocrx_word' id='word_1_186' title='bbox 313 2897 595 2980; x_wconf 88' lang='lat' dir='ltr'><strong>destructionem,</strong></span> <span class='ocrx_word' id='word_1_187' title='bbox 618 2899 675 2966; x_wconf 91' lang='lat' dir='ltr'><strong>sed</strong></span> <span class='ocrx_word' id='word_1_188' title='bbox 702 2898 736 2966; x_wconf 91' lang='lat' dir='ltr'><strong>in</strong></span> <span class='ocrx_word' id='word_1_189' title='bbox 757 2897 1019 2969; x_wconf 79' lang='lat' dir='ltr'><strong>aedificationem</strong></span> <span class='ocrx_word' id='word_1_190' title='bbox 1040 2899 1108 2967; x_wconf 89' lang='lat' dir='ltr'><strong>ani·</strong></span> 
     </span>
     <span class='ocr_line' id='line_1_29' title="bbox 168 2988 1103 3079; baseline 0.002 -22"><span class='ocrx_word' id='word_1_191' title='bbox 168 3008 300 3058; x_wconf 88' lang='lat' dir='ltr'><strong>marum</strong></span> <span class='ocrx_word' id='word_1_192' title='bbox 320 3011 397 3059; x_wconf 86' lang='lat' dir='ltr'><strong>acce</strong></span> <span class='ocrx_word' id='word_1_193' title='bbox 421 2992 458 3059; x_wconf 92' lang='lat' dir='ltr'><strong>it.</strong></span> <span class='ocrx_word' id='word_1_194' title='bbox 480 2991 616 3061; x_wconf 83' lang='lat' dir='ltr'><strong>Accedit</strong></span> <span class='ocrx_word' id='word_1_195' title='bbox 632 2988 668 3057; x_wconf 87' lang='lat' dir='ltr'><strong>S.</strong></span> <span class='ocrx_word' id='word_1_196' title='bbox 685 2989 723 3059; x_wconf 84' lang='lat' dir='ltr'><strong>C.</strong></span> <span class='ocrx_word' id='word_1_197' title='bbox 737 2988 774 3058; x_wconf 82' lang='lat' dir='ltr'><strong>C.</strong></span> <span class='ocrx_word' id='word_1_198' title='bbox 794 2989 828 3057; x_wconf 91' lang='lat' dir='ltr'><strong>in</strong></span> <span class='ocrx_word' id='word_1_199' title='bbox 846 2991 997 3079; x_wconf 81' lang='lat' dir='ltr'><strong>Aegitan.</strong></span> <span class='ocrx_word' id='word_1_200' title='bbox 1017 2990 1103 3079; x_wconf 87' lang='lat' dir='ltr'><strong>disp.</strong></span> 
     </span>
     <span class='ocr_line' id='line_1_30' title="bbox 168 3013 1107 3172; baseline 0.002 -23"><span class='ocrx_word' id='word_1_201' title='bbox 168 3081 214 3151; x_wconf 79' lang='lat'><strong>19</strong></span> <span class='ocrx_word' id='word_1_202' title='bbox 228 3103 302 3171; x_wconf 88' lang='lat' dir='ltr'><strong>apr.</strong></span> <span class='ocrx_word' id='word_1_203' title='bbox 320 3013 615 3153; x_wconf 52' lang='lat' dir='ltr'><strong>ldllgauetoritas:</strong></span> <span class='ocrx_word' id='word_1_204' title='bbox 629 3084 703 3151; x_wconf 81' lang='lat' dir='ltr'><strong>cdd</strong></span> <span class='ocrx_word' id='word_1_205' title='bbox 723 3081 862 3150; x_wconf 90' lang='lat' dir='ltr'><strong>dubium</strong></span> <span class='ocrx_word' id='word_1_206' title='bbox 877 3081 910 3164; x_wconf 90' lang='lat'><strong>5,</strong></span> <span class='ocrx_word' id='word_1_207' title='bbox 923 3083 1107 3172; x_wconf 82' lang='lat' dir='ltr'><strong>anEpisco·</strong></span> 
     </span>
     <span class='ocr_line' id='line_1_31' title="bbox 169 3174 1105 3265; baseline 0.002 -22"><span class='ocrx_word' id='word_1_208' title='bbox 169 3194 234 3265; x_wconf 91' lang='lat' dir='ltr'><strong>pus</strong></span> <span class='ocrx_word' id='word_1_209' title='bbox 254 3175 448 3264; x_wconf 89' lang='lat' dir='ltr'><strong>dispensare</strong></span> <span class='ocrx_word' id='word_1_210' title='bbox 467 3178 574 3246; x_wconf 88' lang='lat' dir='ltr'><strong>valeat</strong></span> <span class='ocrx_word' id='word_1_211' title='bbox 595 3195 697 3264; x_wconf 89' lang='lat' dir='ltr'><strong>super</strong></span> <span class='ocrx_word' id='word_1_212' title='bbox 716 3174 957 3264; x_wconf 89' lang='lat' dir='ltr'><strong>impedimento</strong></span> <span class='ocrx_word' id='word_1_213' title='bbox 976 3176 1105 3245; x_wconf 87' lang='lat' dir='ltr'><strong>occulto</strong></span> 
     </span>
     <span class='ocr_line' id='line_1_32' title="bbox 168 3266 1105 3357; baseline -0.001 -21"><span class='ocrx_word' id='word_1_214' title='bbox 168 3269 210 3336; x_wconf 90' lang='lat' dir='ltr'><strong>ad</strong></span> <span class='ocrx_word' id='word_1_215' title='bbox 229 3269 479 3339; x_wconf 89' lang='lat' dir='ltr'><strong>matrimonium</strong></span> <span class='ocrx_word' id='word_1_216' title='bbox 502 3269 751 3351; x_wconf 86' lang='lat' dir='ltr'><strong>celebrandum,</strong></span> <span class='ocrx_word' id='word_1_217' title='bbox 775 3266 1105 3357; x_wconf 88' lang='lat' dir='ltr'><strong>quandoobmoram</strong></span> 
     </span>
     <span class='ocr_line' id='line_1_33' title="bbox 168 3360 1106 3452; baseline 0.003 -25"><span class='ocrx_word' id='word_1_218' title='bbox 168 3361 343 3430; x_wconf 91' lang='lat' dir='ltr'><strong>habendae</strong></span> <span class='ocrx_word' id='word_1_219' title='bbox 364 3362 622 3452; x_wconf 89' lang='lat' dir='ltr'><strong>dispensationis</strong></span> <span class='ocrx_word' id='word_1_220' title='bbox 650 3371 788 3450; x_wconf 89' lang='lat' dir='ltr'><strong>propter</strong></span> <span class='ocrx_word' id='word_1_221' title='bbox 807 3360 995 3430; x_wconf 88' lang='lat' dir='ltr'><strong>distantiam</strong></span> <span class='ocrx_word' id='word_1_222' title='bbox 1016 3361 1106 3430; x_wconf 89' lang='lat' dir='ltr'><strong>loco-</strong></span> 
     </span>
     <span class='ocr_line' id='line_1_34' title="bbox 113 3452 1108 3545; baseline 0.001 -24"><span class='ocrx_word' id='word_1_223' title='bbox 113 3496 119 3508; x_wconf 82' lang='lat'>·</span> <span class='ocrx_word' id='word_1_224' title='bbox 167 3474 244 3522; x_wconf 87' lang='lat' dir='ltr'><strong>rum</strong></span> <span class='ocrx_word' id='word_1_225' title='bbox 266 3474 423 3542; x_wconf 84' lang='lat' dir='ltr'><strong>magnum</strong></span> <span class='ocrx_word' id='word_1_226' title='bbox 445 3456 582 3525; x_wconf 89' lang='lat' dir='ltr'><strong>daretur</strong></span> <span class='ocrx_word' id='word_1_227' title='bbox 599 3455 784 3545; x_wconf 88' lang='lat' dir='ltr'><strong>periculum</strong></span> <span class='ocrx_word' id='word_1_228' title='bbox 799 3452 1057 3524; x_wconf 86' lang='lat' dir='ltr'><strong>incontinentiae</strong></span> <span class='ocrx_word' id='word_1_229' title='bbox 1073 3464 1108 3523; x_wconf 90' lang='lat' dir='ltr'><strong>et</strong></span> 
     </span>
     <span class='ocr_line' id='line_1_35' title="bbox 167 3543 1106 3639; baseline -0.002 -23"><span class='ocrx_word' id='word_1_230' title='bbox 167 3543 339 3616; x_wconf 83' lang='lat' dir='ltr'><strong>scandali‘l</strong></span> <span class='ocrx_word' id='word_1_231' title='bbox 357 3560 391 3618; x_wconf 88' lang='lat' dir='ltr'><strong>et</strong></span> <span class='ocrx_word' id='word_1_232' title='bbox 420 3546 442 3617; x_wconf 89' lang='grc'><strong>6</strong></span> <span class='ocrx_word' id='word_1_233' title='bbox 468 3560 580 3618; x_wconf 90' lang='lat' dir='ltr'><strong>utrum</strong></span> <span class='ocrx_word' id='word_1_234' title='bbox 596 3546 717 3638; x_wconf 88' lang='lat' dir='ltr'><strong>possit</strong></span> <span class='ocrx_word' id='word_1_235' title='bbox 736 3549 868 3638; x_wconf 86' lang='lat' dir='ltr'><strong>qnando</strong></span> <span class='ocrx_word' id='word_1_236' title='bbox 890 3548 1106 3639; x_wconf 85' lang='lat' dir='ltr'><strong>impedimen·</strong></span> 
     </span>
    </p>
   </div>
   <div class='ocr_carea' id='block_1_5' title="bbox 0 0 1326 4175">
    <p class='ocr_par' dir='ltr' id='par_1_5' title="bbox 0 0 1326 4175">
     <span class='ocr_line' id='line_1_36' title="bbox 0 0 1326 4175; baseline 0 0"><span class='ocrx_word' id='word_1_237' title='bbox 0 0 1326 4175; x_wconf 95' lang='lat' dir='ltr'><strong> </strong></span> 
     </span>
    </p>
   </div>
  </div>
 </body>
</html>
