2642 4175
267 327 332 384 366
596 338 700 383 carun
718 339 766 382 111.

219 438 439 526 praesentiam
472 448 709 519 autumarent;
741 446 775 507 at
802 436 880 506 licet
914 438 952 506 ad
988 439 1160 508 tollendos

218 530 392 620 scrupulos
416 528 601 599 consultius
619 529 674 612 sit,
700 541 748 612 ut,
775 528 907 617 quoties
926 529 959 597 id
979 530 1051 600 llari
1077 531 1160 600 sine

219 623 428 691 incommodo
445 622 557 710 possit,
565 642 744 691 consensus
763 641 875 691 coram
896 620 1042 692 Parocbo
1058 634 1093 691 et
1104 634 1159 693 te·

218 716 323 784 stibus
350 727 550 798 renovetur,
573 716 613 783 ad
639 711 836 783 Matrimonii
858 727 966 784 tamen
984 716 1154 798 valorem,

219 810 399 877 dummodo
419 828 486 875 non
504 808 547 877 sit
567 808 694 876 nullum
713 807 841 876 ratione
863 807 1155 892 clandestinitatis,

220 901 253 969 id
269 902 361 969 nullo
382 900 480 969 modo
500 912 550 969 est
568 901 814 983 necessarium;
830 901 909 969 satis
929 900 1050 969 idcirco
1070 901 1152 985 erit,

219 995 246 1062 si
265 994 396 1062 sublato
417 994 678 1082 impedimento,
699 1005 835 1083 mutuus
856 1013 1057 1075 consensus,
1080 993 1154 1063 sire

219 1086 347 1169 verbis,
367 1086 435 1155 siue
453 1086 572 1174 signis„
594 1085 661 1155 sive
682 1086 821 1169 affectu,
845 1098 879 1155 et
896 1087 1012 1174 copula
1032 1084 1156 1154 coniu-

220 1179 284 1264 gali
303 1179 431 1247 occulte
450 1190 639 1247 renovetur.
663 1178 709 1247 Ita
730 1179 818 1247 enim
834 1179 897 1246 luit
914 1179 1113 1248 declaratum
1133 1201 1155 1247 a

220 1272 253 1341 S.
277 1269 334 1340 Pio
354 1271 401 1354 V,
424 1284 461 1340 ut
481 1282 617 1340 testatur
649 1271 820 1357 Navarrusf
838 1272 872 1339 in
898 1271 1043 1339 manuali
1074 1291 1153 1359 cap.

218 1362 276 1447 22,
298 1384 332 1432 n.
350 1362 382 1446 7,
406 1375 438 1432 et
458 1363 502 1431 ita
520 1364 619 1433 ctiam
640 1374 748 1432 seruat
766 1362 877 1432 Praxis
897 1361 1016 1432 Sacrae
1032 1363 1158 1434 Poeni-

219 1456 417 1536 teutiariae,
444 1476 529 1545 quae
550 1457 583 1524 in
607 1455 907 1544 dispensationibus
927 1475 1028 1545 super
1045 1455 1158 1544 impe·

220 1548 377 1618 dimensis
402 1548 550 1629 occultis,
569 1569 635 1618 non
656 1550 763 1618 solum
781 1569 848 1616 non
860 1547 1013 1637 iniungit
1032 1568 1155 1616 nouam

219 1640 358 1709 Parocbi
380 1651 413 1708 et
429 1639 560 1708 testium
583 1641 829 1729 praesentiam,
850 1642 908 1709 sed
928 1659 1079 1729 expresse
1098 1660 1159 1709 re-

218 1731 359 1811 scribit,
380 1743 417 1800 ut
445 1733 581 1820 putatiui
614 1732 779 1822 Coniuges
806 1734 893 1802 inter
912 1753 947 1802 se
967 1734 1085 1802 iterum
1103 1754 1158 1800 se-

90 1839 95 1846 ’
216 1833 301 1894 crete
318 1824 514 1893 contrabant
527 1827 572 1893 od
586 1826 740 1896 evitando
754 1827 927 1909 scandolo·
944 1837 1056 1895 contra
1075 1845 1157 1894 uero

219 1919 252 1986 in
275 1916 574 2007 dispensationibus
595 1939 696 2007 super
721 1917 965 2007 impedimentis
986 1917 1154 2007 publicis,

219 2031 351 2101 semper
382 2029 534 2100 expresse
565 2011 690 2098 erigit,
724 2022 760 2080 ut
789 2011 959 2080 infaciem
987 2010 1157 2080 Ecclesiae

219 2105 308 2175 iuxta
319 2104 601 2173 sormamConcilii
612 2104 798 2173 Tridentini
813 2105 933 2174 iterum
943 2104 1156 2173 contrabant.

221 2198 276 2266 Est
293 2209 404 2268 autem
425 2196 588 2265 eiusmodi
609 2197 789 2265 declaratio
816 2196 849 2265 S.
873 2196 921 2265 Pii
940 2197 962 2264 V
982 2209 1016 2265 et
1035 2196 1159 2266 Sacrae
1277 2260 1280 2265 .

219 2290 499 2359 Poeniteutiariae
534 2289 645 2358 Praxis
679 2289 780 2358 menti
801 2290 940 2360 Consilii
970 2288 1160 2358 Tridentini

220 2386 356 2451 omnino
376 2393 608 2452 consentanea.
631 2382 673 2450 Et
686 2402 722 2451 re
740 2382 874 2470 quidem
896 2402 971 2452 vera
985 2402 1023 2450 ex
1039 2381 1158 2450 buius·

221 2475 310 2543 modi
331 2484 442 2543 mente
472 2475 554 2543 illud
577 2476 746 2543 dumtaxat
775 2475 1016 2544 clandestinum
1045 2474 1161 2543 ll'atri·

223 2567 372 2634 monium
393 2566 569 2649 irritatur,
592 2588 630 2635 er
650 2588 734 2656 quo,
760 2566 836 2658 quia
858 2568 991 2656 probari
1009 2587 1077 2636 non
1097 2586 1159 2655 po-

223 2669 319 2741 terat,
331 2658 418 2746 quod
435 2658 552 2727 luisset
564 2672 783 2742 contractum,
795 2660 989 2728 oriebantur
1002 2658 1159 2729 scandala

222 2762 323 2839 atque
343 2751 549 2819 incommoda
583 2763 719 2840 propter
744 2773 829 2842 quae
850 2772 983 2842 semper
1011 2750 1158 2821 Ecclesia

222 2843 430 2912 Matrimonia
462 2843 663 2914 clandestina
694 2845 852 2914 detestata
870 2857 945 2928 est,
978 2855 1078 2935 prout
1095 2863 1159 2911 suo
1215 2922 1221 2933 ς

223 2939 295 3004 loco
326 2937 432 3005 fusius
466 2938 689 3026 exposuimus.
712 2936 861 3007 Proiecto
881 2937 962 3005 illud
990 2936 1161 3006 llatrimo·

224 3028 339 3111 nium,
362 3030 402 3097 dc
423 3050 489 3117 quo
524 3030 653 3119 agimus
685 3050 751 3098 non
784 3041 834 3099 est
854 3029 992 3099 huiusce
1011 3028 1158 3109 indolis;

223 3143 300 3189 cum
320 3122 409 3190 enirn
432 3124 464 3190 in
484 3122 600 3190 faciem
617 3123 783 3191 Ecclesiae
797 3122 940 3212 primum
961 3121 1065 3191 luerit
1081 3140 1161 3190 con·

224 3226 391 3298 tractum,
414 3215 561 3303 quamvis
582 3215 726 3298 nulliter,
748 3215 790 3283 ob
810 3215 1083 3304 impedimentum
1105 3232 1163 3281 oc-

223 3308 376 3390 cultum,
400 3307 464 3375 iam
488 3307 620 3396 probari
639 3320 771 3397 potest,
796 3302 1157 3387 salmonciacum,

226 3399 367 3485 ideoque
387 3419 460 3467 cum
483 3400 689 3469 incommoda
708 3401 776 3483 illa,
792 3421 878 3491 quae
895 3420 1007 3469 secum
1022 3398 1163 3468 trahunt

225 3489 430 3560 Matrimonia
451 3493 665 3571 clandestina,
681 3514 719 3562 ex
737 3495 795 3564 illo
816 3513 1027 3583 nequaquam
1047 3490 1165 3560 orian-
