2642 4175
269 380 334 440 144
604 393 706 441 uarum
721 394 769 439 m.

220 494 391 578 libuerint,
412 493 570 586 operibus
586 488 762 581 occupare.
794 490 841 562 De
871 493 974 564 serris
995 495 1154 566 domesti-

201 590 266 659 -cis
282 603 316 660 et
332 589 449 678 glebae
468 586 605 658 addictis
631 584 717 655 nihil
741 585 960 657 dubitationis
979 601 1041 671 est,
1070 592 1153 680 quin

220 682 444 767 matrimonia,
465 683 561 772 siqua
576 700 652 749 cum
667 679 791 749 eisdem
813 680 981 764 ineantur,
1001 682 1153 770 ignorata

219 776 320 845 etiam
337 776 448 846 servili
476 774 670 846 eorumdem
699 772 914 857 conditione,
934 775 1039 844 valida
1067 776 1158 859 sint;·
1181 812 1185 817 ·

219 881 381 958 quantum
403 868 492 940 enim
511 870 551 938 ad
572 886 749 956 personam
770 865 867 935 liberi
889 880 978 950 suut,
998 881 1031 937 et
1049 870 1153 938 domi·

218 963 271 1030 nis
291 962 439 1032 serviunt
456 975 618 1052 quantum
640 959 681 1028 ad
701 960 875 1029 facultates
894 980 953 1030 seu
975 960 1086 1045 bona,
1120 977 1153 1032 et

219 1056 378 1143 quasdam
397 1055 627 1144 obligationes,
650 1051 773 1142 quibus
789 1051 910 1123 addicti
924 1065 1013 1122 suut.
1034 1055 1150 1144 Neque
1164 1059 1170 1061 Α

219 1149 259 1217 de
290 1148 392 1219 serris
411 1170 537 1238 poenae
554 1147 737 1236 quidquam
767 1145 914 1215 Ecclesia
935 1147 1062 1217 statuit.
1084 1148 1150 1217 lta·

218 1262 283 1330 que
302 1244 344 1313 de
362 1244 440 1311 solis
460 1240 633 1328 mancipiis
650 1239 785 1328 proprie
805 1239 899 1309 dictis
918 1238 1148 1310 disserendum

218 1346 279 1403 est.
302 1335 527 1404 Romanorum
550 1333 623 1401 iure
650 1330 861 1400 matrimonia
891 1353 1062 1402 serrorum
1088 1354 1150 1404 uec

220 1427 415 1496 honorabile
434 1447 556 1496 nomen
577 1425 736 1514 coniugii,
755 1445 816 1493 nec
837 1425 908 1495 iura
931 1426 1146 1511 matrimonii,

218 1539 277 1587 sau
296 1519 368 1588 eius
385 1520 519 1588 effectus
539 1518 649 1588 civiles
671 1518 981 1607 consequebantur,
1004 1520 1061 1588 sed
1079 1541 1149 1588 me·

217 1634 254 1680 ra
274 1613 492 1681 contubernia
513 1612 726 1680 vocabantur.
753 1611 839 1690 Quas
868 1612 959 1699 leges
986 1611 1065 1679 olim
1086 1612 1149 1680 Ec-

216 1704 314 1774 clesia
332 1719 472 1794 sequuta
486 1718 547 1786 est,
564 1705 642 1773 dum
661 1703 815 1790 coniugia
835 1724 1019 1794 servorum,
1042 1705 1147 1775 inscio

216 1799 264 1866 rel
287 1799 386 1868 invito
402 1799 549 1880 domino,
572 1819 633 1886 pro
653 1796 753 1865 nullis
774 1796 912 1881 babuit,
935 1799 1149 1885 quemadmo-

216 1892 295 1958 dum
317 1892 492 1961 didicimus
513 1914 549 1960 er
570 1891 632 1978 Ep.
654 1888 757 1958 92¹8.
774 1889 892 1958 Leonis
912 1890 951 1957 ad
976 1889 1146 1958 Rusticum

195 2040 198 2049 .
217 1983 414 2074 Episcopum
435 1986 682 2054 Narbonensem
701 2003 775 2072 cap.
797 1982 819 2049 d
839 1993 872 2050 ct
890 1981 924 2064 5,
942 1982 1015 2050 'tum
1031 2005 1069 2051 ex
1083 1984 1144 2071 llp.

218 2074 251 2146 S.
275 2076 386 2148 Basilii
405 2079 445 2148 ad
469 2075 735 2167 Amphilochium
757 2098 830 2145 cau.
852 2072 915 2155 lt,
946 2076 979 2144 in
1007 2098 1071 2165 qua
1092 2078 1149 2147 do·

59 2171 61 2176 '
105 2208 109 2213 ·
217 2173 439 2260 cetcoulugia
460 2174 546 2240 inter
571 2191 683 2239 servos
702 2171 774 2239 sine
801 2189 961 2238 consensu
995 2170 1148 2240 domino·

65 2261 72 2270 '
215 2284 289 2332 rum
310 2286 382 2333 esse
401 2264 646 2343 fornicationes,
668 2275 736 2331 lum
753 2263 896 2351 denique
914 2283 952 2331 ex
968 2282 1040 2331 cun.
1061 2264 1148 2333 Con-

215 2355 282 2423 cilii
302 2357 555 2425 Cabilloniensis
574 2356 602 2423 ll
624 2358 728 2424 relato
754 2377 772 2424 a
792 2355 948 2424 Gratiano
976 2376 1066 2424 caus.
1089 2355 1146 2437 29,

215 2470 248 2535 q.
270 2446 305 2528 23
327 2449 360 2516 in
381 2469 448 2536 quo
465 2469 634 2517 servorum
659 2448 813 2535 coniugia
835 2461 903 2516 tum
920 2450 1053 2517 demum
1073 2470 1147 2537 pro·

214 2540 348 2623 bantur,
370 2541 425 2609 obi
447 2562 505 2629 per
525 2543 726 2612 voluntatem
747 2540 957 2609 dominorum
974 2541 1053 2611 inita
1072 2543 1145 2610 lue·

214 2631 294 2700 rint.
322 2636 362 2701 At
382 2633 454 2702 iure
474 2654 556 2701 novo
578 2634 668 2703 Sacri
684 2635 834 2704 Canopos
849 2634 945 2703 aliter
963 2634 1145 2704 constitue·

214 2736 304 2791 runt.
326 2725 408 2794 Nam
434 2727 466 2794 in
497 2748 567 2816 cap.
602 2729 732 2795 Dieron
763 2729 803 2796 dc
836 2727 974 2815 Coniug.
1017 2747 1144 2796 servor.

214 2817 376 2886 sancitum
397 2830 457 2887 est:
478 2844 491 2886 c
511 2819 602 2889 Sicut
620 2822 654 2888 in
674 2821 804 2889 Christo
822 2820 896 2894 lesu
913 2841 1022 2909 neque
1043 2821 1140 2902 liber,

213 2928 323 2998 neque
336 2925 508 2983 serrusest
521 2935 538 2981 a
550 2912 771 2983 sacramentis
784 2915 1012 2995 removendus,
1024 2911 1067 2981 ita
1082 2934 1145 2982 nec

214 3000 301 3071 iuter
315 3025 425 3074 servos
438 3005 647 3074 matrimonia
669 3006 790 3075 debent
812 3007 975 3074 ullatenus
987 3006 1144 3095 probibe-

213 3093 254 3179 ri,
278 3097 349 3167 etsi
370 3100 670 3169 contradicentibus
683 3100 825 3168 dominis
843 3099 995 3168 etinvitis
1008 3112 1141 3168 coutra-

213 3200 262 3259 cta
282 3190 417 3274 fuerint,
439 3193 528 3260 nulla
561 3193 690 3261 ratione
710 3204 787 3262 sunt
819 3205 955 3281 propter
986 3191 1048 3260 boc
1074 3192 1144 3262 dis-

212 3284 376 3354 solvenda.
400 3285 511 3354 Debita
537 3299 648 3356 tamen
669 3298 701 3354 et
729 3298 886 3354 consucta
917 3284 1050 3354 servitia
1072 3306 1140 3354 uon

213 3375 322 3445 minus
346 3379 468 3447 debent
488 3379 631 3469 propriis
651 3378 794 3447 dominis
814 3377 1004 3448 exhibere.»
1027 3377 1068 3445 Et
1091 3378 1143 3446 ln·

212 3469 384 3539 nocentius
403 3471 445 3539 lll
475 3493 548 3562 cap.
577 3475 625 3540 An
646 3490 821 3554 nosraan,
853 3473 929 3540 eod.
962 3472 1139 3539 decernit:
1178 3509 1181 3510 f

216 3585 228 3624 r
251 3561 452 3648 llandamus,
474 3579 637 3655 quatenus
657 3566 684 3635 si
706 3565 902 3649 constiterit,
938 3564 1026 3654 quod
1046 3564 1143 3633 miles
