2642 4175
302 361 369 423 204
638 375 743 423 carun
755 376 805 421 ιιι.

255 486 319 541 lslet
344 485 501 558 quibusdam
529 487 557 540 in
588 486 654 539 loeis
680 486 838 541 haereticum
864 486 1011 542 minhtrum
1033 503 1110 558 agere
1135 501 1195 560 par·

255 575 347 618 sontm
372 564 535 634 magistratus
561 580 631 618 mora
648 564 743 630 ciuilis,
761 579 847 618 caram
876 581 928 635 qno
953 581 981 618 as
997 565 1089 619 cinare
1111 565 1195 627 solent

255 645 380 718 coniuges
396 653 442 702 ant
459 650 535 703 eliam
552 647 649 704 debent
666 649 700 703 ob
716 647 796 703 duem
812 645 968 718 politicum,
985 665 1079 720 nempe
1096 659 1128 705 ut
1142 651 1192 707 ha·

257 725 369 780 beamur
386 725 499 780 civiliter
516 727 617 781 honesti
634 723 760 797 coniuges
783 723 924 797 prolesque
941 737 1095 782 censeantur
1110 723 1195 799 tegru-

256 817 325 857 mae.
344 803 396 857 lam
414 817 476 857 vero
493 799 649 874 urgentibus
666 803 806 857 haereticis
824 813 870 858 eut
888 804 946 873 lege
963 805 1035 857 civili
1052 806 1195 875 impes-ente

256 895 308 934 non
326 881 488 951 improbatur
504 882 574 952 quod
593 897 653 952 pars
670 879 796 934 catholice
819 897 872 934 una
890 898 950 934 cum
967 879 1097 937 hseretlca
1113 899 1142 936 ss
1159 883 1194 935 si·

254 968 316 1025 alst,
335 969 395 1014 ente
413 963 453 1014 vel
472 969 529 1031 post
546 968 708 1013 contractum
727 958 759 1017 od
778 957 887 1012 formem
904 955 1051 1013 Tridentini
1064 962 1195 1015 matrimo-

256 1036 341 1101 nium,
359 1038 436 1091 etism
454 1053 540 1091 coram
561 1038 679 1092 ministro
694 1035 797 1089 bnereai
814 1034 918 1088 addicto
933 1033 967 1088 ad
985 1046 1071 1090 aotnm
1094 1033 1196 1091 civilem

253 1112 390 1166 dumtaxat
408 1113 579 1182 implendum.
599 1111 700 1166 Etenim
718 1111 750 1165 ad
770 1109 880 1165 dubium
900 1111 961 1164 olim
978 1114 1015 1165 sic
1032 1125 1195 1184 expressum,

254 1195 345 1244 unum
374 1191 518 1245 catholicus
540 1205 626 1245 corum
644 1190 751 1259 proprio
777 1189 905 1243 catholico
922 1189 1038 1244 Psmcho
1063 1205 1117 1245 nnn
1139 1205 1196 1246 oum

255 1266 385 1320 haeretica
403 1267 558 1321 contrahens
576 1268 646 1320 licite
665 1269 753 1335 possit,
771 1266 928 1336 urgentibus
945 1266 1091 1335 burensis,
1109 1270 1199 1323 matri·

255 1346 371 1399 monium
389 1344 439 1398 boe
457 1345 584 1398 ratificare
602 1361 689 1398 coram
707 1344 826 1397 ministro
845 1342 987 1409 haeretico,
1005 1346 1028 1398 si
1045 1345 1120 1400 nulla
1138 1343 1198 1400 binc

254 1419 321 1474 ritus
339 1419 460 1474 hoeretici
477 1421 602 1490 professio
629 1417 756 1474 habeatur
773 1428 818 1474 sut
835 1419 996 1490 colligatur,
1016 1430 1042 1474 st
1068 1419 1198 1496 quidquid

254 1497 373 1550 minister
390 1496 534 1551 haereticus
551 1499 579 1551 ln
597 1513 657 1551 casu
676 1498 778 1568 peragit
794 1497 879 1551 cirilla
900 1497 1033 1550 dumtaxat
1050 1506 1076 1550 et
1093 1495 1198 1569 politica

254 1576 393 1644 gratulatio
410 1577 444 1628 ait
468 1585 495 1628 et
522 1584 670 1639 censeatur3
689 1591 735 1645 per
752 1574 780 1629 8.
798 1576 1028 1645 Congreganooen
1045 1587 1199 1645 responsum

254 1652 305 1705 luit
315 1672 327 1698 ε
336 1650 505 1706 Affirmutivc.
520 1650 619 1705 Verum
630 1653 776 1715 enimvero,
786 1651 1200 1721 quotiescumqnenlinisterbte·
1302 1699 1303 1714 ,

255 1727 354 1781 relicus
370 1735 490 1781 censetur
507 1730 590 1782 veluti
608 1729 688 1782 aseris
708 1726 829 1782 addictus
840 1737 867 1781 el
879 1730 952 1799 qnasi
969 1728 1076 1784 Perochi
1090 1741 1197 1785 munere
1302 1727 1303 1750 ¹

254 1804 376 1874 iungens,
387 1822 440 1859 non
451 1807 512 1860 licet
523 1805 667 1860 catholicae
678 1808 745 1877 parti
754 1809 875 1860 unacum
884 1806 1012 1859 haeretice
1022 1809 1199 1862 matrimonia·

256 1883 307 1938 lerll
322 1897 475 1937 consensum
488 1899 574 1937 corum
585 1884 631 1937 tali
644 1884 782 1936 miniatello
795 1891 936 1953 praestare,
945 1898 978 1935 eo
987 1881 1056 1954 qnod
1069 1883 1199 1938 hiesdbl·

255 1961 363 2014 beretur
375 1959 407 2014 ad
420 1957 558 2029 quomdam
571 1961 717 2029 religiosam
736 1961 924 2014 caeremoniam
937 1960 1129 2031 complendam,
1141 1978 1200 2032 pars
1303 1977 1304 2016 3

254 2036 382 2093 catholiea
395 2036 458 2091 ritui
475 2037 605 2092 haeretico
622 2054 649 2090 ae
667 2037 836 2101 consociaret,
854 2036 924 2090 unde
941 2038 1054 2091 oriretur
1070 2039 1199 2110 quaedam

256 2115 382 2185 implicita
395 2114 494 2168 haeresi
512 2115 642 2179 adhaesio,
657 2132 687 2169 ac
704 2113 816 2185 proinde
832 2115 923 2169 illicita
936 2117 1041 2170 omnino
1059 2116 1200 2172 haberetur

255 2210 316 2248 curn
340 2194 476 2247 haereticis
493 2195 521 2247 in
538 2194 634 2247 divinia
653 2192 862 2247 communicatio.
876 2190 1028 2263 iiapropter,
1046 2196 1095 2246 etsi
1112 2197 1201 2265 perni-

255 2270 324 2325 ciosa
335 2270 400 2323 baec
418 2269 578 2325 consuetudo
595 2271 742 2334 inoleverit,
755 2270 791 2322 ita
804 2277 861 2323 uta
876 2269 952 2323 Clero
964 2269 997 2321 de
1014 2269 1091 2323 facile
1104 2271 1171 2324 cerri
1192 2272 1198 2284 '

257 2362 309 2401 nou
333 2349 436 2417 possit,
454 2346 537 2400 nihilo
563 2357 648 2401 tamen
668 2347 752 2401 secius
770 2346 839 2399 omni
857 2343 974 2399 adhibito
992 2344 1077 2399 studio
1096 2362 1127 2400 sc
1147 2288 1200 2401 zeid

242 2422 392 2479 ‘evellenda
409 2422 470 2477 erit.
497 2424 528 2476 lit
553 2440 613 2478 aene
631 2423 788 2478 Benedictus
813 2420 873 2475 xtv
893 2431 982 2492 specle
1000 2421 1076 2476 docet
1093 2436 1147 2478 non
1165 2420 1200 2478 li·

257 2516 317 2555 cera
334 2500 546 2557 contrahentibus
562 2512 590 2554 ta
607 2502 697 2555 sistere
724 2516 811 2555 coram
828 2500 947 2553 ministro
965 2498 1096 2557 haeretlco
1105 2537 1115 2564 ,
1132 2514 1200 2571 qua·

205 2606 209 2616 ·
259 2589 335 2633 tenus
351 2581 452 2634 assistet
468 2586 498 2632 ut
516 2580 634 2633 minister
650 2578 771 2633 addictus
787 2578 876 2643 secris,
895 2587 923 2631 et
940 2576 1124 2631 contrahentes
1140 2590 1200 2648 pec·

259 2671 319 2710 ears
330 2656 474 2710 mortaliter
484 2666 511 2708 et
521 2674 576 2709 esse
588 2655 741 2710 monendos.
754 2653 907 2724 Opportune
914 2652 1054 2724 itequenbs
1062 2664 1087 2708 ta
1098 2655 1199 2709 instru-

257 2733 294 2787 cti
304 2741 329 2786 et
339 2733 488 2786 commoniti
502 2732 609 2786 Perochl
622 2750 652 2786 ac
665 2732 819 2788 missionaril
831 2729 955 2783 edoceant
970 2728 1071 2794 fideles,
1083 2746 1136 2801 qna
1148 2746 1199 2803 pn·

259 2810 335 2863 blicis
346 2810 373 2862 ln
386 2806 507 2863 Ecclesiis
519 2809 707 2872 catechesibus,
720 2827 772 2879 qus
785 2806 895 2878 privetis
908 2806 1122 2861 instructionibus
1132 2810 1201 2862 eires

261 2893 421 2939 constantem
439 2884 570 2940 Ecclesiae
587 2883 732 2940 doctrinam
757 2894 784 2939 et
801 2885 900 2954 praxim
926 2884 961 2936 in
984 2893 1014 2935 ut
1030 2882 1200 2939 salubritera

261 2964 347 3018 tnixtis
364 2965 547 3018 contrahendis
565 2962 675 3035 nuptiis,
693 2964 778 3034 quoad
797 2962 853 3015 lieri
873 2956 964 3032 possit,
982 2966 1144 3027 avertantun3
1161 2961 1200 3016 ain

259 3049 347 3094 autern
364 3041 520 3095 abhorreant
538 3056 642 3111 prorsus
655 3058 670 3094 a
683 3039 839 3093 celebrando
857 3037 1022 3094 matrimonio
1039 3050 1128 3091 eoram
1139 3038 1201 3092 baa·

261 3111 341 3171 retice
360 3119 478 3171 ministro
495 3120 573 3172 sacris
591 3118 718 3179 addicto,
736 3114 762 3168 id
781 3115 850 3185 qnod
869 3108 1017 3167 omnimoda
1035 3113 1161 3170 illicitum
1176 3125 1202 3169 et

262 3198 419 3266 sacrilegum
441 3203 488 3249 est.
513 3195 551 3248 lta
573 3208 726 3265 responsum
750 3193 801 3247 init
822 3191 962 3246 Ordinerio
985 3188 1137 3245 Trerlrenai
1152 3191 1201 3246 auh

262 3271 327 3326 ieris
344 3270 380 3327 tv
399 3270 441 3325 die
459 3274 489 3325 tl
510 3272 609 3341 Aprilis
628 3272 705 3326 soti.
721 3270 811 3324 Sciant
820 3271 927 3341 insuper
938 3267 1048 3321 Parecbi
1060 3269 1082 3320 si
1093 3270 1201 3322 interro·

263 3358 358 3417 gentur
371 3366 385 3401 a
403 3348 614 3402 contrahentibus
625 3348 668 3401 vel
682 3346 704 3399 ai
716 3357 785 3401 certe
798 3346 918 3399 noverint
934 3360 979 3398 soa
995 3343 1112 3398 adituros
1124 3345 1200 3399 mini·

261 3431 346 3476 atrum
363 3423 521 3476 haereticum
538 3423 618 3476 sacris
630 3421 764 3476 addictum
775 3420 808 3474 sd
821 3436 975 3475 eonsensum
988 3416 1202 3474 matrimonialem

263 3498 492 3567 praestandum,ae
502 3501 579 3553 silere
587 3517 639 3554 non
650 3499 785 3570 posse,acd
796 3515 900 3553 monera
910 3497 1013 3552 eoadem
1021 3496 1117 3551 debere
1126 3514 1202 3570 apon-

261 3588 303 3627 soa
315 3575 348 3627 de
359 3578 511 3643 gravissimo
522 3583 628 3647 peccalo
640 3575 711 3647 qnod
724 3585 828 3646 patrant
839 3578 909 3632 etde
921 3575 1040 3629 censuris
1049 3574 1075 3627 in
1088 3590 1154 3644 ques
1165 3572 1202 3627 in-
