2642 4175
305 412 370 470 194
642 415 806 466 norum

265 522 302 591 ri·
316 531 445 591 secreto
462 520 573 603 debet,
586 519 721 609 absque
743 518 812 586 ullo
829 516 1033 587 matrimonii
1054 505 1189 606 mocio·
1266 523 1273 529 '

264 616 365 699 dicio,
378 615 408 684 si
429 614 463 683 id
481 613 576 703 prins
586 622 803 683 commotum
821 610 901 680 tuit.
919 611 967 679 ita
985 605 1080 702 nc.
1100 611 1136 682 C.
1157 608 1189 678 in

262 707 352 778 stru.
372 708 476 778 dubio
495 705 618 796 Bnptis.
641 718 675 798 et
690 705 836 774 Matrim.
858 702 902 772 Ἡ
917 703 993 774 nuti
1008 702 1122 774 tito

676 1012 692 1102 i
710 1010 768 1080 so.

518 1170 563 1224 lte
583 1167 788 1225 Matrimoniio
808 1166 927 1223 mixtis.
1068 1162 1073 1170 ’

232 1427 234 1433 k
259 1396 268 1406 -
302 1348 438 1420 Praeter
455 1350 564 1418 cultus
582 1348 752 1438 propriam
771 1342 1014 1437 disparitatem,
1031 1368 1126 1436 quoe
1140 1348 1192 1418 in-

258 1440 509 1530 ter'baptizatos
529 1454 563 1512 et
582 1462 648 1512 nou
670 1441 855 1531 baptizatos
876 1440 997 1522 existit,
1019 1442 1193 1512 daturin·

259 1534 394 1624 propriu
414 1536 747 1625 subtusadispuritus,
770 1556 858 1625 qaue
879 1546 930 1626 est
948 1533 1122 1605 diversitos
1135 1541 1194 1607 r'e·

257 1627 391 1717 {igionis
410 1627 497 1698 inter
516 1630 698 1699 catholicos
720 1640 753 1699 et
770 1629 986 1698 acatholicos,

260 1757 263 1768 ·
284 1754 286 1760 r
302 1721 510 1804 Matrimonia
524 1744 623 1813 porro
639 1743 726 1812 quoe
742 1722 831 1792 inter
847 1721 1034 1792 haereticos
1048 1733 1082 1793 et
1093 1721 1196 1792 schis-

256 1814 395 1884 maticos
421 1817 679 1900 contrabuntur,
701 1815 800 1886 mixtu
820 1815 1195 1904 vocanturpotimpro-

255 1907 330 1981 buta
349 1908 492 1997 quidem
504 1923 590 1980 sunt
604 1910 742 1980 Concilii
763 1910 929 1998 generalis
944 1908 1195 1979 Chalcedonen-

256 2001 301 2072 sis
321 2002 419 2092 lege,
451 2002 507 2073 SS.
532 2003 667 2075 Petrum
690 2002 913 2084 testimoniis,
939 2001 1115 2071 contrariis
1129 2000 1195 2071 ‘Sa-

258 2116 392 2175 erorum
419 2097 590 2168 Cononum
617 2097 869 2181 sanctionibus,
890 2097 1112 2187 pluribusque
1133 2095 1191 2166 SS.
1294 2172 1298 2181 ,

255 2188 323 2263 PP.v
340 2190 485 2275 litteris,
516 2192 713 2281 praesertim
742 2191 867 2261 Urbani
894 2190 984 2274 vlit,
1009 2189 1191 2261 Clementis

255 2282 309 2366 XI,
331 2284 511 2354 Clementis
533 2285 618 2366 Xlll,
638 2284 806 2356 Benedicti
817 2285 903 2369 -xlv,
923 2282 971 2352 Pii
990 2283 1041 2367 Vl,
1059 2282 1109 2358 Pii
1126 2283 1191 2368 Vll,

256 2375 305 2444 Pii
328 2376 408 2455 vlit,
428 2376 580 2467 Gregorii
598 2378 664 2446 XVI
684 2390 717 2448 et
737 2377 793 2447 Pii.
806 2379 859 2463 lX,
882 2379 983 2467 idque
999 2383 1065 2446 noo
1082 2378 1192 2465 solum

256 2490 306 2539 ex.
330 2469 480 2559 periculo
514 2471 765 2561 perversioris,
804 2473 901 2562 quoct
926 2471 1078 2540 imminet
1113 2492 1193 2541 oon·

258 2561 330 2650 iugi
349 2563 524 2649 catholico,
546 2586 612 2635 non
632 2566 742 2636 sulum
760 2586 919 2655 exipreru
939 2564 1087 2635 filiorum
1100 2565 1193 2635 ‚edu-

255 2654 398 2740 catiooe,
426 2658 605 2728 sedetiam
635 2680 674 2729 en
707 2658 805 2730 vetite
838 2657 1079 2728 catholicorum
1112 2679 1189 2729 cum

190 2832 193 2835 ι
256 2748 434 2821 haereticis
451 2751 616 2841 flagitiosa
639 2752 875 2822 commuuione
895 2752 1053 2822 inrebus
1069 2751 1189 2836 seorim

256 2841 315 2932 qui
337 2843 521 2915 enimcum
547 2845 716 2916 haeretico
736 2845 988 2915 matrimonium
1007 2844 1189 2929 contrabit,

257 2956 360 3005 unum
382 2937 545 3030 idemque
557 2950 803 3010 sacramentum
825 2961 900 3008 cum
930 2938 1002 3028 ipso
1018 2998 1022 3001 ,
1037 2940 1091 3009 vol
1111 2959 1192 3009 con·

184 3094 187 3099 ,
257 3029 338 3110 ficit,
354 3031 381 3101 si
402 3032 635 3103 contrahentes
650 3035 716 3102 sint
736 3033 891 3116 ministri,
912 3033 1001 3121 quod
1019 3042 1191 3122 tamquam

255 3135 395 3209 certum,
410 3137 447 3195 ut
459 3128 613 3216 superius
626 3126 780 3209 diximus,
803 3127 983 3197 tenendum
1007 3132 1097 3196 nuno
1120 3138 1189 3210 est,

256 3219 306 3288 voi
320 3220 436 3289 saltem
451 3220 604 3310 percipit,
614 3221 641 3289 si
654 3220 808 3290 sacerdos
823 3219 975 3290 minister
985 3218 1039 3288 sit:
1057 3218 1191 3309 Qnobt,

256 3323 293 3380 ut
310 3311 366 3383 88.ι
383 3311 445 3380 Pr.
463 3315 556 3383 nullo
573 3334 641 3387 nou
656 3324 806 3403 tompore
819 3312 988 3382 ministros
1000 3333 1119 3382 omues
1131 3313 1194 3383 Ec·

257 3405 376 3475 etesiae
389 3406 476 3477 serio
491 3407 703 3497 graviterque
720 3407 896 3477 hortentur
915 3406 954 3476 ac
973 3414 1196 3491 moneant—ut

257 3497 436 3568 catholicos
450 3501 629 3592 utriusque
644 3520 741 3572 senus
754 3502 795 3572 ab
808 3499 1000 3570 huiusmodi
1012 3499 1195 3590 nuptiistin

258 3592 428 3681 propriam
450 3594 636 3666 animarum
657 3593 1195 3686 perniciamineundis,,quantum
