2642 4175
317 381 361 426 nn
379 380 654 427 nnonnrnrsnrnua
672 380 870 426 nnrnrnronn
944 368 1011 428 429

123 504 181 573 op
201 476 323 551 dilen
343 477 592 569 Theophilneim
613 499 683 549 car
703 477 748 548 19
768 500 835 548 non
855 478 937 551 elios
957 502 1061 573 agno·

123 575 188 649 scit
201 574 385 647 castitatem
402 572 624 680 profitentes,
634 594 736 664 quarn
756 573 949 645 monachos

22 724 23 727 ,
171 667 241 739 lant
264 686 343 737 voro
360 667 413 737 len
444 665 667 759 continentiae
698 666 802 737 sacris
833 666 994 739 ministris
1018 672 1062 740 ab

22 838 23 841 ,
124 758 272 835 Ecclesia
290 754 658 850 impositnacquissima
688 772 739 830 est
769 782 808 830 ac
837 761 1058 848 sanctissima,

22 904 24 953 3
126 857 229 962 qued
233 853 330 925 iaciic
350 854 615 924 demonstratur:
641 855 673 921 l·
691 854 776 924 ratio
796 854 1060 943 depromiturer

125 949 301 1023 sanctitate
318 959 351 1018 et
369 946 492 1036 pietate
507 947 762 1056 mysteriorum,
784 968 871 1039 qnae
891 949 1060 1020 dumtaxat

22 1042 23 1133 j
126 1041 336 1123 aministris,
355 1039 413 1130 qui
446 1039 521 1131 puri
537 1041 622 1124 siut,
645 1062 684 1110 ac
719 1042 833 1111 mundi
858 1030 1059 1115 contrectari

126 1137 260 1207 debent
280 1134 322 1209 4·
339 1132 481 1214 Quin,
454 1157 495 1218 ει,
520 1147 674 1206 monente
694 1135 850 1223 Apostoio
880 1133 995 1216 Panto,
1015 1149 1063 1207 tc

124 1242 249 1301 nentur
267 1229 383 1299 fideles
402 1229 571 1317 coniugati
596 1228 637 1297 ed
671 1239 802 1319 ternpus
838 1228 1007 1300 abstinere
1041 1253 1060 1299 a

126 1324 251 1393 carneti
271 1323 400 1411 copula,
419 1334 456 1390 ut
475 1342 592 1393 vacare
611 1321 739 1411 possint
769 1322 937 1406 orationi,
960 1340 1065 1413 prout.

22 1500 23 1503 Ἴ
125 1417 249 1506 legitur
269 1415 309 1483 11.
330 1416 407 1488 Cor.
429 1415 494 1497 Vll,
514 1415 572 1499 51,
587 1416 703 1506 utique
722 1426 854 1506 oportet
871 1437 983 1486 sacros
1002 1419 1065 1486 mi·

22 1540 23 1551 2
125 1512 258 1591 nistros
278 1508 335 1600 qui
359 1520 520 1600 perpetuo
549 1509 693 1579 orationi
721 1529 838 1580 vacare
872 1509 994 1581 debent
1028 1525 1061 1580 ct

22 1664 24 1701 ὲ
129 1604 341 1677 incruentum
356 1603 555 1682 sacrificium
570 1604 701 1685 offerre,
714 1615 875 1694 perpetuo
891 1603 1065 1675 continen-

22 1714 24 1787 ζ
126 1709 173 1769 tes
194 1718 278 1769 esse.
301 1696 335 1766 Si
359 1696 448 1767 enim
474 1698 661 1768 sacerdotes
689 1699 810 1768 veteris
846 1700 1064 1779 testamenti,

22 1832 24 1837 >
80 1830 81 1836 κ
126 1803 275 1881 ternpore
293 1789 372 1861 vicis
391 1811 471 1860 suae
491 1790 566 1881 (per
586 1791 673 1860 vices
694 1791 782 1859 euim
813 1793 938 1880 templo
955 1793 1064 1862 admi·

125 1884 336 1974 nistrabant)
368 1884 410 1953 ab
430 1885 589 1953 uxoribus
619 1884 689 1953 suis
708 1884 928 1965 abstinebant,
956 1888 1062 1955 mutto

128 1979 233 2068 magis
253 1978 443 2047 secerdotes
462 1976 688 2065 novaelegis,
711 1977 768 2066 qui
789 1997 855 2046 non
876 1998 936 2067 per
963 1978 1064 2060 vices,

127 2075 182 2146 sed
198 2094 332 2162 semper
349 2069 475 2141 altari
466 2070 667 2153 rnscrviunt,
690 2071 786 2140 dccet
813 2069 854 2139 ah
875 2069 966 2140 omui
985 2094 1061 2142 curn
1175 2107 1197 2142 -,

128 2167 286 2238 uxoribus
307 2165 505 2235 commercio
526 2161 763 2234 abstineretd
764 2164 928 2255 petitur
947 2174 1017 2233 tum
1042 2187 1059 2232 a

126 2281 280 2343 nurnero,
298 2270 367 2328 tum
388 2280 405 2328 a
424 2257 653 2347 magnitudine
672 2260 871 2341 officiorum,
898 2278 983 2347 quae
1002 2278 1065 2347 per

127 2375 237 2424 saeros
256 2353 425 2424 ministros
447 2355 746 2442 praenuntiamus
768 2363 875 2421 totum
893 2350 1060 2440 siquidem

127 2448 209 2517 haec
226 2446 333 2516 officie
354 2447 533 2537 requirunt
551 2446 734 2529 hominem,
758 2446 815 2535 qui
833 2443 1064 2515 soecularibus

128 2543 216 2610 curis
229 2540 424 2630 neutiquam
445 2540 661 2623 distrahatur,
680 2541 768 2609 unde
783 2539 959 2629 Apostolus
974 2539 1061 2607 Pau-

126 2636 178 2704 lus
199 2636 382 2704 admonens
396 2634 604 2704 Timotheum
620 2634 650 2702 11
667 2635 762 2724 epist.
779 2655 810 2702 c
824 2633 864 2718 11,
883 2632 1063 2703 244114140-

127 2740 178 2799 ret
197 2729 284 2798 sicut
298 2728 405 2798 bonus
422 2727 542 2799 Christi
557 2729 663 2811 miles,
672 2729 755 2797 haec
767 2728 1010 2797 additvcrhav
1021 2728 1058 2795 4;

130 2846 144 2889 r
160 2823 265 2893 Nemo
282 2823 428 2894 militans
445 2822 511 2890 Deo
527 2821 675 2910 implicat
692 2843 728 2891 se
745 2821 888 2908 negotiis
908 2822 1057 2890 saecuta·

128 2916 234 2985 ribus.
256 2940 271 2982 n
294 2914 329 2983 4
346 2915 427 2997 Quia
448 2936 521 2984 curn
542 2915 693 2984 Christus
719 2914 878 2983 Dominus
898 2936 936 2981 cx
953 2924 1061 2981 matre

22 3089 23 3092 Ἴ
128 3008 332 3119 virginemn,
355 3005 568 3115 docetquar'n
592 3006 749 3090 maxime,
773 3005 1059 3074 utubiisadmi·

127 3106 242 3173 nistris
261 3103 296 3171 in
317 3102 479 3173 sacrificio
515 3102 634 3170 missac
666 3109 900 3183 contrectetur,
925 3100 982 3189 qui
1001 3112 1064 3169 eut

127 3197 272 3285 virgines
291 3207 384 3280 sunt,
407 3207 465 3265 aut
482 3206 641 3285 perpetuo
655 3194 873 3265 continentes
896 3192 993 3262 Hisce
1009 3214 1060 3259 ra·

129 3291 275 3360 tionibus
295 3292 371 3359 addi
391 3300 528 3381 possunt
547 3288 646 3360 ctiam
664 3290 748 3358 aliae
766 3308 851 3378 quae
872 3298 942 3356 tum
961 3308 978 3354 a
998 3284 1054 3354 SS.

129 3382 292 3470 Patribus,
309 3394 378 3453 tum
398 3383 584 3453 aConoiliis
597 3394 823 3452 recensentur.
843 3379 962 3451 Verum
982 3401 1056 3448 curn

131 3476 218 3548 hac
210 3501 245 3546 rn
265 3489 358 3567 parte
386 3477 445 3546 Dei
475 3478 596 3546 veritas
621 3497 681 3566 per
700 3497 735 3545 sc
767 3476 908 3558 clamet,
933 3474 1061 3546 diutius

131 3570 163 3639 in
180 3573 254 3644 aliis
278 3570 495 3662 congerendis
513 3570 698 3640 rationibus
727 3570 968 3640 immorandum
989 3590 1058 3637 non
1147 3639 1152 3666 1
