2642 4175
493 386 654 432 tramenta
672 387 693 432 1.
930 376 1016 435 4⁷⁹

182 479 354 570 Supplices
380 503 496 573 preces
523 505 583 572 pro
614 484 859 575 dispensatione
887 488 1065 558 obtinenda

114 619 117 622 >
137 576 344 666 procuratori
356 577 448 666 regio
486 578 691 666 orrignutnr‚
704 580 773 669 qul,
785 581 903 651 additis
920 581 1066 651 animad-

135 671 366 754 versionibus,
389 672 429 739 ad
450 601 634 741 diuisurum
666 672 812 743 Iustitiae
845 676 1066 747 moderandae

136 765 361 854 praepositum
383 786 438 834 eas
470 764 598 853 dirigit.
617 765 678 835 Hic
702 787 771 837 rem
799 767 839 835 ad
865 769 989 857 Regem
1009 769 1066 838 de·

135 861 211 942 fert,
235 870 269 928 et
287 859 430 927 edictum
451 858 599 943 obtinet,
621 861 709 949 quod
736 862 944 950 procuratori
972 862 1065 949 regio

135 952 290 1035 traditur,
313 952 347 1021 iu
366 952 504 1039 regestis
524 953 666 1036 deinde,
690 954 823 1043 praevio
842 956 995 1035 mandato
1011 955 1066 1023 lu·

135 1045 229 1129 dicis,
252 1045 553 1116 transcribendum.
572 1044 747 1136 Exemplar
761 1048 894 1117 tandem
913 1048 1010 1118 edicti
1025 1049 1065 1116 ad
1164 1049 1167 1055 '
1211 1082 1214 1089 ·

136 1140 320 1211 llinistrum
342 1139 417 1223 loci,
437 1139 494 1208 nbi
514 1139 626 1228 sponsi
647 1153 914 1226 commorantur,
932 1140 1065 1230 expedi·

20 1282 23 1289 .
135 1245 201 1316 tur,
221 1246 344 1303 etcum
364 1233 503 1303 caeteris
526 1234 654 1303 actibus
675 1234 806 1323 publice
831 1234 1018 1325 exponitur.

332 1483 432 1543 Plus
457 1480 630 1540 secutur
652 1513 690 1523 —
712 1482 868 1539 Prnctlcn.

182 1639 215 1709 Si
235 1662 289 1709 res
306 1641 349 1710 ita
372 1641 605 1730 procederent,
625 1652 663 1709 ut
679 1641 928 1711 matrimonium
950 1641 1066 1711 eadam

135 1734 199 1817 die,
224 1745 289 1803 tam
310 1755 420 1803 coram
439 1734 599 1813 Parocho,
621 1756 721 1824 quarn
744 1756 855 1804 coram
873 1736 1068 1805 administro

136 1828 222 1896 civili
242 1829 479 1909 celebraretur,
502 1839 535 1896 ct
554 1829 765 1918 praescriptis
786 1830 893 1917 legis,
925 1840 995 1897 tum
1016 1851 1070 1898 ec·

136 1921 351 2003 clesiasticaa,
374 1933 444 1990 tum
465 1920 567 1989 laicae
587 1921 688 1988 simul
708 1920 902 2003 satisfieret,
921 1923 1068 2008 profecto

136 2017 169 2083 in
189 2016 280 2105 praxi
298 2017 349 2084 vel
374 2015 464 2084 nulla
489 2014 663 2082 difficultas
683 2015 823 2097 adesset,
843 2024 900 2083 aut
920 2014 947 2081 si
966 2016 1069 2083 exori-

136 2121 242 2190 retur,
262 2110 358 2178 lacile
377 2111 571 2177 solveretur.
595 2107 713 2175 Varum
735 2108 864 2176 nonita
886 2128 921 2176 se
940 2128 994 2176 res
1014 2109 1069 2177 ha·

136 2204 204 2272 bet.
223 2203 304 2271 Nam
323 2204 373 2271 lex
391 2202 494 2271 civilis
510 2200 740 2270 nihilomnino
753 2201 892 2270 sollicita
906 2201 1067 2283 estdeiis,

136 2317 223 2385 quae
242 2318 260 2365 a
280 2298 355 2384 lege
376 2295 532 2364 canonica
551 2295 842 2385 praescribuntur,
865 2306 899 2362 et
917 2315 982 2362 non
1000 2316 1071 2363 rno-

134 2390 228 2458 dicae
246 2390 321 2458 inde
338 2391 494 2478 ambages
513 2400 704 2471 occurrunt,
721 2388 802 2477 quin
819 2388 898 2470 imo,
920 2399 957 2456 ut
968 2390 1067 2457 verba

136 2482 425 2564 cl.Carion-Nisas,
444 2504 514 2550 mea
531 2482 668 2551 luciam:
695 2482 938 2572 ruujourd’ltui
956 2482 983 2549 il
991 2491 1071 2571 peut

133 2600 154 2665 p
174 2579 266 2644 avoir
296 2585 422 2644 contrat
440 2576 517 2668 civil
535 2585 565 2644 et
583 2577 643 2645 aul
659 2584 753 2666 pacto
774 2576 949 2666 reliquum,
975 2584 1071 2666 poete

34 2671 36 2675 ”
133 2670 293 2758 relipieuc
309 2678 338 2737 et
356 2670 416 2737 rettl
431 2677 557 2737 contrat
569 2670 658 2738 civil.
681 2667 731 2739 Ora
747 2679 827 2759 peut
841 2670 929 2738 vivre
946 2692 1022 2738 osec
1036 2671 1070 2740 lu

134 2766 236 2831 meme
252 2764 368 2849 femme
384 2768 497 2853 epouse
515 2764 603 2832 solos
622 2764 656 2832 lo
674 2763 730 2845 lui,
753 2772 782 2830 st
795 2765 968 2832 concubiae
980 2765 1071 2856 seluo

135 2975 195 3023 n'en
210 2971 333 3023 conplura
346 2972 420 3040 point
438 2972 502 3038 qu’il
515 2972 554 3023 lul
571 2972 620 3023 soit
631 2971 739 3023 interdit
749 2972 809 3023 d'en
827 2971 950 3025 accurdcr
966 2974 1027 3025 hors
1038 2973 1071 3025 de

136 3066 178 3100 ces
192 3064 246 3099 cas.
256 3048 342 3115 Qu’on
360 3049 397 3100 lcs
411 3048 554 3112 considers,
568 3058 666 3099 contmc
683 3064 720 3099 un
733 3057 788 3099 actc
800 3048 832 3100 dc
846 3050 942 3117 justice
954 3065 987 3099 ou
1000 3049 1071 3101 d'in·

134 3124 276 3192 dulgence,
294 3123 356 3175 elles
373 3132 489 3177 rantreut
506 3123 570 3175 dans
587 3125 722 3176 l'cxcrcicc
734 3123 766 3175 de
781 3142 827 3176 sun
845 3126 954 3193 pouvoir
966 3127 1010 3193 qni
1021 3136 1071 3189 est,

134 3200 238 3269 lorsque
249 3201 273 3252 la
287 3201 320 3253 loi
334 3218 366 3252 uc
379 3201 416 3253 lui
429 3218 464 3253 en
476 3202 566 3252 cnldvo
577 3218 622 3269 pas
636 3202 658 3254 la
672 3201 777 3264 inculte,
794 3201 825 3253 de
837 3206 1002 3269 tcmpdrrrcc
1019 3219 1071 3270 quc

135 3276 159 3328 lc
172 3277 241 3329 droit
261 3278 353 3344 pusitii
362 3279 447 3330 surait
463 3278 495 3329 dc
514 3286 570 3346 trop
591 3279 730 3347 rigottreux
742 3279 806 3331 dans
822 3297 867 3332 son
883 3279 1037 3348 application
1057 3284 1070 3333 a

135 3351 179 3402 dos
192 3354 381 3405 circumstances
394 3352 639 3405 extraordinaircs...
655 3355 727 3407 Ainsi
745 3372 809 3407 nous
826 3372 936 3423 pensons
952 3373 1003 3425 quc
1016 3367 1072 3410 tout

135 3428 287 3495 particulicr
310 3431 378 3497 qui,
402 3428 467 3480 dans
492 3430 536 3480 des
559 3446 601 3481 cas
620 3431 771 3497 imprevns,
788 3440 814 3483 ct
831 3449 896 3499 pour
919 3431 964 3483 des
987 3434 1072 3486 motils

135 3520 237 3571 graues,
255 3508 340 3558 nurait
362 3508 376 3556 d
400 3504 540 3558 domandos
563 3505 607 3557 des
621 3506 752 3575 dispenses
767 3510 945 3563 relativemcnt
966 3528 999 3563 au
1019 3529 1072 3563 ma·

134 3581 216 3650 ringo,
229 3583 348 3651 puurrait
364 3600 390 3635 se
408 3583 532 3651 pourtoir
548 3585 641 3651 anpres
661 3582 697 3636 du
715 3584 776 3660 βοὶ,
787 3601 820 3661 eu
838 3588 934 3640 conscil
951 3587 1042 3641 u'tut.
1057 3612 1069 3636 s
