2642 4175
364 368 409 411 on
427 367 662 413 tumnouruuurs
681 367 881 413 ttaramomr
980 359 1044 415 toa

143 465 303 627 ipsorum
321 463 384 535 tilii
404 464 514 535 forent
542 464 726 539 confratres
745 463 921 560 baptizati,
944 467 993 537 vet
1013 488 1093 541 con·

196 569 290 629 matr.

144 714 149 720 .
201 654 242 723 ht
257 650 443 725 Tridentini
463 649 590 736 Patras,
613 652 701 743 quod
719 672 872 747 expresse
892 653 1089 741 didicerant,

141 744 220 817 late
239 756 373 837 patente
402 745 608 837 cognationis·
638 745 822 839 spiritualis
839 746 1090 838 impedimento,

144 859 253 929 saepe
269 839 482 911 matrimonia
503 839 667 924 contrahi,
683 861 769 932 quae
788 852 847 912 aut
865 842 937 912 sine
957 854 1092 936 peccato

144 953 221 1003 non
241 932 396 1021 stabant,
418 944 477 1003 aut
499 933 572 1005 sine
591 933 773 1007 offensione
804 935 915 1005 dirimi
935 956 1004 1009 non
1020 947 1094 1029 pot·

146 1039 273 1111 erant,
295 1047 376 1097 sano
396 1026 603 1119 providoque
633 1026 773 1100 oonsilio
800 1040 992 1103 statuerunt
1009 1050 1091 1101 sess.

144 1119 246 1212 XXtV
264 1121 304 1193 de
325 1121 388 1191 rei.
409 1120 487 1191 hiat.
506 1142 535 1191 c.
553 1119 586 1190 h.
607 1145 624 1189 r
641 1120 685 1192 Ut
702 1134 931 1200 annotantem
947 1123 1014 1195 sive
1031 1122 1092 1207 vir,

144 1214 220 1284 siro
245 1212 368 1286 mulier
386 1212 473 1289 iuxta
493 1213 552 1286 SS.
584 1213 644 1287 CC.
668 1215 845 1299 instituta,
865 1218 915 1286 rel
941 1216 981 1287 ad
1001 1237 1095 1287 surn-

147 1328 247 1379 mum
265 1328 352 1381 unus
370 1320 406 1378 et
428 1329 491 1381 uua
513 1307 716 1401 baptizatum
737 1310 779 1381 de
800 1308 969 1401 Baptismo
988 1310 1096 1385 susci·

145 1400 257 1491 piant,
277 1401 364 1473 inter
393 1423 488 1491 quos,
519 1413 553 1474 et
575 1402 777 1494 baptizatum
799 1404 915 1497 ipsius,
938 1415 972 1475 et
990 1404 1095 1495 ipsius

145 1507 283 1584 patrem
300 1506 334 1569 et
364 1507 518 1578 matrem,
539 1517 689 1569 necnon
710 1497 798 1569 inter
818 1498 1039 1591 baptizantem
1061 1512 1095 1570 at

145 1588 367 1697 baptizatum,
379 1589 603 1681 baptizatione
619 1603 747 1680 patrem
761 1603 795 1662 et
810 1605 950 1663 matrem
966 1604 1093 1665 tantum

144 1682 335 1775 spiritualis
343 1684 729 1776 mgnatiooontrahatur.
740 1684 1094 1779 Paroohusantequam

144 1775 416 1867 adBaptirmum
430 1778 669 1851 conferendum
686 1780 838 1867 accedat,
858 1780 1036 1871 diiigenter
1053 1779 1094 1851 ah

148 1870 211 1953 iis,
227 1871 267 1940 ad
292 1891 375 1965 quos
395 1871 568 1961 spectabit,
583 1872 783 1955 sciscitetur,
806 1895 920 1965 quem,
942 1873 992 1943 rel
1008 1895 1094 1967 quos

146 1963 330 2054 elegerint,
347 1977 385 2036 ut
398 1965 601 2055 baptizatum
619 1967 660 2037 de
672 1987 770 2036 sacro
789 1967 879 2037 fonte
896 1966 1091 2061 suscipiant3

145 2069 281 2130 etcum
302 2059 353 2132 rel
371 2079 427 2132 eos
444 2070 573 2132 tantum
594 2060 634 2130 ad
655 2060 749 2132 iilum
771 2059 1021 2151 suscipiendum
1035 2061 1093 2132 ad·

146 2151 278 2238 mittat,
300 2165 334 2225 et
353 2151 388 2222 in
408 2153 495 2226 libro
517 2174 634 2226 eorum
667 2151 802 2224 nomina
823 2153 1013 2237 describat3
1035 2153 1094 2224 do·

146 2257 291 2338 ceatque
309 2268 392 2326 eos,
412 2269 512 2339 qnam
534 2247 766 2337 cognationem
787 2246 1031 2331 contraxerint,
1051 2267 1093 2317 nc

146 2339 337 2431 ignorantia
359 2341 426 2412 ulia
448 2341 596 2412 excusari
613 2342 734 2412 valeat.
765 2340 858 2422 Quod
879 2339 906 2412 si
928 2339 986 2411 alii
1005 2341 1092 2412 nitra

146 2434 341 2524 designatos
358 2436 560 2524 baptizatum
578 2434 761 2526 tetigerint,
782 2434 1012 2526 cognationem
1028 2433 1093 2525 spi·

146 2527 308 2600 ritualem
328 2530 422 2600 nulio
442 2541 537 2620 paeto
557 2528 778 2614 contrahant,
799 2528 1092 2602 constitutionibus

148 2620 185 2690 in
216 2623 423 2694 contrarium
458 2623 681 2705 iacientibus,
711 2643 777 2696 nou
805 2623 1024 2698 obstantibus.
1057 2621 1091 2693 Si

147 2709 289 2788 Parochi
310 2716 428 2807 culpa,
447 2717 498 2786 rel
518 2716 722 2808 negligentia
748 2737 843 2788 secus
871 2718 993 2790 iactum
1013 2717 1092 2790 iue-

147 2809 206 2895 rit,
226 2809 367 2880 arbitrio
380 2809 543 2882 ordinarii
563 2811 735 2918 puniatur.
751 2811 798 2880 iia
816 2832 951 2903 quoque
971 2832 1090 2901 cogna-

146 2902 208 2985 tio,
221 2923 309 2994 quae
326 2925 363 2974 ex
380 2903 639 2976 Confirmatrone
658 2903 878 2989 contrahitur,
894 2905 1090 2978 confirman-

147 3007 216 3067 tarn
236 3008 270 3067 et
284 2997 547 3086 confirmatum,
571 2996 729 3090 illiusque
749 3007 887 3090 patrem
895 3011 930 3070 et
949 3009 1086 3069 matrem

147 3101 182 3161 et
199 3101 370 3162 tenemem
390 3111 458 3161 non
476 3091 694 3182 egrediatur,
722 3092 877 3162 omnihus
900 3091 988 3166 inter
1007 3092 1089 3164 aiias

145 3204 308 3276 personas
328 3183 429 3254 huius
447 3185 631 3275 spiritualis
645 3186 852 3275 cognationis
874 3183 1091 3274 impedimen-

146 3276 188 3350 tis
200 3277 346 3350 ornnino
362 3278 515 3354 sublatis.
534 3303 549 3345 a
569 3277 739 3350 Hactenus
756 3276 1087 3359 TridentiniPatres.

184 3372 257 3444 Hae
267 3370 376 3463 posita
390 3372 560 3444 conciliari
573 3369 756 3454 sanctione,
768 3372 865 3462 ptura
880 3369 997 3463 quaeri
1013 3393 1089 3464 pos·

138 3477 233 3556 sunt,
257 3477 292 3539 ct
314 3465 360 3566 1⁰!
371 3466 522 3558 quidun,
538 3488 605 3558 qua
625 3466 659 3537 in
680 3486 717 3538 re
736 3465 822 3538 circa
838 3486 1016 3556 numerum
1035 3488 1089 3557 pa-

137 3561 317 3634 trinorum
337 3558 371 3630 in
392 3559 560 3651 Baptismo
586 3571 620 3631 et
638 3559 923 3641 Confirmatione,
950 3570 984 3631 et
1003 3559 1089 3632 circa
