2642 4175
275 346 318 403 80
622 355 727 402 carue
743 356 765 400 1.

227 459 338 542 nibus,
359 456 562 527 celebratum
583 466 643 535 ost,
664 454 764 523 Cone.
789 454 880 522 Trid.
899 455 1108 544 praescribit,
1131 471 1169 529 ut

228 552 348 621 deinde
378 561 455 619 ante
488 547 809 619 consummationem
842 548 1110 620 denuntiationes
1131 551 1167 619 in

228 645 373 715 Ecclesia
393 644 489 726 liant,
513 642 577 712 nisi
596 640 791 711 Ordinarius
811 640 881 730 ipse
902 642 1056 732 expedire
1078 643 1167 713 iudi·

228 738 361 818 oaverit,
379 750 417 807 ut
436 736 624 827 praedictae
643 735 919 825 proclamationes
937 736 1163 807 remittantur.

229 833 331 902 Casus
350 833 462 920 itaque
481 827 656 899 Ordinatio
677 829 889 917 exponendus
910 842 970 914 est,
986 841 1023 899 ut
1042 830 1168 901 iudicet

231 947 273 993 an
293 923 569 1016 proclamationes
585 922 696 991 adbuc
712 922 786 992 lieri
802 921 957 993 debeant.
974 922 1095 992 Verum
1110 926 1167 993 bo·

229 1020 283 1089 die
302 1017 504 1108 generaliter
523 1017 745 1105 dispensatur,
762 1017 912 1105 adeoque
932 1017 1166 1107 proclamatio-

228 1134 287 1183 nes
307 1113 548 1202 subsequentes
568 1111 677 1178 locum
697 1129 764 1178 uon
787 1109 930 1198 amplius
950 1110 1083 1194 babent,
1104 1133 1167 1181 nec

228 1207 264 1274 in
282 1205 417 1295 Belgio,
440 1217 478 1273 nt
497 1204 623 1294 Zypens
643 1202 668 1270 l.
689 1202 712 1270 d
730 1203 756 1270 1.
780 1202 817 1270 P.
839 1203 878 1272 N.
901 1204 1022 1287 refert,
1051 1225 1114 1273 uec
1131 1205 1166 1273 in

229 1299 432 1376 Germania,
454 1309 491 1366 ut
511 1299 556 1366 ait
574 1295 707 1383 Bangen
736 1297 841 1366 instit.
862 1310 966 1386 pract.
989 1298 1030 1367 de
1049 1318 1162 1387 spons.

229 1393 246 1482 ς
265 1390 323 1477 13,
345 1413 407 1462 nec
427 1391 462 1459 in
481 1389 596 1475 Gallia,
619 1409 729 1478 neque
748 1390 782 1459 in
803 1390 909 1472 ltalia,
929 1403 966 1461 ut
984 1392 1068 1461 lacto
1086 1413 1167 1461 oon·

230 1498 306 1556 siai.

277 1603 292 1646 a
308 1578 402 1661 Quod
419 1576 446 1646 si
461 1576 510 1644 vir
528 1588 560 1646 et
578 1576 699 1645 mulier
715 1576 937 1666 coniungendi
958 1577 1024 1646 sint
1050 1577 1160 1647 divor·

229 1693 342 1742 sarum
358 1670 577 1754 Ilioeeesium,
602 1670 648 1739 ait
677 1670 810 1740 Bossius
842 1671 882 1739 de
915 1671 1056 1740 llatrim.
1088 1692 1164 1762 cap.

229 1764 262 1848 6,
282 1763 374 1855 515,
397 1785 463 1834 non
499 1785 570 1832 esse
598 1785 681 1854 opus
711 1764 955 1853 dispensatione
990 1765 1166 1855 utriusque

229 1858 408 1941 Ordinarii,
429 1858 486 1927 sed
506 1856 718 1927 Ordinarium
734 1858 917 1947 praelatum
935 1857 1072 1927 alterius
1085 1880 1167 1927 con·

230 1952 392 2023 trahentis
410 1972 506 2041 posse
526 1973 601 2020 oum
621 1965 764 2041 utroque
791 1951 825 2018 in
856 1951 1167 2023 denuntiationibus

230 2047 448 2137 dispensare,
469 2045 555 2115 sicut
583 2046 744 2116 alteruter
772 2043 942 2114 Praelatus
970 2043 1166 2118 Ordinarius

230 2153 337 2230 potest
357 2140 505 2228 legitime
525 2140 680 2209 assistere
694 2139 918 2222 matrimonio,
941 2140 1060 2209 docent
1082 2139 1165 2209 San·

229 2235 308 2304 eber
324 2236 382 2303 lib.
399 2232 420 2302 3
436 2235 522 2322 disp.
533 2231 565 2315 7,
585 2232 764 2315 Guttierez,
780 2232 1118 2321 aegidiusssonincb.
1130 2248 1166 2305 et

229 2329 399 2397 Hurtadus
419 2326 462 2396 ob
481 2346 554 2395 eam
575 2326 750 2409 rationem,
774 2326 850 2415 quia
872 2326 933 2396 hac
953 2327 986 2395 in
1021 2348 1058 2395 re
1084 2348 1166 2396 con-

229 2421 411 2503 trahentes,
435 2440 495 2487 seu
513 2419 669 2505 coniuges
689 2433 866 2488 censentur
898 2440 961 2488 uua
996 2442 1161 2511 persona,

231 2525 264 2582 et
283 2513 413 2582 ratione
443 2512 655 2581 connexionis
686 2524 828 2602 uterque
857 2514 992 2582 alterius
1010 2515 1165 2584 Praelato

230 2618 384 2676 censetur
410 2606 589 2687 subiectus,
616 2606 703 2675 sicut
735 2618 889 2676 censetur
919 2607 1098 2689 subiectus,
1125 2623 1166 2677 ut

230 2721 339 2769 coram
365 2698 516 2768 Pr'aelato
551 2700 689 2768 alterins
717 2700 901 2769 contrahat.
939 2701 981 2769 Et
1013 2701 1165 2790 quamvis

229 2792 368 2862 Pontius
388 2792 428 2860 de
448 2792 589 2861 llatrim.
610 2791 631 2861 5
654 2815 726 2883 cap.
761 2792 801 2860 31
827 2816 861 2862 n.
896 2793 1025 2863 ildicat
1055 2815 1090 2863 se
1120 2794 1164 2863 de

231 2886 294 2954 boc
312 2886 476 2969 dubitare,
491 2887 568 2976 quia
590 2908 702 2977 saepe,
726 2887 846 2977 inquit,
865 2899 972 2977 potest
991 2888 1163 2976 continge-

231 3000 280 3062 re,
303 2991 341 3048 ut
359 2980 645 3070 impedimentum,
675 2982 763 3070 qnod
790 2981 824 3048 in
845 3002 909 3049 una
927 2980 1074 3050 Diocaesi
1094 3000 1163 3049 non

231 3086 292 3158 est,
313 3073 356 3143 sit
375 3085 490 3142 uotum
513 3074 547 3142 in
567 3075 643 3157 alia,
667 3086 700 3143 et
719 3075 761 3142 ita
784 3095 822 3142 ex
843 3074 1087 3163 dispensatione
1104 3075 1164 3142 de-

230 3168 476 3237 nuntiationum
507 3167 541 3236 in
571 3189 635 3236 una
657 3167 804 3236 llioecesi
833 3188 900 3236 nou
931 3169 1084 3256 sequitur
1103 3188 1166 3257 per

231 3262 467 3330 connexionem
490 3273 523 3330 et
542 3261 789 3349 colligationem
815 3262 925 3350 aliqua
960 3260 1164 3350 dispensatio

232 3355 265 3422 in
286 3355 361 3423 alia:
383 3356 415 3423 in
431 3377 497 3445 quo
511 3367 561 3424 est
577 3357 672 3423 valde
688 3355 813 3423 diversa
836 3355 920 3424 ratio
940 3355 980 3422 de
1001 3354 1167 3422 Matrimo-

231 3447 288 3515 nio
308 3460 341 3516 et
360 3448 679 3531 denuntiationibus,
702 3469 777 3516 nam
794 3448 826 3515 in
846 3447 1069 3530 matrimonio,
1086 3469 1165 3515 curn

231 3540 275 3608 sit
294 3542 479 3611 necessario
499 3543 666 3611 vinculum
687 3543 844 3624 duorum,
862 3540 1047 3612 necessario
1063 3541 1166 3610 etiam
