2642 4175
365 396 410 441 on
427 395 664 445 mrnumnu'rta
682 396 883 448 mentorem
982 392 1044 452 tat

143 506 273 567 contra
301 505 447 564 mentam
467 494 636 567 Ecclesiae
656 496 797 569 volentis
816 498 976 572 adhibere
995 505 1101 595 patri·

146 611 215 660 nos
233 608 361 679 eoaque
376 605 484 658 veros.

198 682 297 764 Quae
334 692 447 753 auten
484 701 546 772 pro
580 640 748 754 contraria
780 687 946 758 aermnae
978 707 1102 782 propo-

148 788 288 847 nuntur
318 788 516 865 argumenta
549 776 929 852 facilc-submoventur.
955 784 1004 852 Διί
1028 787 1101 876 pri·

63 882 70 891 ’
149 887 250 939 muru
281 871 371 960 quod
391 869 528 954 attinet3
559 871 678 961 utiquc
697 891 736 941 ex
756 872 906 944 adductis
930 877 1101 966 prohelio-

148 964 257 1034 nibus
275 974 390 1054 patet‚
413 964 504 1054 quod
524 965 686 1034 mantano
703 964 782 1037 licet
801 966 936 1056 physice
954 969 1102 1061 baptiza·

151 1072 229 1127 tum
264 1075 333 1127 non
368 1057 551 1147 suscipiat,
588 1070 726 1143 tanart,
764 1060 952 1144 sustinect,
987 1064 1098 1151 levet,

148 1163 295 1242 tangat,
317 1162 429 1221 tamen
452 1151 537 1221 haec
553 1156 705 1246 praestat
719 1155 913 1237 moralimr,
935 1167 1101 1245 quatenus

147 1246 243 1315 alius
255 1245 393 1315 nomine
407 1244 676 1336 ipsiusaumdem
692 1247 833 1338 suscipit
843 1267 882 1317 ac
893 1258 997 1319 tenet.
1007 1249 1100 1332 Quod

149 1340 343 1409 secundum
359 1350 596 1428 argumentum
609 1351 749 1430 spectat,
765 1342 999 1432 respondetur,
1010 1348 1099 1435 quod

153 1432 314 1523 cognatio
330 1432 533 1523 spiritualis,
553 1435 745 1523 cognationi
764 1436 911 1506 naturali
931 1457 1102 1534 compara·

151 1541 213 1598 tur
233 1526 372 1617 quidem
390 1528 499 1614 quoad
518 1527 682 1598 actionem
699 1549 874 1620 personae,
896 1551 983 1620 quae
1002 1532 1043 1602 ad
1059 1555 1099 1603 u-

100 1697 106 1708 ,
152 1635 312 1712 tramqne
326 1623 515 1691 macenaria
524 1621 722 1712 requiritur,
740 1623 840 1713 legali
857 1624 957 1693 etiam
971 1643 1101 1718 compa·

152 1727 262 1799 ratur,
284 1715 394 1805 quoad
411 1715 477 1784 rim
497 1713 678 1785 dirimendi
695 1717 961 1788 matrimonium:
980 1730 1015 1788 ut
1033 1720 1098 1793 lata

151 1809 295 1878 omnino
325 1808 501 1898 disparitas
531 1822 605 1893 cor,
639 1809 669 1879 si
689 1811 730 1880 da
749 1824 967 1901 procuratore
986 1813 1102 1904 loqua-

152 1919 256 1983 mur;
278 1902 467 1971 naturalem
490 1903 617 1994 quippe
644 1905 877 1993 cognationem
897 1925 958 1995 par
977 1927 1099 1996 procu·

153 2005 303 2067 retorem
320 1996 471 2065 contrahi
489 2009 539 2066 est
556 1997 774 2087 impossibile3
795 1999 830 2067 iu
846 1999 947 2087 legali
962 2000 1033 2090 ipra
1048 2002 1100 2073 lex

154 2092 188 2160 id
212 2090 405 2180 specialiter
423 2091 497 2161 fieri
521 2102 633 2161 vetat:
664 2110 759 2162 secus
787 2103 898 2185 autem
920 2105 971 2162 art
989 2094 1023 2162 in
1044 2116 1100 2165 co-

156 2184 316 2274 gratiore
342 2184 532 2275 spirituali,
552 2204 630 2253 cum
650 2185 746 2254 irtam
769 2204 830 2275 per
847 2197 1100 2275 procuratorem

153 2279 310 2348 contrairi
331 2299 350 2347 a
368 2280 547 2348 mundante
563 2294 632 2348 non
651 2278 851 2370 prohibeant
870 2278 1044 2362 canones,
1068 2294 1102 2352 et

155 2374 225 2463 ipsa
253 2373 464 2443 consuetudo
493 2373 657 2464 approbet
676 2384 777 2464 atque
795 2372 984 2444 confirmet.
1006 2373 1100 2455 Quod

153 2466 291 2536 tertium
321 2467 468 2557 denique
502 2478 740 2555 argumentum
775 2466 934 2557 respicit,
956 2480 1100 2558 negatur

153 2561 304 2649 paritas;
340 2560 398 2650 qui
420 2561 524 2644 enirn,
551 2561 730 2632 mandante
747 2558 909 2646 Paroolro,
930 2560 1097 2652 Baptiama

154 2656 295 2738 confert,
315 2652 400 2723 illud
419 2670 487 2723 non
506 2654 616 2724 alieno
635 2656 785 2734 nominc,
798 2656 856 2726 aad
873 2657 1010 2726 nomina
1023 2676 1099 2748 pro·

155 2747 239 2836 prio,
265 2759 301 2818 at
328 2758 366 2818 ut
395 2748 548 2818 minister
565 2748 692 2819 Christi
710 2751 861 2835 confert3
883 2764 999 2823 contra
1019 2767 1097 2823 rato

154 2853 351 2929 procurator
368 2841 528 2912 infantem
540 2863 560 2912 e
571 2862 667 2913 sacro
679 2843 771 2913 loeta
787 2843 984 2934 suscipiens,
1000 2865 1099 2915 cum·

153 2937 227 3005 lem
248 2935 391 3023 suscipit
408 2952 476 3013 non
497 2956 569 3019 suo,
590 2937 648 3006 aed
668 2937 858 3007 mandantis
877 2938 1028 3010 nomiae.

197 3029 321 3112 Quaeri
342 3027 379 3097 8⁰
399 3040 518 3119 potest,
540 3029 616 3120 quis
632 3035 866 3120 cognationem
885 3031 1096 3122 spiritualem

154 3123 340 3207 contrahat,
351 3124 486 3213 quaudo
498 3124 718 3195 communitas
730 3122 857 3215 eliqua,
874 3138 953 3215 puta
969 3124 1098 3208 civitae,

155 3217 365 3306 Collegium,
388 3215 514 3286 Petriui
541 3232 665 3287 munus
685 3234 746 3308 per
765 3229 1019 3308 procuratorem
1041 3239 1098 3288 cx·
1133 3212 1139 3234 ⁸

154 3310 308 3398 pleverit‘l
324 3309 587 3400 Respondemus,
606 3312 696 3401 quod
717 3311 782 3381 hoo
801 3311 836 3380 in
856 3330 934 3381 cusu
954 3326 1028 3380 cum
1044 3330 1099 3382 oo·

153 3405 346 3492 prationem
366 3418 433 3474 nou
453 3404 623 3475 contrahit
640 3405 875 3490 communiter,
890 3416 992 3496 prout
1010 3424 1098 3476 com·

154 3499 325 3582 manitas,
358 3500 408 3567 vel
440 3498 832 3590 universitatemque
863 3516 939 3570 oum
968 3511 1096 3569 tuntum

150 3590 193 3663 sit
212 3608 358 3684 persona
378 3591 452 3662 ficta
474 3603 507 3662 et
526 3593 665 3680 incerta,
687 3594 759 3684 ipsa
780 3605 830 3665 est
850 3594 951 3664 huius
973 3608 1098 3682 cogna-
