2642 4175
280 352 350 410 too
612 362 716 409 carun
733 362 779 406 1v.

230 463 292 534 tim
314 474 365 533 est
381 462 466 551 apud
483 461 690 531 Honoratum
705 459 873 548 l'ournelp
892 459 934 526 de
949 457 1042 526 Saer.
1056 457 1174 542 iteam

233 554 394 647 quidquid
414 553 513 625 etiarn
530 554 574 624 sii
591 554 632 624 de
652 550 872 622 matrimoniis
892 552 979 641 apud
1013 550 1172 620 infideles

233 661 310 720 anta
337 649 558 736 euangelicam
592 647 701 736 legem
730 643 931 728 contractis,
967 643 1175 735 dequibus

233 743 332 813 etiarn
364 741 577 831 disputatur,
600 761 642 809 an
664 739 755 829 gravi
775 739 892 807 saltem
913 737 1053 827 urgenti
1068 757 1175 807 cause

233 834 426 925 potuerint,
463 833 571 925 quoad
602 833 770 902 uinculum
806 831 963 915 dissolvi,
985 832 1028 901 de
1048 851 1114 920 qua
1134 851 1176 900 re

179 1008 182 1014 ¹
234 927 362 998 consuli
395 929 518 1017 poterit
549 925 694 996 Sanohez
728 926 770 993 de
803 924 899 994 llatr.
920 925 944 992 l.
963 922 1174 1015 b‚1proieoto

234 1023 324 1112 quod
354 1018 590 1106 matrimonia,
616 1038 703 1110 quae
723 1028 797 1108 post
816 1017 925 1107 legem
945 1017 1174 1107 evangelicam

117 1111 124 1119 ’
234 1126 401 1185 contracta
417 1114 565 1196 fuerunt,
587 1125 645 1184 aut
662 1109 902 1181 contrahentur
934 1109 968 1179 in
988 1123 1178 1200 posterum,

234 1211 261 1277 si
282 1206 483 1298 excipiamus
504 1204 755 1277 matrimonium
785 1215 1051 1273 consummatum
1084 1204 1175 1273 inter

233 1301 361 1385 fideles,
377 1300 465 1391 quod
487 1300 576 1370 nnlln
597 1317 754 1368 excausa
774 1295 906 1366 dissolri
926 1298 1036 1386 quoad
1058 1296 1177 1366 vinon-

232 1395 304 1463 lnm
324 1403 443 1483 potest,
459 1405 556 1483 prout
570 1392 670 1463 Conc.
686 1390 777 1459 Trid.
797 1412 878 1460 sess.
898 1390 1004 1474 xxiv,
1024 1389 1176 1459 can.5et

235 1486 427 1569 ldehnivlt,
451 1498 484 1556 et
501 1486 614 1555 docuit
631 1483 710 1553 Pius
731 1483 769 1550 tl
784 1484 848 1554 liti.
865 1480 1111 1552 Submitti
1132 1484 1175 1552 ad

232 1581 356 1649 Ducem
374 1578 626 1667 Wnrtemberg.
647 1577 744 1661 datis,
767 1577 978 1647 matrimonia
1007 1576 1178 1647 siverata

233 1673 300 1742 sire
320 1681 547 1741 consummata
564 1670 652 1741 inter
665 1671 829 1754 infideles,
844 1691 907 1740 neo
919 1691 986 1739 non
1004 1669 1179 1755 matrimo-

233 1765 288 1833 nia
308 1764 505 1854 simpliciter
537 1776 606 1835 rata
639 1764 728 1834 inter
755 1764 872 1833 fideles
890 1765 1175 1849 dissolutionem,

234 1858 333 1927 certis
353 1859 387 1927 in
405 1857 548 1943 ensibus,
571 1869 711 1948 possunt
727 1857 914 1928 admittere.

656 2079 767 2176 au-x

280 2240 325 2298 iie
350 2238 552 2297 dissolutione
579 2236 773 2294 matrimonii
791 2236 856 2294 rati
874 2237 907 2294 ot
921 2237 1136 2295 consummati·

574 2331 658 2389 inter
677 2331 833 2388 infideles.

281 2507 526 2579 Matrimonium
548 2509 683 2600 quidem
705 2509 772 2578 siue
792 2520 900 2579 ratum
930 2506 1000 2578 sire
1018 2525 1179 2576 emaum·

236 2611 361 2670 matum
380 2602 467 2671 inter
486 2602 637 2671 infideles
657 2600 790 2672 dissolvi
808 2613 915 2692 potest
947 2617 1008 2689 per
1037 2601 1179 2670 conver·

236 2696 364 2763 sionam
380 2694 479 2763 unius
496 2696 536 2763 ad
554 2696 668 2766 fidem..
683 2696 745 2764 llio
762 2697 863 2778 enim,
885 2695 942 2784 qui
959 2693 1180 2775 convertitur,

235 2786 351 2857 relicto
372 2787 513 2878 coniuge
532 2788 671 2873 infideli,
694 2789 826 2878 poterit
846 2809 930 2857 noro
959 2785 1177 2856 matrimonio

238 2901 313 2949 curn
333 2880 424 2950 fideli
442 2882 603 2971 copulari,
627 2881 653 2950 si
675 2882 804 2966 coniux,
829 2881 886 2971 qui
915 2880 959 2949 in¹
977 2878 1176 2950 infidelitate

235 2975 411 3058 remansit,
430 2987 551 3044 renuat
569 2973 762 3045 cohabitare
781 2995 855 3044 cum
876 2992 1047 3056 converso,
1070 2984 1129 3042 aut
1147 2973 1179 3042 si

236 3066 432 3151 consentiat,
451 3085 518 3137 non
539 3079 650 3154 tamen
669 3069 861 3138 cohabitare
879 3067 958 3136 velit
976 3065 1105 3156 absque
1124 3066 1182 3134 in·
1264 3081 1269 3088 ·

235 3161 321 3231 iuria
341 3161 527 3245 Crantoris,
548 3182 634 3252 quae
654 3162 789 3252 quidem
812 3161 933 3230 iniuria
953 3160 1075 3250 duplex
1103 3177 1181 3229 esse

235 3265 356 3344 potast,
376 3254 500 3325 directa
522 3273 641 3345 nempe
660 3274 784 3324 nomen
804 3266 838 3324 et
856 3254 955 3322 iidem
972 3251 1096 3323 Christi
1115 3254 1175 3321 de·

236 3347 416 3437 spiciendo,
440 3349 580 3437 eiusque
608 3347 730 3417 laudes
753 3359 786 3416 et
817 3346 1178 3416 domesticorum'con-

178 3519 181 3530 Ι
234 3440 419 3509 versionem
441 3438 843 3530 prohibendo,indirecta
862 3439 1051 3509 inducendo
1064 3438 1184 3508 conin-

236 3551 310 3619 gem
333 3533 466 3602 fidelem
488 3535 527 3632 ad
548 3535 688 3606 mortale
717 3545 901 3625 peccatum.
935 3532 1015 3602 Vide
1034 3532 1109 3600 lna.
1130 3530 1179 3599 lll
1309 3551 1310 3616 t
