2642 4175
376 352 421 396 nn
439 352 676 399 mrunmnunrs
694 354 893 404 urnnmouu
988 350 1054 408 31⁷

166 458 296 540 raptore
316 460 482 537 separata,
503 460 536 519 et
552 449 586 519 in
605 450 678 522 loco
701 463 773 527 tuto
796 475 834 524 ac
852 456 958 529 libero
979 464 1105 534 consti-

165 554 232 612 tuta
249 543 346 611 illurn
367 541 529 615 invirum
559 543 683 616 babere
704 553 932 637 consenserit,
951 575 1025 625 eam
1047 580 1102 628 ra-

164 647 237 726 ptor
252 636 287 704 in
306 644 443 705 uxorem
464 637 596 720 habeat3
614 650 646 708 et
660 639 878 714 nihilominus
893 659 1009 736 raptor
1026 650 1097 742 ipse

165 740 197 799 ct
209 750 325 800 omnes
346 728 536 815 consilium,
552 732 724 818 auxilium,
740 747 772 805 et
785 737 928 810 favorem
944 741 993 812 illi
1008 767 1104 834 prae·

164 823 279 893 bentes
300 823 368 893 sint
386 823 458 913 ipso
478 823 551 894 iure
571 829 865 917 excommunicati,
887 845 921 904 et
939 851 1103 927 perpetuo

163 916 319 1000 infames,
343 918 562 1007 omniumque
583 920 781 1009 dignitatum
804 925 1001 1016 incapaces,
1022 944 1055 1003 et
1073 933 1118 1002 si‘

164 1010 274 1080 clerici
293 1009 431 1095 luerint,
450 1012 491 1081 de
512 1014 648 1102 proprio
668 1016 774 1103 gradu
792 1018 957 1090 decidant.
975 1024 1103 1095 Teneass

165 1114 218 1173 tur
238 1116 411 1194 praeterea
432 1115 546 1195 raptor
565 1108 742 1178 mulierem
763 1122 918 1200 raptam,
940 1115 1008 1186 sive
1028 1138 1101 1187 eam

164 1218 299 1277 uxorem
319 1198 473 1281 duxerit,
495 1198 562 1268 sive
581 1221 649 1269 non
670 1201 813 1287 duxerit,
837 1206 995 1277 decenter
1012 1210 1100 1280 arbi·

164 1291 225 1360 trio
255 1290 375 1361 iudicis
408 1294 536 1362 dotare.
561 1317 575 1358 n
598 1294 904 1369 Excommunioatio
932 1314 983 1372 est
1012 1304 1100 1374 latae

164 1386 370 1469 sententiae,
390 1406 457 1455 non
474 1406 551 1455 vero
571 1400 738 1458 reservata
760 1387 836 1460 Sedi
863 1394 1096 1484 Apostolicae:

163 1478 312 1568 reliquae
334 1499 460 1567 poenae
479 1491 558 1548 sunt
577 1480 734 1552 ferendae
751 1487 959 1570 sententiae,
976 1510 1039 1560 nec
1058 1491 1101 1561 iis

163 1573 351 1641 officiuntur
370 1572 427 1662 qui
442 1623 451 1654 ,
469 1584 567 1661 raptu
595 1575 785 1664 completo,
807 1581 1022 1653 matrimonio
1042 1606 1098 1655 oo-

165 1677 356 1756 operantur.
379 1669 428 1735 An
445 1687 573 1755 poenae
591 1666 807 1740 incurrantur
822 1672 864 1742 ob
882 1688 1014 1765 raptum
1032 1679 1100 1748 alio

163 1758 227 1828 line
259 1771 500 1849 perpetratum,
524 1760 666 1852 aliisque
686 1764 944 1855 conditionibus,
967 1771 1102 1861 quaesi-

163 1863 229 1921 tum
247 1853 327 1938 fuit,
348 1863 382 1923 et
400 1854 520 1943 duplex
538 1856 632 1924 adest
650 1857 827 1926 sententia.

578 2084 595 2173 ς
621 2081 682 2153 os.

161 2236 204 2293 lle
221 2237 377 2308 potestate
399 2238 609 2296 constituendi
632 2238 850 2309 tmpeotmonto
874 2240 1104 2301 matrimonium

531 2332 724 2389 dirimentis.

204 2507 372 2578 Hactenus
386 2509 426 2577 de
447 2508 692 2596 impedimentis
711 2509 944 2580 dirimentibus
964 2510 1095 2601 loquuti

160 2621 289 2670 sumus:
313 2602 411 2670 modo
433 2601 573 2688 instituti
595 2603 698 2673 nostri
720 2604 805 2673 ratio
825 2605 980 2694 postulat,
1004 2617 1039 2674 ut
1057 2607 1100 2675 de

159 2704 322 2782 potestate
342 2696 457 2764 eadem
479 2695 700 2766 constituendi
728 2718 916 2769 sermonem
945 2698 1100 2769 institua-

160 2808 248 2857 mus.
267 2789 469 2857 Potestatem
488 2790 709 2858 constituendi
725 2791 962 2879 impedimenta
982 2794 1098 2862 matri-

160 2881 314 2951 monium
328 2881 545 2950 christianum
560 2882 750 2952 dirimentia
771 2883 828 2952 alii
845 2884 923 2954 solis
935 2883 1099 2974 Principi-

157 2973 476 3054 bus,aliiEcolesiae
491 2975 635 3057 soli,·alii
647 2987 716 3043 turn
733 2976 910 3060 Ecclesiae,
923 2989 991 3045 tum
1007 2976 1101 3047 Prin·
1142 3046 1147 3051 .

158 3067 288 3157 cipibus
308 3067 510 3138 tribuerunt.
533 3066 683 3137 Priorem
697 3069 896 3138 sententiam
912 3071 1101 3139 docuerunt

156 3159 1096 3253 Protestantes,quimatrimoniumdumtaxathumanum
1160 3198 1164 3216 ‹

159 3263 192 3322 et
219 3255 349 3331 civilem
368 3265 573 3324 contractum
595 3254 815 3325 arbitrantur.
837 3255 882 3322 Ex
903 3255 1099 3324 hocerrore

157 3347 386 3438 consequitur,
409 3350 593 3418 absolutam
614 3348 761 3437 Regibus
784 3369 856 3419 esse
873 3349 906 3418 in
927 3346 1097 3417 matrimo·
1164 3390 1171 3405 ·

155 3440 213 3510 nio
233 3452 444 3531 potestatem,
464 3442 734 3532 quandoquidem
757 3443 894 3513 humani
916 3441 1098 3532 civilesque

157 3546 346 3605 contractus
366 3536 588 3606 saecularium
601 3535 794 3627 Principum
808 3537 938 3628 legibus
957 3535 992 3605 in
1014 3556 1098 3604 una-
