2642 4175
470 378 514 423 nn
531 379 743 426 senuerimus
985 369 1027 427 75

135 493 240 543 nense
254 472 293 540 lll
313 473 583 547 denuntiationes
596 479 807 550 matrimonio
820 479 951 569 praeire
967 480 1076 550 omni·

134 587 178 636 no
200 566 309 650 iussit,
326 567 467 658 eiusque
481 571 651 641 decretum
673 574 816 644 refertur
837 573 872 643 in
892 595 965 663 cap.
981 574 1073 643 final.

132 661 175 730 de
205 660 374 730 Clandest.
395 662 604 753 Desponsat,
627 666 721 736 cuius
744 667 826 737 haec
849 667 947 738 uerba
975 680 1073 737 sunt:

136 751 356 842 «specialem
377 759 588 845 quorundam
618 760 767 829 locorum
800 760 1075 830 consuetudinem

137 846 264 915 adalia
287 851 474 935 generatim
497 853 707 941 prorogando
726 853 922 940 statuimus,
945 865 982 922 ut
999 874 1076 922 cum

135 940 349 1009 matrimonia
372 943 497 1013 inerint
527 946 777 1030 contrahenda,
800 947 834 1015 in
854 946 1000 1016 Ecclesia
1017 967 1078 1036 per

134 1032 352 1124 Presbyteros
371 1050 600 1127 proponantur
612 1039 812 1128 competenti
828 1040 969 1109 termino
985 1059 1078 1128 prae·

134 1126 242 1211 finito,
253 1126 385 1207 utintra
397 1130 480 1200 iliud
496 1131 554 1221 qui
564 1132 729 1203 valuerint
740 1145 774 1205 et
786 1132 962 1211 voluerint,
970 1131 1079 1220 legiti-

134 1242 227 1288 mum
251 1220 526 1309 impedimentum
547 1238 722 1316 exponant.
742 1250 757 1293 ι
778 1227 825 1295 Ex
845 1248 909 1316 qua
929 1223 1078 1314 generali

133 1316 207 1403 iege
218 1316 436 1405 consequitur
450 1340 548 1388 unam
562 1321 677 1390 saitem
691 1319 976 1391 denuntiationem
989 1318 1023 1386 in
1037 1317 1078 1387 iis

134 1428 273 1496 quoqne
286 1411 453 1497 parochiis
465 1413 818 1509 requiri,ubiconcilii
831 1411 1079 1483 Tridentiuide·

63 1586 67 1592 θ
133 1513 262 1570 cretum
272 1502 476 1590 publicatum
490 1526 556 1575 non
571 1508 832 1578 estilominicns
846 1505 924 1576 Solo
936 1517 1078 1577 testatur

133 1595 221 1664 hanc
241 1594 449 1685 disciplinam
468 1599 592 1689 ubique
611 1621 670 1669 sua
691 1613 797 1672 aetate
818 1612 984 1690 receptam
1009 1620 1076 1670 non

134 1688 250 1771 inisse,
271 1692 467 1777 praesertim
488 1714 565 1763 vero
583 1694 616 1762 in
635 1694 817 1783 Hispania,
840 1714 877 1764 ea
898 1693 1078 1783 praecipue

134 1782 285 1865 ratione,
304 1784 382 1873 qnia
404 1806 464 1875 per
482 1788 770 1875 proclamationes,
794 1788 916 1878 quibus
936 1786 1077 1877 impedi·

134 1887 247 1944 menta
268 1878 376 1947 caveri
409 1893 594 1963 curantur,
617 1882 786 1951 obstacula
813 1881 924 1971 potius
954 1879 1079 1950 obiice·

135 1981 272 2052 rentur,
294 1990 341 2042 ne
357 1972 568 2043 matrimonia
595 1975 822 2045 celebrentur.
842 1974 963 2044 l'erurn
983 1973 1076 2043 Trid.

135 2062 213 2155 Syn.
247 2084 331 2133 sess.
351 2064 445 2134 xxiv
476 2067 518 2137 de
543 2068 615 2138 Rei.
650 2069 747 2137 Matr.
777 2090 849 2158 cap.
872 2067 891 2134 l
915 2066 1074 2152 sancivit,

137 2182 151 2223 ι
171 2157 263 2226 utin
284 2171 453 2248 posterum
475 2174 655 2251 antequam
677 2160 925 2230 matrimonium
946 2172 1078 2230 contra·

134 2251 254 2334 hatur,
284 2263 369 2321 tera
392 2255 528 2343 proprio
548 2254 814 2324 contrahentium
836 2252 996 2336 Paconio,
1019 2255 1079 2322 tri·

136 2345 197 2412 bus
230 2345 397 2415 continuis
430 2348 549 2418 diebus
573 2347 721 2429 festivis,
747 2348 781 2416 in
814 2346 958 2416 Ecclesia
991 2348 1078 2417 inter

135 2437 306 2507 Missurum
323 2440 484 2510 solemnia
502 2441 632 2532 publice
645 2441 872 2525 denuntietur,
889 2440 976 2510 inter
993 2463 1078 2531 quos

135 2531 388 2602 matrimonium
415 2534 458 2604 sit
476 2535 751 2605 contrahendum.
770 2559 784 2602 ι
811 2536 892 2605 Cum
922 2534 998 2604 linis
1018 2536 1076 2606 de·

134 2625 382 2696 nuntiationem
402 2627 469 2710 sit,
502 2639 537 2698 nt
566 2629 803 2719 impedimenta
836 2629 962 2699 occulta
983 2630 1076 2698 dete·

134 2730 268 2804 gantur,
290 2732 323 2789 et
340 2721 481 2790 invalida
499 2723 730 2807 matrimonia,
751 2723 923 2813 multaque
942 2733 1074 2811 peccata

135 2813 562 2900 praepediantur,·uunium
577 2837 644 2886 non
660 2828 721 2901 est,
732 2817 814 2907 quin
830 2816 945 2886 fideles
959 2836 1076 2887 omnes

135 2904 176 2973 ad
204 2906 443 2996 impedimenta
480 2910 685 2998 detegenda,
714 2911 741 2979 si
778 2931 918 2999 quorum
952 2909 1074 2978 conscii

134 2998 228 3079 sint,
262 3001 340 3069 licet
370 3001 569 3072 iudicialiter
601 3005 686 3073 forte
713 3004 855 3094 probaro
879 3014 1071 3091 nequeant,

20 3172 25 3183 ‚
134 3091 398 3182 obstringuntur.
421 3095 523 3166 Cuius
548 3098 682 3187 quidem
715 3096 814 3166 officii
835 3096 978 3185 populus
996 3117 1073 3183 gra·

133 3185 216 3255 riter
230 3189 461 3258 admonendus
479 3201 539 3273 est,
564 3215 578 3258 ι
602 3211 645 3260 ne
664 3190 813 3280 alioquin
834 3209 870 3258 ex
891 3188 1022 3258 silentio
1040 3200 1074 3257 et

133 3280 355 3359 occultatione
368 3302 445 3352 reus
459 3284 618 3355 reddatur
628 3284 778 3353 omnium
794 3283 969 3363 malorum,
986 3300 1073 3369 quae

134 3396 172 3444 ex
188 3374 405 3445 matrimonio
423 3398 499 3446 cum
520 3378 783 3468 impedimento,
805 3372 1001 3466 praesertim
1022 3375 1072 3444 di·

134 3470 296 3551 rimente,
313 3481 482 3541 contracto
499 3483 575 3541 nota
596 3483 675 3540 sunt
692 3470 796 3555 oriri,
822 3492 836 3535 ι
859 3481 896 3538 ut
912 3478 1001 3536 recta
1020 3467 1072 3536 in·

135 3564 205 3652 quit
225 3563 294 3634 Van
311 3563 434 3653 Espen.
454 3564 524 3634 lur.
540 3564 627 3635 Ecci.
648 3564 737 3633 univ.
758 3586 791 3654 p.
808 3561 842 3647 i,
863 3574 889 3631 t.
909 3579 965 3643 ιιι,
988 3579 1018 3626 c.
1033 3560 1071 3627 3.
