2642 4175
331 355 376 399 ιιι
393 353 671 411 ιιιοιιιιιιιιιιιιι
688 350 886 398 ιιιιιιιιιοιιιι
965 339 1032 396 407.

146 471 218 543 cop.
239 450 377 534 Quauro
395 452 437 523 de
456 451 537 532 dir,
550 470 589 520 ex
609 471 677 540 quo
697 450 779 520 illud
800 449 970 520 evidenter
989 450 1080 520 erui·

147 558 213 628 tur,
235 546 326 636 quod
343 547 388 615 ad
402 545 653 616 dissolutionem
687 542 842 614 recensiti
875 543 1079 614 matrimonii

147 639 370 724 salicosam
389 658 494 711 uuum
515 640 698 709 alterumve
730 658 768 709 ιι
801 635 853 707 his
886 637 1080 727 singillatim

149 744 316 805 occurrat.

191 825 374 897 Dissolutio
392 836 503 896 autern
531 800 723 895 huiusmodi
752 823 955 893 matrimonii
975 823 1009 892 iu
1028 822 1081 891 hi·

104 973 116 985 ,
149 940 201 991 ιιι
215 918 476 989 circumstantiis
488 919 681 990 conceditur
701 939 739 988 ιι
758 916 919 1024 singulari
934 938 973 985 ac
985 937 1081 1006 pror·

148 1034 204 1084 sus
218 1013 324 1083 unico
331 1013 504 1103 privilegio
518 1034 535 1083 a
550 1010 682 1085 Christo
697 1011 798 1080 lesu
790 1032 822 1080 ιι
843 1011 989 1080 favorem
1004 1009 1081 1079 fidei

147 1121 181 1178 ιι
197 1107 385 1177 christanae
405 1106 602 1196 religionis,
628 1124 728 1195 quem
761 1104 872 1174 innuit
903 1101 936 1172 S
959 1101 1082 1172 Paulus

147 1200 222 1269 lad
243 1200 321 1270 Cor
342 1221 371 1271 c.
393 1200 460 1284 Vll,
483 1199 539 1285 l5,
562 1199 712 1289 alioquin
736 1198 825 1267 enim
850 1197 907 1266 rlle
926 1216 995 1287 qur
1001 1215 1083 1268 eon
1195 1220 1199 1229 ·

146 1314 261 1364 versus
280 1306 355 1377 est,
390 1305 567 1382 cogeretur
586 1292 711 1382 absque
735 1312 794 1361 sua
820 1291 916 1382 culpa
951 1309 1082 1359 servare

147 1386 398 1471 continentiam,
416 1399 449 1456 et
470 1385 565 1455 multi
586 1385 644 1476 qui
665 1386 836 1456 continere
851 1405 918 1455 nou
934 1393 1082 1473 possunt,

148 1481 433 1570 aoomplectenda
463 1480 534 1553 lide
560 1479 825 1549 retraherentur.
861 1479 976 1567 Neque
1004 1474 1084 1544 huic

149 1573 359 1644 dissolutioni
380 1573 562 1664 quidquam
584 1573 716 1643 obstant
729 1573 828 1642 verba
845 1573 932 1641 alias
950 1570 1082 1640 laudata

150 1665 273 1735 Christi
293 1667 423 1739 Domini
448 1692 461 1734 r
486 1667 575 1758 quod
594 1666 681 1736 Deus
700 1666 870 1737 coniunxit
896 1665 995 1736 homo
1016 1684 1083 1733 nou

110 1809 118 1815 -
148 1773 290 1850 separet.
314 1784 328 1827 ι
353 1758 524 1868 Siquidem
542 1759 716 1830 dissolutio
734 1761 817 1830 hacc
835 1776 902 1830 non
922 1760 1082 1840 humana,
1189 1797 1196 1805 ,

150 1853 207 1922 sed
228 1853 339 1924 divina
358 1854 554 1941 auctoritate
568 1852 761 1922 conceditur
777 1863 810 1922 et
825 1853 959 1942 quidem
973 1853 1083 1921 locum

149 1942 186 2015 ιι
206 1947 318 2031 hahet,
334 1959 510 2038 postquam
526 1967 602 2035 pars
616 1945 761 2017 infidelis
776 1946 880 2014 laetae
895 1945 1086 2050 interpella·

150 2039 230 2109 tioni
245 2041 390 2127 formali,
414 2062 455 2111 an
469 2038 683 2111 christianam
699 2037 896 2128 religionem
918 2034 1083 2127 amplecti,
1100 2091 1105 2099 .

150 2144 206 2202 aut
226 2135 421 2206 cohabitare
442 2137 558 2205 saltem
574 2133 655 2202 velit
674 2153 747 2201 oum
769 2131 859 2201 fideli
880 2132 951 2200 sine
972 2140 1089 2200 contu·

155 2227 250 2297 melia
276 2227 455 2314 creatoris,
479 2224 867 2333 negutlreresponderit.
882 2223 1092 2294 Haecinter«

152 2321 314 2407 pallatio
306 2333 350 2390 ιιι
378 2332 429 2392 ιιι
455 2319 652 2404 necessaria,
675 2331 713 2390 ut
731 2320 771 2401 si,
794 2319 918 2409 absque
935 2314 1086 2406 superio·

150 2413 195 2481 ris
212 2414 425 2486 ecclesiastici
446 2415 621 2504 permissu,
642 2413 733 2482 nulla
758 2413 984 2483 intercedente
1003 2407 1086 2497 legi·

151 2506 227 2575 tima
257 2528 369 2590 causa,
392 2508 588 2586 omittatur,
607 2507 701 2576 nullo
721 2523 860 2597 prorsus
878 2515 972 2596 pacto
992 2504 1086 2593 prius

152 2601 401 2671 matrimonium
417 2601 627 2684 dissolvatur,
641 2601 723 2672 adeo
737 2613 774 2670 ut
793 2599 943 2671 infidelis
950 2618 1086 2684 eonver-

150 2713 205 2762 sus
222 2694 309 2765 liher
326 2695 461 2764 omniuo
479 2716 546 2766 nou
565 2696 611 2770 sit
596 2695 670 2770 tad
691 2716 827 2765 uxorem
848 2695 945 2764 aliam
962 2694 1086 2762 dueen-

151 2787 237 2863 dam.
256 2787 337 2857 Vide
353 2809 546 2879 responsum
568 2786 601 2856 S
624 2788 659 2859 G
679 2789 719 2857 de
735 2788 949 2878 Propagauda
963 2785 985 2853 5
999 2787 1085 2873 hug.

151 2876 254 2964 1806,
278 2893 313 2953 ιι
330 2878 352 2950 5
366 2882 462 2951 hlart.
477 2878 581 2950 1816.
602 2880 719 2956 Plures
737 2901 838 2969 porro
857 2889 936 2948 sunt
953 2896 1084 2959 causae,

151 2994 236 3061 quae
260 2974 457 3065 impediunt,
474 2992 655 3064 quominus
667 2972 890 3063 ruterpellatro
903 2972 1013 3040 locum
1028 2970 1087 3036 ha·

150 3066 236 3136 ιιιι.
253 3067 331 3137 Non
338 3088 422 3137 raro
430 3088 575 3157 namque
589 3065 763 3155 contingit,
776 3077 812 3136 ut
824 3064 942 3135 coniux
957 3060 1085 3132 moneri

150 3172 306 3267 nequeat,
327 3162 378 3231 rel
394 3160 471 3251 quia
492 3161 659 3238 interdum
675 3161 714 3229 ad
729 3159 867 3229 hostiles
882 3170 915 3228 et
929 3157 1086 3243 barbaras

152 3253 347 3339 provincias,
370 3254 427 3323 uhi
446 3253 549 3344 degit,
565 3275 611 3329 ιιι
634 3253 761 3324 nuntiis
781 3252 916 3344 quidem
936 3269 1086 3320 accessus

151 3358 275 3432 pateat,
293 3349 343 3416 vel
365 3347 443 3437 quia
464 3348 648 3455 ignoratur·
659 3347 693 3417 ln
713 3367 796 3455 quas
814 3345 968 3436 regiones
987 3341 1088 3415 luerit

152 3449 373 3524 transvectus,
370 3441 434 3509 ιιι
455 3440 531 3531 quia
549 3442 617 3531 ipsa
639 3441 769 3512 itineris
787 3439 973 3549 longitudo,
989 3436 1095 3507 maxi·

150 3550 237 3601 mam
260 3533 489 3605 difficultatem
508 3535 722 3624 praeseferat,
738 3534 788 3603 vel
802 3535 879 3624 quia
900 3534 1084 3625 periculum
