2642 4175
290 353 356 411 426
623 363 727 413 cuPtJ't’
741 364 787 410 lv.

243 463 402 539 ducendis
420 461 754 535 dabarotalrstinere.
771 460 860 535 llaec
880 471 989 533 tamon
1009 461 1176 535 serrendo

241 579 309 637 uon
329 557 408 631 satis
433 578 545 635 seeum
566 556 746 627 cohaerere
771 556 913 627 videtur.
948 555 1079 629 Etenim
1099 576 1175 627 cum

241 652 394 727 admittat
417 650 492 720 iure
510 649 621 723 diviua
640 649 834 740 neutiquam
866 649 1026 738 adstringi
1063 670 1176 719 sacros

243 744 425 828 ministros,
442 756 479 814 ut
494 744 682 817 abstineant
695 745 737 812 ab
751 764 814 817 usu
827 764 979 827 uxorum,
996 763 1085 832 quae
1098 754 1175 817 auto

241 838 486 911 ordinationem
514 839 632 909 ductae
651 851 741 921 suut,
758 836 1004 907 incohaerentio
1023 837 1176 909 redditur

241 933 429 1013 manifesto.
448 930 578 1001 Etenim
599 929 847 1003 matrimonium
862 952 920 1019 per
938 951 973 999 se
988 951 1027 998 ac
1045 931 1175 1015 ratione

240 1039 441 1107 contractus,
459 1026 516 1115 qui
530 1026 636 1097 bonus
650 1035 712 1106 est
728 1024 915 1105 laudabilis,
927 1045 965 1093 ac
984 1044 1175 1096 sacramen·

235 1121 331 1201 talis,
356 1121 549 1209 neutiquam
571 1117 768 1209 prohibetur
787 1118 936 1201 clericis,
967 1119 1023 1189 sed
1043 1118 1175 1189 ratione

239 1235 321 1285 usus
338 1227 372 1284 et
390 1214 535 1289 carnalis
553 1213 705 1302 copulae,
727 1233 812 1303 quae
832 1212 921 1281 viros
939 1212 1044 1283 sacris
1072 1211 1176 1286 mini·

237 1308 348 1389 sterile
366 1308 513 1387 addictos
539 1307 700 1390 dedecet,
722 1305 931 1395 proindeque
949 1305 978 1374 si
997 1306 1068 1377 iure
1089 1305 1175 1379 divi·

238 1422 282 1470 no
302 1401 388 1475 socri
408 1400 551 1471 ministri
584 1411 741 1471 arcentur
759 1399 801 1469 ab
832 1399 980 1479 joeuudo
1000 1399 1176 1471 matrimo-

237 1495 293 1566 nio
314 1507 389 1585 post
406 1492 664 1577 ordinationem,
684 1494 800 1567 eudem
820 1492 895 1567 iure
914 1492 1027 1563 divino
1045 1493 1087 1561 ab
1108 1514 1172 1563 usu

212 1664 216 1675 ¹
239 1588 444 1659 matrimonii
460 1600 557 1661 antea
570 1600 740 1657 contracto
757 1586 863 1656 arceri
877 1586 1010 1657 debent.
1031 1587 1105 1659 Non
1119 1588 1175 1661 de·

237 1692 316 1751 suot
334 1680 392 1772 qui
410 1682 452 1750 ab
466 1681 631 1771 Apostolis
646 1701 858 1771 promanasse
872 1680 1015 1770 primum
1031 1679 1117 1751 hanc
1130 1682 1175 1752 le,-

235 1796 310 1863 gem
338 1787 485 1857 tuentur,
507 1787 542 1845 et
557 1775 747 1847 innituntur
767 1786 837 1849 tum
858 1774 1056 1846 testimoniis
1076 1772 1172 1848 Pauli

237 1868 278 1939 ad
292 1867 402 1939 'litum
417 1869 441 1951 l,
458 1865 492 1952 83
509 1868 535 1938 l.
550 1871 590 1939 ad
605 1869 752 1940 Timoth.
768 1868 817 1947 lt,
832 1866 889 1950 l&
906 1866 941 1950 V,
958 1866 1015 1950 22,
1029 1880 1061 1938 et
1072 1867 1117 1935 ll.
1128 1869 1172 1937 ad

239 1962 387 2033 Timoth.
404 1962 445 2045 ll,
460 1962 495 2046 cl,
511 1974 580 2033 tum
594 1964 680 2032 iacto
694 1961 765 2051 ipso
778 1962 1023 2051 Apostolorum,
1037 1961 1093 2050 qui
1110 1973 1171 2031 aut

236 2055 381 2146 uirgines
397 2057 502 2137 luere,
528 2069 586 2128 aut
613 2055 832 2126 continentes.
865 2053 986 2124 Verum
1015 2057 1055 2124 ad
1074 2054 1171 2124 testi-

238 2152 349 2221 monia
371 2153 459 2242 quod
480 2152 608 2233 attinet,
622 2150 703 2220 illud
721 2148 1004 2239 notamus,primo
1017 2170 1055 2219 ea
1068 2148 1171 2218 nimis

237 2245 392 2334 probaro,
412 2244 577 2335 siquidem
603 2266 640 2313 er
663 2244 715 2313 lais
732 2244 946 2333 colligeretur
975 2263 1042 2311 non
1069 2243 1170 2313 modo

237 2339 450 2428 apostolicam
471 2360 555 2423 esse,
589 2340 646 2409 aed
675 2359 752 2408 rere
778 2337 922 2405 divinam
944 2336 1030 2406 hauc
1059 2337 1168 2425 legem

236 2431 478 2513 continentiae,
498 2454 598 2522 quam
617 2432 778 2501 deberent
795 2430 857 2500 sub
878 2450 983 2520 poena
1011 2441 1169 2500 aeternae
1265 2447 1269 2454 ·

236 2526 459 2596 damnationis
478 2525 615 2595 omniuo
641 2525 832 2607 custodire,
855 2524 943 2613 quod
975 2535 1087 2592 tameo
1103 2523 1170 2591 lal-

235 2638 310 2687 sum
330 2630 392 2687 est.
414 2618 589 2700 Praeterea
616 2631 771 2689 notamus
790 2616 1042 2699 continentiam,
1065 2638 1167 2707 qaam

238 2711 413 2800 Apostolus
447 2713 679 2795 commendat,
716 2734 787 2796 nora¹
818 2732 892 2781 csse
927 2710 1167 2780 continentiam

156 2845 159 2850 -
237 2804 279 2874 ab
299 2806 470 2890 moribus,
491 2817 550 2876 aut
567 2806 727 2876 ducendis
758 2817 817 2875 aut
846 2803 976 2887 ductis,
997 2805 1060 2874 scd
1094 2825 1168 2874 asse

239 2898 539 2971 coutinentiamab
558 2900 648 2970 omni
670 2900 783 2969 illicita
809 2900 987 2989 voluptate3
1021 2909 1058 2970 ut
1076 2898 1168 2967 euim

239 2992 287 3062 ait
299 2991 332 3062 S.
355 2993 537 3086 chrysost„
561 2993 678 3063 «llaec
695 3006 746 3063 est
763 3014 841 3068 aera
860 2991 1061 3062 contuenda
1081 2991 1168 3061 nulli

236 3086 316 3158 uitio
335 3087 467 3157 subiici.
493 3111 511 3168 r¹
530 3090 639 3178 Atque
657 3087 690 3156 in
709 3088 773 3156 hoc
791 3106 890 3156 seusu
909 3084 944 3154 S.
965 3083 1083 3154 Petrus
1110 3106 1166 3174 ep.

237 3180 323 3266 l,=c.
341 3179 369 3266 l,
390 3202 421 3250 r.
443 3181 578 3252 diubet
597 3201 714 3251 omnes
743 3181 858 3249 fideles
888 3177 1113 3254 continentiae
1130 3199 1167 3247 o·

235 3294 349 3363 peram
368 3275 459 3360 dare,
480 3296 548 3346 non
564 3285 729 3365 queteous
747 3273 824 3344 uelit
845 3293 961 3342 omues
981 3272 1022 3341 ab
1053 3271 1166 3341 uxori-

232 3368 299 3438 vhus
318 3368 498 3454 abstinere,
520 3370 576 3439 sed
598 3368 642 3438 ab
667 3367 791 3438 illicitis
821 3365 996 3436 desideriis
1021 3379 1056 3435 et
1073 3366 1167 3436 rolu-

237 3461 395 3549 ptotilrus,
409 3464 533 3533 liudem
550 3463 649 3531 modo
663 3463 781 3552 exponi
795 3459 1166 3551 potestoastitasquam

234 3552 328 3625 dirus
348 3553 472 3628 Paulus
492 3556 666 3627 Timotheo
695 3556 929 3639 coronendat·;
950 3553 986 3623 in
1014 3553 1167 3643 legitimo
