2642 4175
327 359 371 404 nn
388 358 664 409 enormenanmua
681 360 880 409 naumann
959 352 1026 412 tot

138 450 300 527 Susanna
318 456 364 526 16
384 458 452 528 iau.
472 456 577 543 1715,
595 470 629 530 11
646 459 840 550 dispensant
855 460 930 532 eius
944 483 1076 534 succes·

136 568 245 632 amas,
268 550 350 642 quin
370 562 481 622 tamen
499 553 702 636 dissolvant,
725 553 813 644 quod
831 555 935 644 probe
959 568 1075 627 notan·
1172 598 1176 603 ·

137 641 218 711 dnm
237 658 301 729 eat,
323 645 572 718 matrimonium
589 657 855 717 consummatum
874 647 1072 720 infidelium.

137 733 420 827 Interpellationis
437 760 582 832 namque
601 739 755 811 remissio
774 750 824 812 ast
839 761 915 812 vera
927 741 1012 814 iuria
1024 744 1075 814 di·

137 829 219 914 vini,
242 853 302 903 seu
320 832 484 924 privilegii
504 833 696 919 declaratio,
712 854 778 925 qua
798 834 1027 907 manifestatur
1039 837 1074 907 in

138 923 338 1012 quibusdam
357 927 639 1012 circumstantiis,
660 928 898 1017 obligationem
914 928 1075 1000 'desinere

137 1015 224 1088 iuria
237 1019 426 1090 diviniNec
439 1040 517 1091 vero
528 1021 821 1111 exdispensatione
834 1021 896 1091 hac
907 1021 1076 1111 colligitur

137 1110 319 1185 dissolvere
334 1111 527 1186 Pontificem
543 1115 792 1187 matrimonium
808 1128 1074 1187 consummatum

137 1202 337 1277 infidelium.
374 1207 504 1278 Etenim
524 1230 628 1299 quum
647 1207 797 1281 Pontifex
827 1208 932 1300 possit
950 1207 1003 1277 ius
1021 1209 1074 1279 di·

136 1297 251 1368 vinum
271 1300 484 1391 interpretari
502 1353 511 1385 ,
543 1322 687 1392 cumque
712 1323 750 1372 eu
770 1301 880 1372 divino
901 1300 1073 1392 privilegio

24 1432 25 1435 =
118 1390 337 1468 ‚dissolvatur
358 1394 608 1466 matrimonium
640 1396 674 1464 in
699 1394 844 1466 levorem
876 1395 975 1479 iidei,
997 1416 1073 1465 cum

137 1482 288 1581 infidelis!
302 1508 369 1558 non
387 1489 459 1559 uult
477 1488 670 1559 cohabitare
688 1509 764 1559 cum
785 1487 899 1572 fideli,
927 1488 1076 1579 prolecto

136 1591 229 1667 patet
248 1582 419 1652 declarare
451 1579 644 1653 Pontificem
665 1603 761 1673 posse
775 1603 852 1654 eum
872 1602 985 1653 casum
1007 1582 1075 1651 exi·

136 1684 237 1754 stare,
251 1673 285 1745 iu
309 1674 506 1766 quibusdam
528 1696 642 1747 rerum
662 1675 837 1760 adiunctis,
859 1674 980 1767 inquo
1000 1676 1075 1766 quis

23 1776 25 1791 ¹
135 1786 315 1839 conversus
338 1769 378 1839 ad
397 1768 521 1853 iidem,
551 1790 618 1840 uon
637 1769 800 1860 requisito
824 1790 887 1841 neo
904 1781 1076 1859 expectato

136 1857 283 1932 infidelia
315 1881 499 1946 consensu,
531 1875 632 1952 queat
658 1863 709 1932 uti
743 1862 852 1932 divina
884 1861 1073 1933 concessio·

23 1984 24 1987 ¹
136 1972 204 2038 na,
252 1966 286 2025 et
319 1956 359 2025 ad
393 1955 556 2026 secundae
595 1954 729 2044 nuptias
760 1953 867 2024 libem
903 1955 1071 2039 transire,

137 2067 224 2136 quae
238 2048 386 2140 quidem,
403 2049 533 2120 etiamsi
551 2060 665 2140 postea
686 2046 881 2133 innotuerit,
898 2044 1075 2138 coniugem

137 2139 308 2213 infidelem
327 2164 422 2214 auam
449 2142 654 2213 voluntatem
687 2141 774 2212 iuste
799 2139 997 2230 impeditum
1018 2140 1077 2210 de·

137 2234 267 2305 clarere
285 2256 354 2307 non
372 2236 533 2327 potuisse,
551 2248 586 2308 et
612 2236 653 2306 ad
674 2233 789 2318 fidem,
808 2234 908 2304 etiam
925 2245 1077 2324 tempore

137 2329 298 2400 contracti
331 2329 468 2400 secundi
501 2327 707 2400 matrimonii
738 2346 934 2399 muraneum
953 2326 1073 2412 laissa,

24 2457 25 2460 ¹
137 2422 283 2494 rescindi
301 2444 484 2514 numquam
506 2423 651 2507 debent,
673 2421 730 2492 sed
758 2410 884 2492 ualidae
903 2431 938 2491 et
958 2419 1076 2490 llrmae

137 2527 227 2586 sunt.
248 2516 343 2587 Goni.
363 2515 446 2587 Bau.
465 2516 535 2585 xlv
553 2515 594 2587 de
613 2514 693 2609 Syn.
715 2513 826 2586 llioec.
848 2515 872 2584 l.
889 2510 947 2600 13,
968 2534 999 2583 c.
1015 2512 1073 2599 11,

137 2608 295 2681 etConst.
310 2611 505 2681 Arosuourcr
523 2628 714 2693 nrnrsannrr,
732 2607 830 2679 7111.
841 2608 950 2681 octob.
967 2605 1072 2677 1717.

24 2761 25 2768 ,
138 2701 228 2783 Quae
241 2724 319 2773 cunt
332 2704 378 2774 ita
391 2704 639 2789 sint,nonnulla
654 2702 865 2774 hicnotanda
876 2701 1073 2774 suutlest:

139 2793 172 2864 Si
190 2794 347 2881 infidelis,
369 2817 525 2887 processu
540 2795 710 2886 temporis,
733 2795 865 2865 deficiat
883 2795 1070 2885 promissis,

138 2890 353 2961 etroluntate
369 2892 554 2972 immutata,
567 2909 633 2959 non
650 2889 835 2958 solumnon
850 2897 1074 2968 eonvertatur,

137 2983 194 3053 sed
215 2994 321 3054 tentet
339 2983 496 3069 fidelem,
517 2996 575 3054 aut
592 2981 740 3052 discedat
759 2980 801 3050 ob
821 2979 950 3070 aliquas
969 2979 1074 3050 ratio·

136 3095 210 3160 nes,
227 3088 262 3147 11
279 3077 320 3146 ad
341 3077 423 3147 alias
444 3086 591 3148 transeat
609 3072 756 3167 nuptias,
773 3073 903 3143 nullutn
920 3072 1073 3153 dubium,

139 3169 229 3260 quin·
241 3190 318 3260 pars
336 3170 493 3241 derelicta
514 3168 622 3240 fidelia
641 3180 676 3238 et
694 3166 764 3258 ipsa
788 3165 879 3236 aliud
900 3166 1074 3236 matrimo-

25 3247 26 3318 ἕ
138 3262 231 3333 nium
249 3262 335 3334 inire
355 3264 475 3356 possit,
496 3262 677 3334 dummodo
704 3259 838 3350 coniugi
858 3259 989 3329 nullum
1021 3259 1074 3329 iu·

25 3399 27 3446 ,
138 3367 224 3426 stum
246 3376 285 3426 ac
303 3357 534 3430 rationabilem
561 3354 751 3426 discedendi
783 3351 955 3437 motivum,
970 3372 1021 3422 ex.
1037 3372 1070 3441 g.

25 3459 26 3462 ’
139 3470 200 3540 per
215 3452 431 3534 adulterium,
450 3450 592 3522 dederit.
615 3447 651 3520 S.
673 3446 713 3518 Ο.
730 3446 806 3518 [lec.
826 3445 843 3515 1
863 3447 949 3537 Aug.
968 3443 1073 3531 1759,

139 3560 174 3619 et
196 3543 242 3616 ud
260 3545 355 3638 Sept.
376 3542 482 3616 1818.
504 3542 541 3614 2⁰
562 3554 632 3627 est,
654 3542 763 3613 fidelis
779 3540 857 3612 licet
875 3541 1077 3612 adulterium
