2642 4175
357 389 403 433 nn
420 389 657 435 ruennnrnurxs
675 390 872 438 nsrnxrronn
968 381 1033 441 343

145 486 227 577 Syn.
251 485 395 555 dioeces.
417 486 442 553 l.
466 482 498 568 7,
518 507 547 555 e.
571 483 604 567 8,
621 507 656 555 n.
680 483 718 569 7;
740 488 917 560 Zachariae
939 491 1019 563 diss.
1041 495 1082 564 de

143 575 259 667 Episc.
271 578 306 648 in
320 580 820 669 dispenssuperimpedimento
834 585 978 654 matrim.
989 598 1083 677 pote·

149 683 248 755 state,
266 672 440 742 Fauentiae
453 669 559 755 17893
575 684 608 742 et
621 674 749 742 litteras
761 687 829 743 tom
841 677 890 745 Pii
905 677 943 746 vt
958 680 997 748 ad
1013 679 1083 749 ilie·

145 775 274 846 ctorem
296 766 524 835 Trevirensem
545 764 566 832 7
585 766 670 835 febr.
691 764 794 849 true,
814 772 905 838 etad
924 772 1080 863 Archiep.

144 859 280 937 Goion„
298 870 333 929 et
349 858 458 947 Epise.
476 860 650 929 Monaster.
671 857 716 928 70
730 860 797 929 ian.
820 859 924 945 1787,
943 876 1012 934 tum
1033 866 1082 934 Pii

144 950 214 1035 vlt,
238 952 279 1019 ad
298 952 477 1041 Episcopus
496 952 681 1021 Galliarum·
697 950 740 1019 27
759 953 846 1022 febr.
860 953 953 1025 1809
974 958 1079 1027 datas.

146 1044 364 1133 Relinquitur
375 1045 500 1136 itaque,
513 1058 551 1114 ut
562 1045 716 1135 Episcopi
731 1066 768 1115 ex
781 1046 852 1116 solo
863 1047 1085 1141 luduitodpo·

106 1172 109 1175 ⁴
144 1137 277 1221 stolico‚
299 1139 388 1227 qood
402 1139 571 1219 Romanus
585 1138 735 1206 Pontifex
748 1157 787 1206 ex
807 1141 893 1209 insta
912 1162 1010 1212 causa
1026 1165 1084 1233 pe·

112 1233 115 1239 '
145 1229 296 1299 tentibus
325 1252 415 1300 nunc
441 1229 571 1320 magis,
600 1250 691 1299 nunc
719 1232 830 1302 minus
856 1234 1003 1323 amplum
1023 1257 1083 1325 pro

145 1333 337 1411 temporum
359 1335 391 1393 et
410 1325 560 1394 locorum
589 1323 746 1392 uarietate
779 1325 942 1414 impertiri
975 1329 1080 1413 solet,

146 1426 206 1485 aut
225 1437 262 1485 ex
285 1416 419 1486 indubia
438 1431 472 1487 et
489 1418 670 1487 inveterata
690 1420 930 1504 consuetudine
943 1419 1084 1491 faculta-

145 1519 215 1577 tem
236 1529 338 1598 super
358 1531 424 1579 uno
446 1521 503 1580 eut
521 1510 675 1600 pluribus
691 1510 938 1599 impedimentis
956 1516 1085 1604 dispen-

144 1601 242 1670 sandi
263 1615 522 1692 consequantur.
538 1603 707 1672 indultum
722 1616 834 1673 autem
853 1605 1080 1695 Apostolicum

146 1705 278 1763 tantum
310 1697 431 1765 tribuit
468 1698 638 1786 potestatis
667 1707 828 1785 quantum
847 1700 1027 1788 exprimit,
1050 1712 1084 1769 et

145 1787 1085 1883 exspiratlapsutemporispraefiniti.Episcopusdispen·

145 1899 226 1949 sans
241 1881 272 1950 vi
291 1880 422 1965 induiti,
447 1883 514 1951 sive
530 1903 591 1971 pro
610 1883 683 1950 foro
700 1893 826 1950 tantum
848 1886 1081 1969 eonscientiae,

146 1972 217 2042 sive
239 1994 299 2062 pro
320 1976 391 2043 foro
412 1986 559 2058 externo,
582 1975 682 2043 debet
700 1975 898 2055 necessario,
918 1988 951 2047 et
970 1980 1010 2047 ad
1031 2000 1084 2048 va·
1144 1987 1146 1991 ‘

146 2066 255 2136 iorem
276 2066 531 2157 dispensationis
554 2068 686 2137 easdem
717 2066 812 2156 sequi
829 2069 974 2156 regulas,
998 2092 1083 2161 quae

145 2180 188 2227 ex
206 2161 292 2251 stylo
314 2161 433 2231 Curiae
460 2179 618 2230 romanae
639 2160 862 2229 observandae
891 2173 991 2245 sunt,
1026 2163 1083 2231 ubi

145 2251 179 2320 S.
199 2252 352 2322 Pontifex
368 2254 439 2344 ipse
458 2257 493 2322 in
511 2256 626 2323 eodem
645 2251 887 2340 impedimento
902 2253 1100 2342 dispensat‚'

144 2356 183 2415 ut
198 2345 247 2415 ait
262 2345 295 2414 S.
307 2345 566 2418 Poenitentiaria
578 2346 593 2413 i
606 2344 689 2414 iunii
701 2343 804 2414 1858.
817 2344 985 2439 lndoitnm
1005 2348 1083 2437 Epi·

144 2438 254 2527 scopis
267 2440 365 2509 datur
378 2442 418 2509 ad
433 2439 771 2529 quinquennium,vel
784 2440 825 2507 ed
837 2439 1082 2529 beneplacitum

146 2529 181 2600 S.
204 2531 312 2601 Sedis.
334 2533 467 2622 Duplex<
489 2534 544 2603 hic
570 2534 682 2621 agitur
698 2532 868 2622 quaestio:
892 2530 929 2599 i⁰
949 2545 1016 2619 est,
1040 2556 1083 2603 an

145 2625 319 2713 apostolici
336 2626 456 2696 indulti
476 2627 505 2694 vi
527 2626 635 2716 possit
647 2626 831 2715 Episcopus
851 2625 1043 2716 dispensare
1064 2649 1081 2697 a

145 2716 330 2800 communi,
352 2739 424 2803 seu,
446 2730 484 2788 ut
503 2720 615 2800 aiunt,
638 2720 851 2803 correlative,
874 2741 940 2809 quo
959 2733 1083 2811 nuptu-

27 2858 32 2875 .
144 2811 272 2880 riantes
289 2811 479 2881 detinentur
496 2809 759 2902 impedimento,
782 2813 838 2879 ubi
860 2815 1083 2883 eorum-aiter

144 2903 297 2973 eiusdem
318 2904 539 2974 iurisdictioui
559 2906 789 2974 tantummodo
803 2903 1016 2974 subiiciatur‘i
1034 2905 1084 2972 Li·

146 3009 200 3067 cet
221 2997 327 3065 muita
344 2997 378 3066 in
398 3012 580 3086 utramque
598 3009 726 3085 partem
747 2996 833 3066 dicta
853 2996 942 3080 sint,
970 2997 1082 3067 nullus

145 3101 270 3158 tamen
297 3090 361 3159 bac
379 3092 420 3161 de
446 3112 483 3161 re
515 3089 688 3159 dubitandi
718 3090 811 3157 locus
839 3110 1014 3178 superesse
1034 3091 1082 3158 vi-

146 3183 263 3265 detur,
287 3196 361 3271 post
391 3195 585 3273 sequentem
609 3183 641 3252 S.
661 3181 942 3251 Poenitentiariae
973 3182 1082 3250 decla·

143 3275 312 3362 rationem
333 3275 398 3345 diei
415 3276 439 3344 lt
456 3290 541 3365 sept·
552 3273 671 3349 1839:
692 3299 707 3342 a
726 3273 872 3356 Quilibet
887 3272 1082 3343 Ordinarius

144 3369 278 3456 agendo
299 3389 375 3438 eum
389 3370 544 3439 facultate
562 3391 629 3439 non
648 3367 831 3451 ordinarie,
845 3368 902 3437 sed
918 3365 983 3436 aS.
998 3365 1082 3438 Sede

145 3461 323 3551 absolute,
349 3462 568 3553 simpliciter,
595 3475 629 3533 et
647 3461 773 3551 absque
794 3462 860 3530 ulla
893 3461 1081 3531 conditione
1132 3481 1135 3487 ’

146 3554 315 3643 delegata,
333 3554 555 3646 dispensando
579 3577 656 3627 curn
681 3555 750 3625 suis
780 3554 1000 3642 dioecesanis,
1021 3575 1081 3644 po-
