2642 4175
288 318 352 378 rut
622 333 728 382 oarnr
745 335 792 381 nn.

217 529 219 535 Α
237 433 335 518 ouili,
349 434 431 526 quia
442 446 525 508 tuno
542 434 734 506 verificatur
752 433 901 515 Petram,
917 435 999 505 dum
1020 430 1179 526 coniuga-

238 538 293 596 tus
310 541 417 613 emet,
432 543 466 603 et
481 529 732 600 matrimonium
751 527 954 619 pmmlsisee‚
973 541 1009 598 et
1026 547 1103 599 oum
1122 545 1174 614 ea,

237 620 294 690 eui
313 620 395 693 illud
416 623 590 716 promittit,
617 622 820 694 adulterium
846 633 1065 714 perpetrasse,
1085 626 1177 714 quod

235 713 444 789 dnmumte
464 716 522 788 ss.
543 715 734 788 demotum
753 715 950 807 requiritur.
966 716 1048 786 alite
1061 728 1174 788 tamen

237 811 405 882 contraria
423 814 532 903 plaoet
549 807 727 895 septenum
749 823 787 882 ut
802 810 1017 894 adulterium,
1039 829 1079 880 ao
1095 829 1176 901 pro-

237 903 353 973 missio
373 904 408 976 in
429 906 545 978 eodem
567 903 781 976 matrimonio
800 917 1013 988 ooorurrent,
1035 898 1174 975 solidio-

237 995 332 1067 ribus
357 1000 491 1090 qnidam
512 997 699 1071 rationibus
724 1011 928 1089 exposcunt,
952 998 1030 1087 qniu
1057 1017 1132 1089 rap.
1152 998 1170 1067 l

235 1102 273 1161 et
290 1091 350 1161 fin.
372 1091 415 1165 de
430 1115 471 1164 eo
490 1094 549 1186 qai
568 1094 661 1164 duxit
679 1092 714 1162 in
741 1093 832 1177 ilat,
854 1094 934 1163 sutis
952 1092 1044 1161 olere
1060 1091 1176 1184 requi-

236 1203 314 1256 rere
331 1186 497 1273 videntur,
518 1199 557 1258 nt
572 1187 774 1258 adulterium
793 1199 829 1258 et
847 1186 951 1257 luturi
968 1185 1174 1256 nomenonii

237 1279 521 1367 promissiosimul
532 1281 596 1351 sul)
608 1282 725 1352 eodem
737 1280 951 1351 muttimonio
963 1289 1177 1362 uouourraut,

234 1373 317 1461 quia
330 1375 431 1445 etiem
442 1374 499 1446 SS.
510 1375 660 1446 Canones
674 1375 838 1466 impedire
850 1375 1027 1444 voluerunt
1037 1394 1081 1443 ne
1093 1372 1175 1466 quid

236 1466 1176 1559 conterritamlegitimiooniugisattentaretnr3ieronem,

133 1607 137 1610 -
238 1558 407 1649 inquiunt,
419 1563 487 1633 sola
501 1563 607 1633 lutnri
620 1562 824 1633 matrimonii
839 1561 1176 1652 praetereundem

234 1655 392 1725 secundis
406 1656 532 1748 nuptiis
544 1677 621 1727 oum
635 1657 727 1726 Anna
742 1656 806 1725 luit
819 1657 902 1726 lauta
917 1653 1095 1725 'liereslne
1107 1673 1177 1725 non

237 1747 376 1837 praebet
389 1751 643 1820 fundamentum
655 1749 822 1820 sufficiens
845 1748 1014 1819 metuendi
1031 1748 1181 1818 morini·

237 1840 356 1927 diunt,
376 1839 525 1934 alioquin
547 1844 630 1914 haec
647 1842 824 1934 promissio
844 1841 886 1912 nb
904 1841 994 1913 omrai
1010 1840 1178 1911 adulterio

235 1935 363 2006 seelusu
382 1950 516 2028 possset
532 1938 807 2029 impedimentum
828 1935 1095 2025 mirumdolium
1114 1935 1179 2005 fal·

236 2049 312 2102 sum
326 2042 388 2117 est;
406 2031 609 2103 adulterium
622 2029 946 2121 rerequodviveme
958 2028 1180 2121 primeunore

171 2190 176 2201 s
232 2127 450 2197 -oommissum
462 2139 525 2212 est,
546 2144 613 2196 non
627 2124 769 2289 imfflm
781 2125 821 2194 nd
836 2125 1041 2194 inferendam
1056 2140 1180 2193 secun·

236 2219 301 2290 dee
320 2220 416 2290 uxori
444 2234 599 2291 mortem.
621 2218 656 2288 i·
706 2230 718 2289 t
743 2218 918 2309 promissio
941 2218 987 2288 sit
1014 2217 1114 2302 serie,
1142 2229 1182 2287 et

236 2314 423 2384 secundum
438 2312 705 2384 communiorem
718 2312 916 2383 sententiam
931 2330 1027 2401 pnra,
1045 2328 1183 2401 expres·

236 2427 288 2490 se,
310 2418 344 2476 et
361 2407 525 2490 absolata,
541 2419 601 2476 aut
626 2407 744 2476 saltem
767 2418 844 2476 ante
865 2402 1007 2495 legitimi
1025 2404 1182 2494 coniugis

238 2516 381 2570 mortem
399 2499 586 2592 purificate,
606 2513 641 2570 et
655 2500 698 2570 ab
715 2500 820 2570 altera
834 2498 1050 2590 pomererbis
1061 2509 1122 2568 eut
1135 2498 1182 2568 si·

238 2591 316 2681 guis
336 2593 556 2664 exterioribus
578 2606 760 2684 arreptam.
785 2593 889 2682 leges
911 2592 999 2663 enim
1019 2591 1181 2684 puerities

239 2686 390 2756 strictum
418 2688 728 2779 interpretationem
749 2686 948 2770 admittunt,
969 2684 1183 2777 proindeque
1313 2666 1314 2731 s

240 2780 371 2850 devera
384 2781 604 2871 promissione
614 2776 754 2871 intelligi
767 2778 1090 2851 dehent.l³romissio
1100 2790 1184 2848 oon-

242 2871 422 2961 dltiooelis,
438 2876 577 2946 honesta
593 2897 632 2946 ao
644 2873 823 2966 possibilie,
841 2873 1000 2965 quamdiu
1016 2886 1182 2962 suspensa

244 2980 378 3053 munet,
410 2980 444 3040 et
463 2971 505 3040 ab
521 2969 649 3040 ineerto
673 2969 789 3038 loturo
806 2976 929 3041 euentu
949 2967 1089 3057 pendet,
1110 2982 1184 3035 uon

244 3061 345 3132 uolet
362 3064 526 3135 rationem
552 3080 650 3133 reme
670 3056 912 3152 promissionis.
935 3058 971 3130 3⁰
990 3059 1032 3130 Ut
1051 3059 1185 3130 adulte·

243 3154 333 3225 rinm
353 3155 398 3227 sit
415 3157 576 3246 utrinque
596 3155 754 3240 formale,
777 3154 842 3225 hoo
871 3165 947 3240 est,
970 3166 1009 3224 ut
1036 3164 1186 3242 uterque
1254 3150 1258 3159 '

243 3249 388 3335 adulter,
417 3252 497 3321 dom
517 3249 720 3322 adulterium
741 3259 923 3341 perpetrat,
942 3247 1025 3318 solat
1042 3245 1185 3317 suerius

243 3343 452 3431 coniugium
473 3344 579 3414 altero
604 3343 695 3414 enim
713 3343 796 3413 illud
821 3343 1010 3434 ignorante,
1036 3356 1105 3410 noo
1131 3352 1188 3409 est

244 3436 338 3505 loeus
356 3434 437 3507 huie
455 3437 707 3527 impedimento.
741 3435 827 3506 lline
850 3455 903 3507 en.
925 3457 978 3526 gr.
1002 3435 1030 3504 oi
1059 3432 1184 3503 mulier

246 3527 448 3599 adulterium
468 3541 664 3621 perpetmns
696 3530 829 3619 ignoret
858 3528 981 3610 virum,
1010 3546 1085 3596 cnm
1113 3548 1184 3617 quo
