2642 4175
326 396 369 438 ns
388 394 622 440 rurunrusums
640 396 838 442 usraauouu
934 383 999 441 235

107 490 176 561 ‘suit
193 493 281 561 mala
303 491 367 561 fide
389 490 586 581 utriusque,
616 494 666 562 vel
695 493 887 564 alterutrius
917 493 1045 584 partis,

121 599 269 655 auctores
290 605 356 653 non
377 587 590 655 consentiunt
621 589 709 655 inter
728 608 776 669 se,
792 598 825 656 et
855 588 911 656 alii
933 588 973 657 ad
994 608 1041 657 se·

120 681 260 747 mudum
282 679 421 766 gradum
454 680 655 764 extendunt,
679 681 754 770 quia
773 682 924 769 copulem
945 680 1049 749 forni-

124 773 240 841 cariem
263 781 333 840 tum
352 772 531 840 subiectivc
556 783 624 840 tum
645 772 804 842 obioclive
824 773 970 855 habent,
992 774 1047 842 alii

124 886 139 934 e
158 876 269 934 contra
286 867 326 935 ad
345 877 501 955 quartum
519 867 657 954 gradum
676 868 887 956 protendunt,
903 878 935 936 et
955 886 1051 955 argu-

122 970 264 1028 mentum
290 959 463 1050 hauriunt,
482 979 549 1027 non
568 958 602 1028 in
621 960 704 1028 reali
719 962 856 1049 copulae
876 959 1048 1049 qualitate,

123 1052 221 1121 sedin
239 1052 372 1122 ratione
396 1052 490 1141 legis,
512 1065 545 1121 et
563 1054 742 1142 praecipue
769 1052 802 1121 in
830 1051 963 1141 publico
981 1053 1050 1120 alil·

124 1145 228 1216 nitatis
253 1146 472 1228 charactere,
492 1146 550 1235 qni
585 1167 623 1215 ex
654 1145 866 1214 matrimonio
895 1141 1048 1227 invalido,

124 1258 219 1327 acque
240 1260 279 1307 ac
298 1260 338 1308 ar
358 1239 476 1322 valido,
503 1238 627 1328 pariter
645 1239 777 1318 oritur,
796 1259 858 1307 nec
873 1237 1052 1307 discrimen

128 1330 206 1401 inter
219 1333 342 1401 bonam
363 1343 420 1400 aut
434 1333 554 1400 malam
570 1332 669 1402 fidem
689 1331 845 1401 admittit.
868 1331 923 1401 lsti
944 1339 1051 1400 auclo-

128 1445 184 1493 res·
206 1424 376 1515 excipiunt
410 1425 658 1494 matrimonium
700 1425 879 1495 invalidum
916 1434 1053 1515 propter

128 1517 429 1602 clandestinitatcm,
448 1540 487 1587 eo
504 1519 592 1608 qnod
607 1520 699 1587 deest
712 1519 883 1588 character
896 1529 928 1587 et
945 1519 1052 1606 figura

128 1612 337 1691 matrimonii,
354 1612 442 1700 quod
463 1624 572 1680 tamen
590 1628 651 1681 nec
672 1614 755 1696 iure,
777 1633 839 1680 uec
859 1613 942 1680 facto
963 1612 1050 1679 haud

127 1703 210 1773 lacile
224 1705 355 1774 admitti
372 1706 619 1794 possevidetnr;
635 1706 800 1796 siqnidem
814 1706 960 1775 defectus
976 1704 1052 1773 cha·

128 1799 254 1867 cacteris
269 1799 320 1867 nil
339 1797 441 1867 efficit
457 1798 604 1882 omnino,
621 1812 654 1868 et
667 1811 838 1890 practerea
859 1798 969 1888 aliqua
989 1799 1052 1867 sal-

127 1898 184 1957 tem
209 1892 317 1981 figura
338 1892 535 1960 sacramenti
556 1912 688 1980 semper
707 1894 811 1961 adest.
845 1892 881 1959 ln
898 1892 962 1961 hoc
978 1912 1052 1960 sen·

131 1985 299 2054 tertiarum
316 1984 507 2053 discrimine
524 1985 707 2053 consultius
723 1997 772 2053 est
788 1995 835 2066 ut,
851 2005 927 2053 casu
939 1986 1052 2053 occur·

130 2089 236 2163 rente,
256 2077 410 2170 quaestio
438 2078 476 2146 ad
499 2076 533 2147 S.
556 2076 673 2146 Sedem
695 2078 875 2147 deferatur.
905 2076 1055 2145 Affinitas

130 2172 291 2261 multiplex
310 2191 382 2240 esse
396 2182 513 2261 potest,
528 2182 564 2239 ut
576 2170 857 2259 consanguinitas,
873 2181 905 2238 et
918 2169 1053 2237 totidem

126 2261 243 2335 uincula
257 2264 440 2346 constituit,
452 2265 733 2355 quaenecessario
743 2262 953 2352 exprimenda
963 2273 1051 2345 sunt,

116 2358 376 2447 ·ntdispensatio
397 2360 515 2428 valeat.
542 2357 587 2427 tta
608 2357 783 2447 multiplici
804 2355 960 2425 affinitate
981 2354 1055 2423 vide

129 2446 299 2520 Corradnm
315 2452 340 2519 l.
357 2449 389 2533 7,
405 2473 437 2518 c.
452 2455 485 2536 ἱ),
503 2472 538 2518 n.
551 2450 607 2532 95,
622 2464 655 2522 et
666 2450 814 2521 Caillaud
828 2460 853 2519 t.
869 2448 903 2533 2,
917 2470 951 2518 n.
970 2446 1050 2533 170,

129 2543 247 2628 etti,
269 2566 304 2613 o.
327 2543 411 2612 aaa.

166 2636 310 2708 Affinitas
323 2638 356 2705 in
374 2636 523 2727 quolibet
536 2636 1052 2725 gradnlineaetransversaesolo

130 2723 193 2797 iure
210 2732 432 2800 ecclesiastico
450 2730 584 2819 nuptias
605 2730 746 2800 dirimit.
764 2732 893 2801 Etenim
915 2731 949 2799 in
964 2741 1052 2799 vete·

130 2818 238 2912 rilege
254 2825 386 2893 viduam
406 2823 518 2892 fratris
538 2823 602 2894 rita
623 2824 727 2892 iuncti
746 2826 779 2892 in
801 2823 1049 2893 matrimonium

130 2910 239 2986 docere
257 2918 369 2987 licuit:
393 2917 473 3007 quin
500 2917 567 2985 imo
593 2928 698 2986 exstat
727 2918 777 2985 lex
803 2916 1050 2987 deuteronomii

129 3001 197 3072 XXV
210 3011 257 3078 sic
273 3028 438 3100 expressa:
458 3009 625 3091 «ditando
640 3009 859 3078 habitaverint
875 3011 993 3079 fratres
1012 3009 1054 3076 si·

131 3100 202 3184 mal,
218 3114 251 3172 et
263 3119 350 3173 unus
370 3124 407 3174 er
427 3103 479 3172 his
498 3114 650 3172 mortuus
670 3101 772 3171 fcerit
785 3103 909 3193 absque
924 3099 1051 3180 liboris,

134 3209 207 3260 uror
225 3197 370 3267 defuncti
390 3217 457 3265 non
487 3196 591 3265 nubat
607 3195 715 3273 alteri,
734 3196 790 3263 sed
820 3193 959 3283 accipiet
979 3211 1051 3261 eam

132 3280 224 3354 irater
247 3290 331 3359 eius.
358 3315 372 3357 s
395 3290 476 3370 Quis
492 3300 602 3358 aulem
622 3288 655 3356 in
673 3288 936 3357 animumsuum
955 3285 1053 3353 indu·

131 3378 206 3447 xerit
221 3381 320 3452 latam
341 3406 357 3452 a
378 3383 446 3452 Deo
460 3385 570 3472 legem
587 3381 653 3449 iuri
670 3383 814 3452 naturali
835 3376 1055 3450 contrariam?

133 3463 208 3539 llinc
225 3474 366 3545 Romani·
382 3476 561 3545 Pontifices
585 3496 687 3564 super
703 3475 892 3545 huiusmodi
911 3470 1053 3563 impedi·

133 3576 233 3634 uento
249 3568 416 3638 interdum
435 3569 669 3659 dispensarunt
688 3581 799 3661 atque,
822 3581 859 3639 ut
877 3569 940 3639 alia
960 3564 1055 3635 omit·
1109 3596 1113 3603 ·
