2642 4175
307 359 373 416 292
644 370 745 415 carun
763 369 809 413 111.

259 488 327 537 non
349 480 414 537 tam
436 466 588 537 utilitatis
605 467 744 546 lructus,
763 486 861 555 quam
884 466 1073 536 ollensionis
1092 480 1124 537 et
1139 489 1191 556 pe·

258 562 357 630 riculi
390 572 499 629 metus
531 560 565 628 in
595 559 778 629 catholicae
808 558 990 649 Religionis
1015 559 1189 650 perniciem

258 655 345 724 toret
364 654 599 744 expectandus.
1295 667 1296 730 ξ

320 746 358 815 4⁰
378 747 523 816 Tandem
544 746 730 837 quaeritur,
754 764 795 814 an
816 744 850 813 in
871 745 1062 834 regionibus
1082 745 1188 815 eatho·

258 838 351 925 licis,
374 839 432 910 uhi
452 840 589 910 Consilii
621 839 755 908 decretu
774 839 985 929 promulgato
1004 860 1042 908 ac
1062 861 1126 910 usu
1142 861 1189 909 re·
1295 865 1296 868 ¹

260 946 355 1025 cepto
375 946 445 1003 tum
461 934 558 1023 plena
576 933 669 1003 adest
683 933 792 1001 cultus
810 954 847 1001 ae
865 932 1086 1004 conscientiae
1098 933 1189 1002 liher-

256 1040 330 1112 tas,
351 1040 422 1097 tum
455 1026 569 1117 iniqua
591 1028 643 1095 lex
673 1025 761 1115 riget
785 1025 826 1095 de
848 1025 1084 1111 matrimonio,
1107 1025 1188 1116 quod

255 1141 368 1190 coram
399 1121 483 1190 laico
512 1119 709 1190 administro
739 1119 779 1188 ad
813 1119 877 1188 hoe
907 1120 1085 1189 constituto
1118 1118 1188 1188 iniri

258 1215 380 1296 dehet,
410 1234 486 1281 vera
517 1234 555 1282 ae
583 1212 731 1303 legitima
761 1211 911 1282 habenda
937 1213 1004 1283 sint
1032 1212 1188 1283 connubia

257 1308 528 1390 haereticorum,
557 1306 615 1396 qui
645 1306 707 1376 etsi
735 1327 834 1396 parvo
853 1326 995 1376 nrrrnero
1021 1307 1107 1391 siut,
1129 1319 1188 1377 sta·

260 1412 328 1470 tum
360 1412 471 1470 tamen
493 1398 633 1481 civilem,
652 1420 691 1469 ar
710 1400 901 1488 religiosam
936 1399 1124 1470 distinctam
1142 1420 1189 1469 so-

241 1571 245 1580 .
262 1493 414 1563 rietatem
449 1513 523 1560 cum
561 1492 717 1562 omnihus
737 1491 867 1562 iuribus
898 1492 1048 1563 civilibus
1068 1505 1102 1563 et
1120 1514 1188 1562 eum

257 1586 388 1676 publiea
407 1587 516 1655 cultus
531 1585 686 1655 libertate
706 1586 892 1669 eisarnam,
911 1607 949 1655 ac
968 1585 1190 1656 constituuntl
1295 1589 1296 1626 r

246 1677 255 1688 '
304 1678 459 1760 Quaestio
480 1678 563 1747 haee
582 1700 622 1748 eo
648 1690 714 1748 tota
745 1678 917 1750 reducitur
953 1692 989 1748 ut
1017 1680 1184 1762 uideatur,
1295 1689 1296 1694 ’

259 1792 301 1841 an
327 1772 361 1840 in
383 1792 486 1860 regno
507 1771 698 1856 catholieo,
720 1772 777 1841 uhi
810 1771 994 1862 aequalitas
1019 1773 1122 1843 civilis
1136 1824 1144 1854 ,
1159 1782 1190 1841 et
1295 1795 1296 1802 ¹

259 1867 368 1934 cultus
397 1864 533 1934 libertas
553 1865 708 1934 omnihus
728 1865 854 1936 civibus
871 1886 1025 1936 concessa
1044 1878 1106 1950 est,
1122 1865 1190 1934 hae·

261 1958 375 2052 retieis
395 1958 510 2048 paucis
535 1979 678 2028 numero
711 1959 896 2029 commixtis
916 1980 990 2029 cum
1011 1958 1186 2042 catholicis,

262 2054 331 2123 sola
351 2052 517 2123 societatis
537 2064 708 2143 separatae
727 2052 923 2123 constitutae
944 2074 982 2123 ac
1005 2053 1188 2143 recognitae

265 2147 348 2217 ratio
367 2157 485 2238 potens
505 2162 641 2239 prorsus
669 2147 730 2231 sit,
754 2166 792 2216 ac
811 2145 974 2230 sufficiat,¹
1001 2148 1118 2218 saltem
1137 2148 1188 2215 de·

261 2262 363 2311 cursu
382 2240 553 2329 temporis,
575 2251 613 2308 ut
631 2262 649 2309 a
669 2241 743 2330 lege
761 2240 900 2311 Concilii
920 2240 1018 2310 liheri
1037 2252 1071 2309 et
1091 2260 1189 2310 exem·

149 2406 153 2411 ,
258 2334 306 2422 pti
342 2333 523 2402 dicantur‘l
553 2333 789 2404 Affirmativam
828 2333 1026 2404 sententiam
1062 2343 1188 2424 praeter

198 2458 221 2507 y
253 2426 342 2494 'alios
377 2437 564 2516 sequuntur
588 2425 740 2496 damiete
765 2447 820 2517 op.
841 2428 881 2495 de
901 2426 1056 2511 llatrim,
1081 2438 1188 2496 auctor

260 2539 314 2607 op.
337 2517 459 2587 Etudes
476 2520 517 2587 de
537 2517 734 2609 Theologie,
755 2518 847 2589 Paris
866 2517 977 2604 1839,
999 2531 1033 2590 et
1051 2521 1188 2589 hdamus

258 2611 419 2699 Iosephus
436 2610 539 2701 Ahrig
558 2613 727 2702 professor
746 2612 957 2702 llilingensis.
977 2613 1099 2683 Fertur
1116 2612 1188 2683 Car·

258 2703 403 2772 dinulem
424 2703 566 2793 Caprara
588 2706 817 2796 quaestionem
843 2707 931 2775 haud
952 2707 993 2775 ah
1013 2706 1077 2776 hae
1106 2704 1186 2775 absi·
1292 2732 1293 2739 ¹

261 2796 372 2865 milem
388 2849 397 2880 ,
413 2816 563 2888 nempe,
586 2819 627 2869 an
656 2800 689 2867 in
712 2797 813 2869 Gallia
840 2799 1031 2869 heterodoxi
1058 2800 1185 2870 decreto

258 2889 395 2960 Consilii
426 2890 575 2962 absolute
599 2912 637 2984 ao
656 2913 788 2981 semper
807 2892 1037 2977 detineantur,
1052 2893 1112 2963 Pio
1132 2888 1184 2959 llll

258 2982 489 3074 proposuisse,
510 2997 543 3054 et
561 2985 694 3054 additur
712 2981 886 3054 Summum
904 2983 1097 3055 Pontificem
1117 3006 1185 3054 eam

257 3076 417 3145 dirimere
432 3077 722 3147 noluisse.Verum
738 3091 911 3168 postquam
926 3069 1004 3147 Pius
1016 3079 1085 3147 Vlll
1099 3077 1184 3146 nulle
1291 3106 1292 3171 j

256 3169 435 3239 declaravit
455 3171 665 3240 matrimonia
698 3171 797 3240 mixta
828 3170 1031 3241 clandestine
1055 3172 1135 3241 inita
1155 3169 1185 3237 iu
1291 3178 1292 3217 ὲ

255 3263 425 3352 provincia
450 3262 637 3333 Coloniensi
658 3284 764 3354 usque
792 3264 832 3333 ad
858 3286 911 3334 au.
935 3262 1039 3348 1830,
1062 3277 1095 3333 et
1111 3263 1186 3333 Gre-

216 3356 237 3397 0
254 3355 370 3443 gorius
387 3355 466 3439 xvt,
487 3368 557 3425 tum
574 3378 732 3447 responso
753 3356 786 3426 S.
802 3355 1079 3429 Poenitentiariae
1096 3375 1187 3444 supe·

255 3447 328 3515 rius
343 3448 441 3518 citato
455 3469 509 3516 an.
521 3446 625 3534 1831,
636 3461 705 3519 tum
721 3451 821 3520 decis.
838 3449 872 3519 S.
887 3449 923 3519 Ο.
939 3449 984 3519 16
996 3451 1072 3519 l'eh.
1087 3445 1186 3524 1858,

253 3540 398 3635 decrevit
414 3554 565 3612 constare
585 3545 626 3613 de
642 3544 793 3614 nullitate
811 3543 1096 3614 matrimoniorum
1113 3540 1187 3609 mix-
