2642 4175
467 405 508 448 nn
526 404 738 466 sponsaturus
795 430 799 438 ·
982 393 1024 450 59

137 515 202 572 tate
221 512 410 589 correptus,
434 514 492 570 aut
508 501 550 569 ab
567 501 717 572 hostibus
735 516 849 592 captus
867 503 985 573 reverti
1005 525 1071 574 non

136 596 259 686 possit,
282 594 434 663 decernit
454 596 692 684 expectandum
713 617 730 663 a
752 617 871 685 sponsa
891 617 950 686 per
969 598 1072 667 trien·

136 689 230 761 nium
251 741 260 769 ,
285 686 568 777 quadriennium,
591 701 625 757 et
644 689 753 757 adhuc
781 690 906 759 diutius
933 690 1073 760 arbitrio

137 781 271 863 ladiois,
295 781 332 848 L.
355 778 411 862 ll,
430 782 463 849 il.
481 781 522 849 de
537 780 688 871 Sponsal.
709 782 833 851 Absens
850 804 928 853 vero
944 804 982 853 ex
996 805 1074 853 cau·

138 896 172 944 sa
193 874 405 956 voluntaria,
429 875 456 942 si
477 874 564 943 intra
585 875 787 964 provinciam
820 888 1071 958 commoretur,

138 990 197 1057 per
221 967 410 1050 biennium,
433 968 470 1035 L.
491 967 524 1035 Sr
543 986 572 1035 rs
590 967 611 1035 d
626 967 706 1036 Cod.
729 970 819 1051 eod,
840 969 866 1037 si
887 982 976 1039 extra
998 991 1074 1059 pro·

137 1062 295 1142 vinciam,
316 1080 376 1150 per
397 1060 578 1129 triennium
602 1063 822 1150 expectandus
840 1073 901 1145 est,
924 1064 961 1130 L.
981 1063 1077 1130 Lrnu·

139 1175 207 1224 auu
227 1153 250 1221 9
267 1154 347 1223 Cod.
369 1155 410 1223 de
431 1155 590 1244 repudiis.
610 1154 732 1223 Verum
750 1156 932 1224 Alexander
945 1156 989 1223 lll
1002 1176 1073 1244 cap.

140 1249 186 1318 Du
208 1266 295 1317 murs
324 1246 389 1315 hoo
413 1248 465 1316 tit.
487 1248 534 1316 sic
552 1247 804 1338 pronuntiarit:
831 1273 845 1315 ι
868 1249 913 1318 lle
932 1247 999 1319 illis
1018 1269 1077 1316 aa·

141 1354 221 1425 tem,
246 1340 305 1431 qui
328 1341 488 1428 praestito
508 1341 696 1411 iuramento
716 1342 939 1432 promittuut,
961 1362 997 1411 se
1017 1341 1077 1411 ali·

142 1457 225 1524 quas
260 1434 419 1503 mulieres
440 1435 623 1518 ducturos,
645 1446 678 1503 et
698 1447 810 1524 postea
830 1436 879 1505 eis
900 1435 1077 1522 incognitis

145 1529 318 1597 dimittunt
337 1537 473 1610 terram,
497 1549 532 1597 se
550 1530 590 1597 ad
611 1528 709 1597 aliam
730 1540 854 1598 terram
874 1530 1078 1598 transferen-

145 1634 209 1702 tes,
232 1622 295 1690 hoc
315 1620 375 1690 tibi
396 1622 549 1690 volumus
568 1622 775 1692 innotescere
794 1675 803 1705 ,
825 1624 913 1712 quud
934 1623 1077 1691 liberum

146 1715 209 1784 erit
230 1713 427 1783 mulieribus
448 1715 552 1804 ipsis,
574 1715 600 1783 si
621 1735 689 1784 non
709 1716 919 1806 estamplius
940 1715 1077 1785 infacto

146 1828 348 1897 processum,
372 1808 411 1875 ad
430 1809 493 1877 alia
511 1820 583 1878 rota
601 1829 637 1877 so
655 1810 849 1878 transferre.
876 1834 890 1874 a
909 1808 1017 1889 Quare
1031 1808 1079 1877 iu·

145 1914 195 1971 rta
217 1902 307 1991 leges
328 1901 503 1970 canonicas
535 1904 575 1970 ad
601 1902 800 1992 Episcopum
821 1903 1078 1991 confugiendum

147 1994 218 2078 erit,
236 2005 269 2063 et
288 2005 420 2083 tempus
433 1996 565 2080 absenti
579 1995 855 2084 praefinieudum
874 1996 960 2064 intra
974 1995 1076 2084 quod,

147 2089 207 2157 nisi
229 2089 380 2171 redierit,
396 2090 484 2159 alter
500 2109 642 2179 sponsus
658 2089 700 2156 ab
717 2090 807 2158 omni
825 2100 995 2177 exemptus
1013 2090 1081 2158 vin·

61 2203 71 2211 ·
150 2184 220 2251 culo
242 2183 441 2261 declaretur,
462 2183 561 2271 eique
581 2182 719 2251 facultas
745 2182 821 2263 fiat,
841 2193 878 2251 ut
898 2181 1080 2270 quamlibet

148 2277 229 2347 vitae
244 2275 408 2345 rationem
423 2275 589 2365 amplecti,
606 2275 749 2363 aliaque,
766 2274 793 2343 si
810 2275 899 2356 velit,
915 2273 1079 2364 sponsalia

147 2370 228 2439 inire
248 2369 367 2458 possit.

565 2578 658 2669 pro.

74 2772 77 2777 ·
167 2748 211 2806 lle
227 2745 432 2805 dissolutione
451 2747 490 2804 ob
509 2745 742 2804 matrimonium
759 2763 829 2805 oum
851 2749 915 2806 alla
932 2748 1056 2808 lnltnn.

191 2929 313 3011 Quarta
333 2940 395 3012 est,
414 2949 492 2998 curn
505 2928 675 3018 sponsalia
695 2929 867 2998 solvuntur
887 2947 946 3016 per
967 2925 1078 2996 matri·

149 3023 308 3103 monium,
326 3025 414 3112 quod
429 3043 568 3111 sponsus
582 3043 657 3091 cum
673 3022 735 3091 alia
752 3021 971 3099 muliere,aut
982 3040 1079 3108 spon

146 3134 180 3183 sa
197 3136 273 3185 cum
292 3116 358 3184 alio
373 3116 442 3184 viro
465 3115 701 3186 contraxerint.
721 3115 782 3184 Hic
794 3126 904 3184 autem
925 3113 986 3182 tria
1001 3124 1079 3180 sunt

65 3272 67 3277 .
147 3210 230 3297 apud
252 3230 370 3278 omnes
389 3220 476 3279 certa
502 3221 535 3279 et
552 3209 744 3298 explorata:
767 3209 793 3276 l.
815 3209 901 3275 Eum
922 3205 980 3293 qui
1007 3224 1079 3272 ma-

145 3302 342 3372 trimonium
357 3302 533 3385 lustrabit,
556 3301 700 3390 graviter
720 3321 867 3391 peccaro,
886 3298 974 3388 quod
992 3297 1027 3364 in
1041 3318 1078 3366 re

20 3472 22 3479 b
146 3396 234 3480 gravi
269 3395 371 3464 fidem
387 3396 526 3484 frangit,
549 3407 583 3464 et
600 3395 759 3469 iniuriam
777 3392 872 3463 alteri
893 3391 994 3472 iacit,
1018 3390 1075 3478 qui

20 3504 21 3511 ¹
147 3488 196 3558 ius
208 3489 249 3557 ad
267 3489 515 3558 matrimonium
530 3488 712 3559 ineundum
728 3488 857 3557 ratione
872 3483 1076 3575 sponsalium

148 3582 284 3671 adeptus
303 3594 394 3665 orat;
417 3582 617 3672 quinetiam
639 3602 727 3664 eum,
751 3582 808 3670 qui
828 3581 927 3665 iidem
948 3574 1077 3654 fefellit,
