2642 4175
320 337 383 394 174
649 343 751 389 CAPUT
769 341 816 386 111.

242 432 527 537 ‘prohibitionem
547 463 614 515 non
646 438 809 522 irritavit,
831 439 889 509 sed
928 438 1204 530 impedimentum

268 540 401 610 sustulit
420 538 528 629 quoad
555 557 610 607 eas
627 545 757 607 tantum
777 553 959 623 personas,
981 554 1068 623 quae
1097 535 1206 625 bapti·

268 645 389 716 zatum,
412 634 497 701 ultra
516 630 704 720 designatas
720 626 892 716 tetigerint
910 626 960 695 rel
980 631 1202 719 susceperint,
1308 664 1309 701 2

267 748 334 798 non
350 747 427 796 vero
447 727 551 796 relate
578 725 618 794 ad
637 723 749 813 plures
777 720 978 809 designatos,
1017 721 1074 811 qui
1098 723 1202 793 simul

269 819 477 910 susceperint
497 830 555 889 aut
574 815 756 905 tetigerint.
795 814 873 976 Vidg
909 812 1092 977 Ρὶςὲιαίῃεηέ
1118 827 1143 887 t.
1167 816 1201 902 7,

268 934 358 1076 effigi⁸
373 910 489 1077 [ham.
502 908 843 1095 οἷ’ρθΙιιιιέοὴΈῗυέυὲε
861 929 974 1072 σὀιξίνε
986 963 994 994 ’
1004 959 1204 1093 prohihitio-

268 1121 345 1171 nem
361 1100 527 1170 Ecclesiae
547 1109 701 1188 parentes
719 1097 885 1166 voluerint
903 1096 1088 1186 baptizandi
1104 1100 1205 1188 patri·
1308 1168 1309 1175 ἵ

268 1214 329 1264 nos
350 1215 433 1277 esse,
458 1193 625 1262 Parochus
645 1209 747 1260 unum
769 1191 952 1272 dumtaxat,
974 1190 1025 1259 rel
1045 1211 1152 1260 unum
1174 1205 1207 1262 et
1308 1214 1309 1257 l

268 1309 369 1357 unam
390 1286 579 1368 admiserit,
612 1295 827 1374 caeterosque
854 1283 1030 1367 reiecerit,
1058 1284 1106 1352 illi
1127 1286 1202 1369 soli,

268 1400 335 1450 non
354 1401 432 1449 vero
459 1379 535 1461 isti,
563 1378 620 1470 qui
654 1377 768 1447 reiecti
800 1377 949 1460 inerint,
972 1378 1204 1466 cognationem

269 1474 477 1562 spiritualem
510 1472 719 1542 contrahent.
751 1472 832 1540 Cum
861 1471 949 1540 enim
971 1470 1110 1540 Parochi
1132 1473 1206 1543 offi-

268 1568 357 1636 cium
382 1567 426 1636 sit
443 1567 625 1654 indagare,
648 1565 784 1655 quinam
815 1565 979 1633 Patricia
1011 1565 1206 1654 parentibus

268 1660 431 1749 designati
453 1660 588 1743 fuerint,
606 1672 639 1729 et
658 1661 703 1728 ita
721 1680 777 1728 eos
794 1658 980 1741 admittere,
1000 1671 1038 1728 ut
1055 1670 1207 1730 serretur

269 1774 430 1823 numerus
465 1753 697 1842 patrinorum,
721 1763 754 1822 et
773 1772 869 1821 sexus
901 1751 1071 1827 diversitas
1091 1774 1109 1822 a
1132 1753 1208 1821 Tri-

269 1846 405 1917 dentino
427 1847 649 1938 praescripta,
672 1845 781 1915 statim
803 1866 841 1915 ac
860 1843 1028 1914 Parochus
1049 1846 1111 1915 hoc
1132 1844 1209 1914 Tri·

269 1940 395 2009 dentini
415 1952 628 2030 praeceptum
647 1950 860 2029 exsequutus,
877 1938 960 2008 alios
980 1939 1156 2028 expulerit,
1173 1941 1208 2008 hi
1308 2020 1309 2025 Ἰ

269 2033 313 2104 ita
335 2047 514 2105 censentur
533 2033 684 2124 expulsi,
707 2053 745 2103 ac
763 2032 790 2103 si
811 2032 973 2121 designati
993 2033 1085 2102 nullo
1107 2034 1207 2104 modo
1308 2042 1309 2061 ¹

269 2128 420 2198 luissent.
442 2127 474 2197 Si
496 2140 606 2198 tamen
636 2126 806 2196 Parochus
824 2127 980 2208 exodio,
1003 2138 1061 2196 aut
1081 2147 1120 2197 ex
1141 2128 1208 2197 alio

270 2221 427 2311 quopiam
447 2222 548 2290 simili
567 2221 689 2290 motivo
706 2241 763 2290 eos
782 2219 948 2302 reiecerit,
971 2219 1028 2312 qui
1050 2241 1067 2289 a
1088 2242 1209 2310 paren·

269 2316 358 2384 tibus
378 2316 412 2383 in
432 2335 573 2384 numero
594 2327 626 2385 et
642 2335 722 2384 sexu
740 2335 757 2383 a
775 2313 969 2383 Tridentino
989 2314 1209 2404 praescriptis
1307 2339 1308 2364 t

270 2409 395 2477 luerint
413 2407 588 2496 designati,
608 2419 708 2498 atque
729 2408 775 2491 hi,
792 2406 893 2476 invito
913 2405 1073 2491 Parocho,
1098 2408 1209 2478 inlan·
1307 2411 1308 2414 ’

269 2513 337 2570 tem
354 2501 571 2590 susceperint,
590 2502 658 2569 veri
678 2500 799 2591 patrini
816 2512 927 2585 erunt,
949 2521 1129 2591 veramque
1153 2524 1210 2572 co·

268 2593 460 2682 guntionem
489 2593 696 2682 spiritualem
726 2594 937 2664 contrahent.
956 2595 1029 2663 Non
1055 2595 1145 2664 enim
1169 2597 1211 2665 iis

270 2686 452 2776 quidquam
472 2687 575 2771 deest,
591 2689 681 2779 qnod
701 2689 741 2757 ad
760 2686 1021 2758 contrahendam
1039 2689 1210 2775 cognatio-

271 2800 347 2848 nem
366 2780 563 2870 exposcitur,
585 2801 646 2850 nee
666 2781 734 2851 ullo
755 2781 852 2850 modo
873 2782 1046 2851 abeodem
1067 2781 1210 2853 Triden-

271 2872 341 2940 tino
360 2874 395 2943 in
415 2874 467 2943 his
490 2874 747 2944 circumstantiis
779 2876 855 2943 data
888 2873 1037 2943 Parocho
1067 2875 1210 2945 facultas

271 2977 332 3047 est,
347 2979 382 3037 ut
398 2989 415 3037 a
437 2968 629 3057 parentibus
646 2967 835 3057 designatos
861 2978 962 3057 queat
981 2980 1110 3038 temere
1128 2969 1210 3039 reii-

271 3079 359 3129 cera.

318 3152 439 3234 Quaeri
459 3151 497 3221 t⁰
517 3164 648 3243 potest,
667 3174 709 3222 an
738 3153 760 3221 ii
792 3154 850 3242 qui
884 3174 1006 3223 nomen
1038 3155 1212 3225 dumtaxat

272 3246 450 3336 imponunt
468 3247 586 3316 infanti
605 3247 670 3316 iam
690 3245 779 3317 domi
798 3247 975 3336 baptizato,
991 3268 1068 3316 cum
1087 3268 1210 3338 nempe

271 3340 438 3410 solemnes
457 3339 611 3428 baptismi
625 3340 855 3410 caeremoniae
875 3340 1076 3410 adhibentur
1094 3340 1130 3409 in
1149 3342 1212 3409 Ec·

271 3432 371 3501 clesia
389 3485 397 3516 ,
417 3432 563 3522 aliquam
583 3433 800 3523 spiritualem(
827 3434 1058 3522 cognationem
1078 3445 1212 3504 contra·

273 3524 377 3592 hant‘l
398 3526 649 3616 Respondemus
668 3527 795 3596 nullam
829 3528 966 3598 omnino
997 3527 1209 3611 contrahere,
