2642 4175
309 358 374 416 ott
610 374 773 419 mauroix
784 374 839 451 ¹111.

255 491 357 559 quam
376 470 574 563 principium
589 492 607 542 a
622 493 691 562 quo
706 471 916 542 Sacramenta
934 472 1089 543 virtutem
1104 473 1180 544 bau-

257 563 357 647 riaut,
377 578 426 636 est
446 579 556 637 tamen
575 566 747 650 conditio,
782 586 868 656 quae
887 565 1074 636 subiectum
1097 568 1179 649 reci·

257 656 397 747 piendae
416 660 543 748 gratiae
561 672 675 750 aptum
695 660 791 743 iacit,
815 680 875 728 seu
894 673 1042 730 removet
1060 661 1178 731 obicem

255 751 395 838 gratiae,
415 764 451 821 ut
470 752 680 823 Sacramenta
700 754 852 823 effectum
873 772 970 823 suum
991 767 1176 842 operentur.

254 843 341 925 Quin
361 855 484 917 attenta
508 847 724 938 dispositione
744 845 981 935 suscipientis,
1003 847 1091 918 idem
1112 869 1179 939 spe·

254 937 305 1006 cie
337 937 584 1013 Sacramentum
621 941 794 1031 aequalem
823 940 964 1029 gratiam
1002 943 1179 1031 aequaliter

254 1031 423 1119 dispositis
434 1035 561 1104 confert
575 1057 613 1104 ea
626 1055 727 1123 opere
746 1045 894 1122 operato,
916 1035 1105 1105 uberiorem
1120 1058 1180 1104 ma·

253 1124 306 1213 gis
340 1126 530 1214 dispositis,
565 1128 845 1219 quemadmodum
871 1128 968 1197 docet
994 1150 1023 1198 s.
1046 1130 1179 1198 Thomas

254 1230 341 1308 part.
364 1216 403 1304 3,
431 1244 465 1310 q.
496 1219 559 1306 69,
583 1233 646 1292 art.
666 1219 706 1305 8;
729 1232 762 1291 et
781 1220 1013 1291 Tridentiuum
1038 1244 1117 1292 sess.
1137 1244 1176 1306 rt,

254 1333 327 1381 cau.
360 1311 393 1397 t,
417 1315 473 1383 uhi
496 1329 670 1406 postquam
692 1314 826 1385 tradidit
850 1315 1024 1404 baptizatis
1044 1316 1178 1385 conferri

251 1406 395 1493 gratiam
415 1408 503 1478 iuxta
522 1430 732 1491 mensuram,
755 1429 855 1498 quatu
878 1410 1023 1497 partitur
1046 1409 1179 1499 Spiritus

255 1499 419 1583 Sanctus,
442 1503 549 1571 addit:
576 1527 590 1569 t
612 1503 652 1572 Et
671 1503 853 1572 secundum
875 1500 1047 1591 propriam
1078 1504 1180 1572 ouius·

251 1614 320 1682 que
338 1595 587 1682 dispositionem
611 1609 641 1666 et
663 1595 980 1684 cooperationem.»

299 1685 381 1775 ipsis
402 1689 500 1757 etiam
516 1688 738 1759 sacramentis
754 1700 886 1779 praeter
902 1689 1047 1777 gratiam
1069 1689 1182 1759 sancti·

254 1779 420 1864 denotem,
444 1783 492 1852 vel
515 1783 588 1852 eius
607 1783 734 1871 gratiae
767 1783 1011 1852 incrementum
1044 1782 1181 1872 alligavit

253 1872 339 1942 Deus
367 1875 507 1962 gratiam
539 1878 838 1957 sacramentalem,
881 1875 933 1944 ius
963 1876 1118 1946 videlicet
1149 1875 1178 1943 io

218 1978 225 1991 ’
250 1967 395 2052 gratuita
417 1981 450 2038 et
469 1971 600 2040 liberali
621 1970 769 2040 eiusdem
794 1969 851 2038 Dei
873 1969 1095 2058 promissione
1113 1970 1179 2038 fun·
1287 2036 1289 2041 ,

250 2059 367 2130 datum
388 2062 427 2132 ad
447 2063 570 2151 gratias
585 2065 741 2144 actuales,
775 2073 812 2133 ut
831 2061 947 2146 aiunt,
976 2063 1176 2145 obtinendas,

250 2153 374 2242 quibos
407 2156 534 2228 habiles
559 2170 593 2228 et
623 2158 733 2227 idonei
763 2156 901 2227 dirersis
921 2169 955 2226 et
985 2153 1179 2248 specialibus

252 2248 417 2340 cuiusque
435 2249 638 2321 Sacramenti
659 2252 782 2321 finibus
796 2250 1012 2340 assequendis
1036 2252 1179 2321 reddere

253 2343 411 2412 murita
431 2345 536 2431 gratia
557 2345 806 2416 sacramentalis
826 2343 859 2413 iu
877 2343 1047 2432 Baptismo
1068 2359 1117 2415 est
1134 2344 1179 2411 ius

252 2435 294 2502 ad
314 2437 438 2522 gratias
457 2439 603 2508 actuales
632 2450 667 2508 et
684 2438 816 2523 auxilia,
836 2437 958 2528 quibus
987 2458 1127 2526 egemus
1143 2435 1178 2504 ad

140 2585 145 2598 ι
253 2527 461 2617 spiritualem
496 2531 782 2621 regenerationem
824 2543 857 2601 et
890 2531 1178 2601 sanctificationem

250 2622 515 2707 custodiendam,
536 2625 570 2693 in
589 2625 707 2696 ordine
726 2626 767 2695 ad
796 2627 922 2694 cultum
955 2623 1102 2693 divinum
1123 2622 1178 2692 rite

198 2729 203 2738 ·
255 2714 464 2801 obeundum3
496 2716 531 2786 iu
550 2718 760 2789 Matrimonia
779 2718 819 2787 ad
850 2717 951 2787 fidem
975 2718 1177 2807 coniugalem

252 2810 460 2893 servandam,
480 2823 513 2881 et
532 2812 667 2881 ferenda
690 2833 791 2882 onera
810 2810 1029 2881 Matrimonii.

301 2903 394 2973 Alter
423 2902 712 2994 Sacrameutorum
747 2906 883 2975 aflectus
908 2914 959 2974 cst
988 2905 1174 2984 character,

256 3017 354 3084 quem
375 2997 438 3068 tria
469 3010 596 3070 tautum
618 2997 853 3082 Sacramenta,
877 2997 1075 3086 Baptismus,
1100 2996 1176 3068 Gou-

255 3089 401 3159 firmatio
421 3103 454 3161 et
472 3090 560 3161 Ordo
575 3091 732 3161 inanima
749 3089 959 3181 suscipientis
976 3089 1173 3179 imprimunt,

253 3203 342 3272 quoe
363 3196 413 3254 est
431 3184 613 3255 catholicae
630 3184 797 3255 Ecclesiae
813 3186 963 3255 doctriua
983 3206 1000 3253 a
1021 3179 1177 3253 Tridenti-

253 3298 298 3345 uc
315 3277 494 3366 proposita,
516 3300 598 3349 sess.
615 3298 673 3360 ru,
695 3300 769 3348 can.
786 3277 820 3347 9.
836 3279 1016 3352 Cbaracter
1035 3288 1142 3347 autem
1159 3291 1176 3341 a

253 3390 286 3438 s.
299 3369 437 3456 Thema,
454 3384 538 3462 part.
555 3369 589 3456 3,
605 3369 708 3463 pot,
725 3385 789 3441 art,
806 3368 912 3442 tero
930 3383 997 3441 est.
1016 3396 1031 3438 r
1047 3369 1175 3457 Signum

253 3462 428 3552 spirituale
450 3478 484 3535 et
501 3466 691 3551 indelebile,
714 3486 782 3557 quo
803 3464 914 3535 anima
946 3464 1123 3553 insignitur
1139 3456 1176 3529 ad

253 3555 502 3646 suscipiendum
523 3560 572 3629 vel
603 3558 677 3627 aliis
697 3559 894 3629 tradendum
915 3579 977 3641 ea,
1005 3559 1177 3649 quaesunt
