2642 4175
405 370 449 414 uu
466 370 595 416 urruns
613 370 819 416 mmmmm
970 364 1034 422 113

136 472 251 554 debet,
274 468 302 540 si
322 488 390 538 uon
408 468 573 551 ludendi,
597 469 652 537 sed
675 489 788 537 nerum
806 490 1003 543 consensum
1024 476 1081 546 de·

134 564 284 654 negandi
302 561 420 650 gratia,
445 573 503 630 aut
523 561 721 650 ignorantia,
742 575 810 632 tum
833 563 1081 654 impossibilita-

137 659 185 727 tis
215 657 348 747 ipsius,
377 667 447 724 turn
480 655 719 743 turpitudinis,
747 668 818 726 tum
850 658 1081 733 declarationis

137 749 294 839 Gregorii
309 748 362 829 lll,
381 749 453 818 eius
467 749 600 837 generis
617 749 822 818 conditiones
834 754 999 841 appositas
1010 775 1083 826 esse

138 845 402 914 demonstretur.

189 936 339 1006 Notauda
348 934 460 1003 hioest
472 932 671 1013 differentia,
685 953 770 1023 quae
779 932 865 1004 inter
874 940 1080 1014 conditiones

140 1028 340 1119 simpliciter
355 1040 479 1117 turpes,
494 1038 527 1095 et
538 1026 747 1097 conditiones
762 1040 880 1098 natura
898 1031 1081 1121 impossibi·
1204 1034 1206 1043 ⁴

140 1125 195 1192 les
207 1121 397 1191 intercedit.
414 1120 670 1203 lllaevitiantur,
682 1121 709 1189 si
717 1131 794 1188 sunt
806 1122 840 1189 in
853 1123 1085 1195 luturumcon·

142 1227 272 1304 ceptae,
281 1216 478 1303 neutiquam
488 1233 564 1283 reru
579 1211 786 1302 sipraesens,
796 1227 853 1283 aut
866 1219 1081 1304 praeteritum

143 1307 339 1398 respiciens
358 1307 440 1376 istae
455 1318 567 1403 autern
578 1327 638 1394 pro
652 1328 718 1376 non
732 1308 892 1395 appositis
906 1310 1083 1395 habentur,

141 1400 254 1470 sivein
265 1420 434 1490 praesens,
445 1399 511 1468 sive
520 1399 553 1468 in
562 1401 779 1488 praeteritum
793 1401 918 1475 suerint
930 1406 1080 1475 collatae.

140 1493 326 1584 Praecipua
346 1493 444 1563 huius
461 1492 664 1572 discriminis
683 1493 768 1562 ratio
789 1493 822 1562 in
852 1516 891 1565 eo
911 1499 1080 1582 consistit,

142 1588 235 1676 quod
255 1586 461 1656 conditiones
478 1598 597 1654 natura
615 1585 836 1675 impossibiles
857 1611 923 1659 non
945 1591 1019 1661 ideo
1039 1593 1083 1660 vi·

145 1682 285 1765 tiantur,
304 1680 380 1771 quia
398 1681 440 1749 ad
463 1679 596 1775 aliquod
619 1680 822 1768 impossibile
842 1683 1001 1772 obligant,
1024 1688 1081 1754 sed

143 1774 226 1863 quia
247 1772 468 1863 impossibiles
481 1760 625 1893 Quina
647 1785 747 1856 sunt,
770 1776 858 1863 quod
876 1797 956 1846 saue
974 1778 1083 1847 omni·

142 1868 209 1936 bus
238 1867 338 1936 huius
356 1865 490 1956 generis
508 1865 781 1949 conditionibus,
804 1880 837 1937 et
856 1868 890 1937 in
908 1873 1081 1959 quodcun-

144 1981 212 2050 que
233 1973 364 2050 tempus
379 1959 548 2048 conceptis
565 1979 671 2048 aeque
691 1961 854 2044 eonvenit;
872 1974 905 2030 at
922 1965 1084 2034 conditio-

142 2074 205 2123 nes
225 2064 340 2143 turpes
365 2052 651 2154 simpliciter'ideo
673 2053 841 2136 vitiantur,
864 2056 941 2145 quia
963 2057 1003 2125 ad
1024 2058 1081 2127 de·

143 2148 366 2237 linquendum
387 2145 543 2230 invitarit,
567 2148 655 2236 quod
678 2166 757 2214 sane
783 2159 953 2234 praestant
970 2150 1084 2217 condi·
1173 2167 1180 2181 ’

145 2241 256 2311 tiones
276 2242 317 2310 de
350 2242 480 2322 lutuno,
503 2261 569 2309 non
591 2260 669 2308 uero
698 2240 739 2308 de
758 2242 943 2326 praesenti,
963 2253 1020 2310 aut
1045 2242 1086 2309 de

144 2333 341 2423 praeterito;
359 2346 392 2403 et
412 2334 497 2403 hano
509 2333 707 2403 senteutiam
728 2352 855 2414 omnes,
875 2334 902 2401 si
917 2354 1021 2402 unum
1036 2336 1085 2403 vel

145 2427 289 2497 alterum
306 2426 519 2516 excipiamus,
541 2428 628 2496 ultro
642 2425 852 2514 libenterque
867 2429 1085 2516 complectun-

145 2535 214 2596 tur.
238 2519 393 2600 Quaestio
410 2520 442 2587 in
463 2541 502 2590 eo
523 2533 572 2588 est
582 2520 679 2592 „iuter
697 2521 860 2598 doctores,
875 2542 917 2589 an
937 2541 1023 2609 qnae
1043 2523 1084 2591 de

149 2613 342 2686 conditione
362 2624 481 2681 natura
503 2612 699 2701 impossibili
727 2614 811 2682 dieta
841 2626 943 2697 sunt,
968 2635 1084 2704 proce·

148 2708 231 2775 daut
244 2705 344 2775 etiam
365 2706 397 2774 in
418 2705 606 2775 conditione
623 2707 708 2774 laeto
725 2706 933 2794 impossibili,
951 2708 1084 2797 quaudo

146 2796 271 2888 nempe
285 2800 316 2867 id
337 2800 516 2888 apponitur
535 2801 756 2887 quadratura
776 2800 910 2888 quidem
925 2801 997 2870 fieri
1013 2813 1085 2889 pot·

146 2905 222 2975 est,
244 2904 382 2981 propter
401 2891 627 2961 difficultatem
649 2902 759 2960 tannen
779 2893 983 2981 impossihile
1003 2894 1086 2962 iudi·

145 2997 253 3067 catur,
264 2996 365 3074 prout
378 3006 416 3053 ea
437 2998 486 3055 est
505 2985 661 3067 conditio,
678 2986 704 3054 si
719 2996 863 3054 muntem
878 3007 1016 3055 aureum
1027 2986 1084 3055 de·

146 3077 413 3148 derisNunnulli
427 3090 643 3147 autumarent
656 3078 901 3147 conditionibus
916 3080 1086 3147 huiusmo-

147 3172 183 3241 di
196 3170 447 3241 matrimonium
461 3171 582 3255 vitiari,
593 3181 626 3239 et
641 3172 770 3239 nullum
787 3171 893 3249 reddi,
910 3172 965 3239 alii
980 3191 1035 3239 eas
1049 3183 1085 3236 ut

148 3286 215 3335 non
227 3265 395 3355 appositas
409 3264 656 3333 habendasesse
674 3268 865 3352 opinantur;
877 3283 943 3331 non
964 3264 1084 3332 desunt

148 3361 206 3449 qui
218 3359 432 3447 distinguunt
443 3356 650 3427 interiorum
668 3357 835 3425 internum
850 3367 883 3424 et
896 3366 1082 3440 externum,

148 3454 227 3522 etin
243 3452 308 3522 hoc
332 3450 427 3519 relisi
447 3463 480 3520 et
499 3471 558 3540 pro
578 3471 644 3519 nou
666 3448 825 3538 appositis
844 3449 961 3518 haberi
981 3450 1086 3518 lateu-

146 3559 213 3631 tur,
233 3546 267 3615 in
288 3545 346 3613 illo
364 3543 569 3613 matrimonii
587 3545 745 3628 valorem,
769 3544 873 3613 donee
893 3542 1084 3611 huiusmodi

247 3677 286 3730 De
304 3674 469 3727 Matrimonio
1001 3675 1017 3720 8
