2642 4175
283 347 347 411 114
623 353 725 399 curun
743 356 777 398 u.

235 457 441 529 conditiones
457 453 680 541 impleantur,
702 450 861 540 suspendi
874 453 1092 523 contendunt.
1106 453 1169 524 Rc·

235 551 320 622 ctius
334 562 444 619 tamen
458 546 662 615 affirmamus
676 545 707 613 id
722 547 866 634 pendere
880 566 898 613 a
913 545 1169 617 circumstantiis

234 640 466 735 personae,eui
480 638 624 708 conditio
639 638 721 708 haec
733 637 939 727 iniungatur3
954 638 981 707 si
997 641 1168 710 manifeste

233 748 346 826 patent
366 756 383 804 a
403 753 543 825 persona
558 754 624 801 non
645 752 740 820 posse
758 731 980 801 conditionem
995 735 1169 821 praestari,

234 842 293 899 aut
310 829 491 899 amicorum
513 825 646 907 auxilio,
667 836 724 893 aut
742 825 899 915 sperabili
921 825 1082 895 beneficio
1100 827 1167 895 for·

233 936 357 1008 tunae,
386 933 443 990 aut
474 919 539 988 alio
568 938 769 1008 quocunque
797 919 912 1001 ruodo,
935 918 1072 989 dubium
1098 940 1164 988 uon

234 1028 295 1099 est,
317 1015 397 1106 quin
430 1034 467 1084 ea
487 1013 588 1083 veluti
614 1011 827 1101 impossibilis
845 1012 962 1081 haberi
982 1011 1111 1095 debeat,
1135 1025 1168 1081 et

233 1130 294 1198 pro
313 1130 380 1178 nun
401 1107 539 1189 adiecta,
562 1125 657 1174 secus
675 1125 752 1173 vero
772 1104 800 1173 si
818 1126 855 1173 ea
877 1104 990 1193 aliquo
1008 1105 1165 1193 sperablli

234 1204 332 1271 rnodo
354 1200 516 1290 praestari
538 1218 633 1288 posse
652 1197 851 1267 constiterit.

242 1366 247 1377 ,
280 1294 489 1373 Postremum
511 1290 738 1360 conditionum
759 1312 887 1378 genuS,
917 1288 1072 1360 videlicet
1090 1311 1168 1360 oon·

234 1387 378 1457 ditiones
398 1386 570 1457 defuturo
601 1384 819 1472 contingenti,
842 1405 928 1473 quae
945 1383 1119 1472 possibiles
1135 1400 1168 1454 et

234 1480 392 1549 honestae
409 1479 497 1562 sint,
527 1478 574 1546 uti
596 1477 756 1547 contraho
778 1489 910 1557 tecum,
930 1477 957 1546 si
979 1488 1073 1565 pater
1092 1490 1169 1546 tuus

233 1572 462 1655 consenserit,
484 1571 512 1640 si
532 1570 623 1640 naris
648 1591 687 1639 ex
711 1570 801 1639 ludia
821 1569 972 1652 venerit,
995 1590 1117 1639 nomen
1137 1584 1170 1642 et

232 1665 297 1734 rim
326 1664 525 1735 conditionis
544 1663 680 1753 proprie
711 1663 878 1744 retinent,
898 1675 998 1752 atque
1023 1665 1167 1737 valorem

234 1758 498 1849 desponsationis
514 1757 735 1847 suspendunt,
758 1755 1023 1826 donec‘couditio
1041 1756 1170 1828 exstite-

233 1851 288 1932 rit,
307 1853 356 1922 vel
378 1873 443 1921 non
459 1850 631 1922 exstiterit.
652 1848 789 1938 Oportet
809 1861 933 1934 autem,
955 1862 992 1918 ut
1012 1849 1074 1920 hae
1092 1871 1169 1920 cou-

234 1945 375 2016 ditioues
396 1945 430 2013 iu
454 1942 657 2023 continenti,
676 1953 713 2010 ut
740 1943 845 2023 aiunt,
864 1943 931 2012 sive
955 1942 989 2010 iu
1006 1941 1076 2032 ipso
1093 1964 1170 2013 con-

234 2039 388 2109 trahendi
403 2050 477 2109 actu
495 2037 706 2119 aminiculum
722 2035 886 2126 siquidem
898 2035 1044 2106 adiectae
1057 2049 1169 2127 postea

234 2133 447 2203 matrimonio
463 2153 530 2202 uon
544 2132 626 2199 illud
647 2131 865 2219 suspendunt,
885 2151 946 2199 nec
964 2129 1092 2212 vitiant,
1111 2133 1167 2201 sed

233 2225 391 2297 vitiantur
404 2226 506 2316 ipsae,
524 2224 676 2313 nihilque
692 2235 884 2314 operantur,
901 2244 997 2292 secus
1013 2223 1101 2292 eninr
1120 2225 1170 2293 iu·

234 2319 396 2389 divisibile
424 2319 541 2387 foedus
561 2317 707 2404 coniugii
742 2317 879 2386 arbitrio
900 2316 1167 2386 contrahentium

233 2412 510 2494 committeretur,
533 2410 619 2498 quod
642 2409 706 2477 dici
727 2431 764 2478 ac
784 2410 856 2479 fieri
877 2409 1006 2499 nequit.
1035 2409 1102 2477 Nec
1121 2411 1169 2479 ol-

234 2502 304 2572 licit
324 2502 510 2590 exemplum
545 2501 746 2591 sponsalium
769 2504 810 2572 de
832 2504 969 2585 futuro,
994 2502 1169 2592 inquibus

234 2595 334 2665 etiarn
354 2617 393 2664 er
412 2596 609 2678 intervallo,
634 2608 726 2684 parte
753 2606 894 2685 utraque
915 2595 1167 2679 consentiente,

235 2699 309 2776 post
327 2688 437 2756 datam
456 2687 554 2757 iidem
579 2688 783 2778 sponsalium
809 2688 954 2758 conditio
979 2688 1076 2757 adiici
1097 2703 1170 2777 pot·

236 2793 297 2850 est.
319 2781 401 2849 Nam
423 2784 507 2849 ratio
528 2781 730 2850 discriminis
758 2781 793 2849 iu
818 2803 858 2851 eo
882 2794 957 2866 est,
985 2783 1168 2871 quodcum

235 2874 399 2962 sponsalia
417 2874 457 2943 de
474 2875 598 2959 futuro,
610 2885 725 2943 mutuo
738 2874 882 2963 partium
901 2896 1077 2959 consensu,
1094 2896 1169 2963 pos·

199 3041 201 3044 ,
235 2969 302 3035 siut
331 2966 627 3056 dissolvi‚poterit
647 2967 747 3036 etiam
768 2980 884 3038 mutuo
915 2969 1061 3058 ipsarum
1091 2989 1169 3037 euu-

114 3108 117 3112 ‚
235 3080 334 3129 sensu
349 3061 543 3129 eorumdem
563 3059 767 3150 sponsalium
785 3061 943 3150 obligatio
957 3062 998 3130 de
1018 3061 1169 3131 absoluta

236 3154 270 3221 in
291 3154 549 3224 conditionatam
568 3154 738 3224 converti:
761 3167 796 3224 at
812 3176 907 3224 secus
929 3166 979 3224 est
997 3154 1032 3222 in
1054 3155 1168 3224 matri·

236 3248 361 3330 monim
372 3247 644 3337 quandoquidem
654 3246 741 3315 istud
755 3246 1171 3336 semelaclegitimeluerit

236 3352 455 3423 contractum,
476 3340 607 3410 dissolvi
629 3339 772 3429 amplius
792 3353 908 3411 mutuo
929 3362 1092 3411 consensu
1110 3361 1169 3410 ne·

236 3444 347 3521 queat.

284 3524 354 3594 lluo
379 3526 466 3595 eirca
495 3526 580 3597 hauc
612 3527 717 3617 ipsam
747 3526 968 3598 conditionem
996 3528 1169 3600 defuturo
