2642 4175
234 733 238 738 ’
266 763 312 822 Da
328 762 530 835 §mantibus
547 777 605 834 per
622 761 786 916 Ἧι-
809 763 864 822 ut
886 764 1126 826 Proauetoran

285 1037 455 1129 sponsalia
469 1038 620 1109 contrahi
633 1049 772 1128 possunt
785 1051 852 1109 tam
866 1039 954 1109 inter
965 1041 1170 1128 prementes,

232 1153 333 1224 quam
353 1134 440 1202 inter
460 1133 637 1215 absentes,
660 1154 720 1223 per
738 1132 889 1217 litteras,
912 1154 972 1222 per
990 1132 1170 1202 internun-
1258 1133 1267 1136 “
1305 1139 1313 1158 ’

233 1228 332 1310 tium,
341 1238 400 1296 aut
412 1247 472 1317 per
485 1239 747 1316 procuratorem
762 1226 908 1317 itemque
921 1247 1004 1316 pure
1017 1247 1052 1295 ιι
1064 1226 1170 1312 diem

232 1321 282 1391 vel
301 1319 363 1389 suh
382 1321 584 1405 conditione,
606 1320 743 1389 adiectis
762 1320 862 1390 etism
882 1320 997 1410 pastis,
1019 1319 1069 1389 nti
1088 1340 1172 1409 par·

232 1414 361 1483 dandae
381 1413 523 1493 arrhae,
538 1414 566 1484 si
587 1435 653 1484 nna
672 1433 749 1504 pars
767 1414 839 1484 sine
858 1414 945 1484 iusta
964 1434 1061 1490 causa
1082 1414 1173 1485 rasi·

231 1506 335 1577 liarit.

278 1599 348 1669 lam
368 1619 444 1669 vero
475 1620 535 1689 per
554 1599 705 1685 litteras,
739 1612 797 1670 aut
815 1600 1083 1684 internuntium,
1116 1604 1171 1673 vel

232 1705 484 1785 procuratorem
514 1694 681 1783 sponsalia
706 1694 867 1764 celebrari
895 1715 991 1784 posse
1009 1694 1174 1766 statuitur

232 1790 268 1857 in
288 1788 324 1857 L.
347 1787 440 1857 final.
460 1788 494 1855 ff.
517 1789 580 1857 boc
600 1788 665 1872 tic,
689 1789 746 1858 ubi
773 1787 897 1858 diserte
915 1788 1074 1877 Ulpianus
1095 1789 1170 1859 ait:

236 1907 250 1949 ι
273 1882 311 1952 ln
328 1880 544 1971 sponsalibus
564 1881 803 1952 constituendis
822 1881 912 1970 parvi
929 1882 1033 1951 refert
1052 1901 1116 1970 per
1135 1905 1174 1954 se

233 1988 406 2058 alcoram,
428 1996 488 2064 per
508 1975 763 2060 internuntium,
785 1977 835 2045 vel
855 1996 915 2066 par
933 1976 1110 2064 epistolam
1129 1998 1175 2047 an

233 2090 293 2159 per
313 2069 415 2141 alium
436 2070 499 2139 hoc
517 2069 639 2141 sactum
659 2082 755 2140 est.»
777 2068 854 2138 lure
873 2068 971 2139 etiam
989 2070 1175 2155 Cananica,

232 2176 267 2233 et
285 2164 481 2254 praesertim
497 2185 575 2271 cap3
600 2163 660 2232 ult.
683 2165 724 2233 da
742 2162 915 2233 Procurat
935 2161 1022 2247 inti,
1045 2166 1174 2252 proba·
1254 2222 1257 2225 -

233 2269 303 2327 tum
324 2271 397 2342 est,
420 2271 457 2328 ut
476 2257 595 2327 vicaria
629 2258 767 2327 alterins
798 2278 897 2346 opera
931 2278 1115 2328 consensus
1135 2260 1173 2329 in

231 2352 384 2458 nuptias
384 2352 438 2421 edi
459 2351 574 2439 possit
596 2351 713 2441 ltaque
732 2350 1015 2440 operaepretium
1036 2364 1109 2435 est,
1133 2365 1172 2421 ut

231 2444 267 2512 in
286 2445 403 2532 primis
422 2444 647 2532 explicemus,
665 2446 946 2534 quemadmodum
965 2465 1024 2534 per
1041 2445 1170 2535 episto-

231 2537 297 2607 latn
317 2536 368 2606 val
386 2549 637 2626 procuratorem
656 2537 821 2646 sponsalia
841 2538 947 2608 valide
965 2539 1170 2623 contrahan-

232 2643 301 2698 tur.
317 2630 387 2699 lam
405 2651 482 2700 vero
501 2633 665 2721 sponsalia
684 2634 748 2702 rite
777 2653 837 2720 per
856 2631 1060 2722 epistolam
1050 2653 1171 2703 inanu·

231 2734 310 2808 tur,
333 2724 411 2793 dum
430 2725 506 2813 qais
525 2726 645 2796 litteris
665 2727 751 2797 datis
768 2727 897 2796 laturas
916 2726 1049 2814 nuptias
1070 2725 1170 2795 altari

231 2817 407 2905 promittit,
425 2831 459 2888 et
475 2819 616 2889 vicissim
637 2841 777 2909 persona
795 2841 881 2909 quae
895 2821 1021 2889 litteras
1035 2819 1169 2908 accipit,

229 2910 281 2979 val
299 2912 524 2998 rescribendo,
544 2916 594 2984 vel
613 2935 726 2985 coram
746 2914 820 2982 aliis
838 2915 879 2983 ad
899 2910 974 2983 eam
993 2933 1066 2981 rem
1085 2932 1167 2983 oon·

229 3005 353 3075 vocatis
384 3006 532 3076 animum
553 3029 652 3077 suum
686 3008 896 3087 declaranda,
909 3006 1167 3097 promissionem

231 3111 379 3189 acceptat
396 3112 430 3170 et
448 3101 667 3190 repromittit,
689 3102 791 3191 idque
809 3099 1017 3190 promittenti
1033 3097 1168 3187 signifi·

230 3203 336 3262 oatnr.
358 3192 404 3263 De
422 3207 554 3265 caetero
573 3216 754 3267 censemus
773 3195 992 3263 simultanens
1011 3194 1052 3263 ad
1070 3211 1170 3281 span·

230 3285 349 3356 salium
364 3287 565 3360 validitatem
579 3311 646 3359 nnn
661 3290 861 3380 postulatur,
876 3289 933 3357 sed
949 3288 1029 3356 satis
1040 3298 1103 3367 est,
1115 3297 1164 3365 ut,

231 3382 553 3466 quemadmodum
544 3405 579 3454 ιιι
608 3384 748 3473 reliquis
780 3381 1002 3452 contractibus
1022 3377 1165 3459 obtinet,

231 3472 288 3559 qui
307 3473 400 3561 prior
414 3479 589 3561 consentit,
606 3477 641 3546 in
658 3478 825 3547 voluntate
845 3484 1043 3565 perseveret,
1059 3472 1168 3539 donec

231 3565 335 3636 altera
347 3589 424 3657 pars
441 3570 476 3639 in
489 3570 578 3639 idem
599 3570 758 3661 placitum
777 3570 974 3639 consentiat
990 3568 1168 3636 lnternnn·
