2642 4175
260 353 324 411 162
594 363 697 409 carun
714 362 761 407 ιιι.

210 473 410 536 asseverant
441 461 526 532 llnic
558 461 743 531 sententiae
769 481 806 531 ea
829 470 970 551 possunt
987 462 1149 547 obstare,

211 580 297 651 quae
315 558 357 627 de
376 556 573 647 cognatione
594 555 721 625 carnali
740 555 895 641 diximus,
918 577 959 625 au
979 576 1099 646 nempe
1113 579 1151 627 e·

134 671 141 689 ’
210 654 262 722 ins
280 650 556 743 impedimentum
575 649 765 719 dirimens
755 670 791 718 ιιι
808 651 895 719 linea
914 662 1016 732 recta,
1037 650 1153 741 inspe-

210 759 262 817 cto
282 746 355 815 iure
373 756 513 815 naturae
533 758 567 814 et
586 744 762 828 canonico,
783 743 818 813 iu
835 743 1004 815 infinitum
1017 757 1152 833 protra-

209 842 321 913 hatur.
344 839 429 909 Sane
446 859 512 908 non
533 839 632 908 debet
652 837 758 938 magis
773 838 904 908 extendi
926 837 1078 927 cognatio
1099 840 1153 907 le·

180 934 319 1031 galis,
340 954 441 1025 quam
471 924 682 1003 extendatur
696 931 850 1021 coguatio
879 932 1065 1011 naturalis,
1086 953 1151 1002 seu

209 1027 363 1110 carnalis,
379 1046 466 1117 qnae
486 1026 653 1094 vinculum
676 1025 796 1095 lortius
817 1038 849 1095 et
869 1027 1022 1096 naturale
1042 1025 1152 1095 invol-

209 1122 266 1191 vit
286 1120 398 1191 Placet
415 1120 489 1189 aliis
508 1132 666 1210 quartum
688 1120 828 1208 gradum
848 1140 915 1190 non
933 1120 1090 1190 excedere
1105 1120 1156 1199 ob¹

210 1236 282 1284 eam
303 1236 424 1305 nempe
444 1214 626 1297 rationem,
648 1214 737 1303 quod
757 1214 910 1303 cognatio
929 1213 1065 1307 legalis,
1087 1234 1151 1282 seu

210 1308 315 1379 civilis
331 1307 560 1398 cognationem
579 1308 765 1390 carnalem,
788 1328 846 1377 seu
868 1306 1081 1377 naturalem
1072 1307 1151 1374 rmi-

210 1414 324 1471 tetur:
349 1427 364 1469 r
390 1402 472 1471 hoec
492 1412 622 1484 autem,
645 1401 813 1507 inquiunt,
836 1400 906 1470 de
897 1422 970 1470 rure
989 1400 1150 1470 canonico

210 1495 385 1580 hodierno,
407 1496 495 1565 iuxta
516 1506 638 1565 textum
661 1494 695 1562 in
710 1515 782 1584 cap.
805 1515 872 1564 non
892 1495 991 1563 debet
1010 1495 1050 1563 de
1070 1514 1152 1563 oon·

211 1611 305 1680 sang.
329 1600 362 1660 et
379 1589 448 1674 ati,
470 1590 511 1659 de
531 1610 599 1679 quo
618 1589 736 1658 aliasa
766 1588 862 1657 nobis
888 1599 997 1657 actum
1018 1598 1083 1669 est,
1106 1589 1150 1655 ad

210 1695 368 1774 quartum
389 1704 495 1774 usque
516 1683 655 1772 gradum
688 1681 885 1751 inclusivum
913 1681 1148 1772 protenditur,

210 1787 244 1846 et
270 1776 520 1846 matrimonium
543 1775 697 1863 dirimit,
720 1776 811 1845 nulla
832 1776 916 1848 facta
931 1774 1152 1844 distinctione

210 1871 299 1940 iuter
324 1870 448 1939 lineam
475 1881 600 1940 rectam
633 1880 668 1939 et
702 1869 890 1960 obliquam.
918 1868 1038 1938 Verum
1065 1868 1153 1938 haec

211 1964 298 2034 ratio
323 1962 426 2033 nimis
450 1965 632 2054 probaret;
654 1963 813 2052 probaret
839 1962 1004 2055 siquidem
1028 1982 1154 2051 cogna-

211 2057 336 2128 tionem
380 2059 521 2149 legalem
560 2056 594 2127 in
622 2056 728 2126 linea
737 2057 837 2127 etiam
869 2070 1056 2128 transversa
1075 2077 1150 2125 ma-

213 2152 408 2222 trimonium
436 2173 544 2244 usque
565 2153 607 2221 ad
627 2162 785 2241 quartum
807 2153 946 2241 gradum
970 2151 1149 2235 dirimere,

212 2248 301 2336 qnod
321 2256 371 2317 est
390 2247 525 2316 omnino
546 2247 682 2315 falsum
703 2245 912 2335 Quapropter
929 2242 1154 2313 verosimilior

210 2341 342 2410 videtur
358 2340 548 2421 sententia,
568 2360 669 2430 quum
687 2340 935 2429 amplectuntur
954 2337 1100 2407 Sanchez
1119 2340 1145 2406 l
1202 2365 1205 2368 ·

213 2432 291 2505 7de
312 2446 391 2504 mat.
414 2432 499 2523 disp.
532 2392 589 2517 t’ta,
611 2453 645 2500 n.
668 2429 725 2514 att,
746 2431 1045 2515 Salmanticenses,
1068 2429 1144 2500 alii·

213 2547 278 2617 que
293 2526 417 2615 plures,
427 2545 548 2615 nempe
562 2526 795 2615 cognationem
809 2526 989 2596 hancultra
1002 2523 1150 2633 primum

214 2620 355 2710 gradum
373 2641 440 2690 non
461 2619 591 2689 extendi
611 2621 720 2689 lineae
739 2631 874 2690 rectae.
896 2620 948 2689 ius
967 2619 1055 2689 enim
1075 2618 1153 2686 civi·

213 2716 268 2797 le,
288 2714 376 2803 quod
397 2713 432 2781 in
463 2713 526 2782 hac
546 2715 686 2785 materia
707 2735 723 2783 a
746 2713 819 2783 iure
849 2714 1007 2784 canonico
1027 2712 1154 2781 confir·

213 2817 340 2876 matum
361 2817 434 2890 est,
456 2806 601 2897 primum
621 2808 789 2878 dumtaxat
810 2818 973 2878 memorat
992 2806 1148 2897 gradum,

210 2899 315 2992 ¹atque
336 2900 489 2970 includit
883 2935 886 2940 ·

261 2996 302 3063 At
321 3005 418 3063 caute
435 2995 619 3064 notandum
641 3004 692 3064 est
708 3014 783 3063 curo
804 2992 983 3083 praedictis
1003 2992 1151 3062 auctori·

214 3087 277 3157 bus
313 3088 543 3176 cognationem
565 3086 675 3172 hanc,
704 3087 843 3178 eiusque
875 3086 1153 3192 impedimentum

214 3181 404 3251 dirimens
396 3201 430 3250 vu
449 3181 537 3251 linea
555 3193 656 3262 recta,
692 3183 892 3270 quandoque
913 3181 953 3249 ad
974 3177 1152 3248 ulteriores

216 3276 338 3363 gradus
358 3274 516 3359 extendi,
537 3275 579 3344 ad
597 3295 654 3344 eos
686 3274 814 3344 scilieet
838 3294 977 3357 omnes,
999 3270 1059 3361 qui
1079 3270 1152 3360 ipso

217 3367 404 3457 adoptionis
433 3379 583 3458 tempore
612 3368 674 3437 sub
707 3378 869 3457 potestate
889 3366 1033 3457 adoptati
1055 3384 1153 3454 repe·

217 3459 348 3529 riantur
368 3459 550 3532 constituti.
572 3462 732 3552 adoptata
753 3461 844 3532 enim
865 3461 976 3552 aliqua
992 3478 1148 3550 persona,

217 3563 396 3623 censentur
416 3554 515 3624 etiam
535 3556 680 3646 adoptati
702 3555 775 3625 eius
794 3556 853 3624 lilii
865 3608 874 3639 ,
897 3566 932 3638 et
949 3552 1153 3623 descenden-
