2642 4175
150 396 154 399 ι
254 323 319 380 160
587 331 690 377 carun
705 331 753 375 111.

204 435 283 502 dum
315 432 486 502 cuiusdam
507 430 676 501 affinitatis
708 430 796 499 inter
816 430 1027 522 adoptantem
1046 444 1079 503 et
1101 458 1146 504 u-

203 547 315 596 xorem
347 524 517 617 adoptati,
549 538 582 595 et
609 523 751 594 vicissim
779 522 867 593 inter
893 525 1082 616 adoptatum
1106 542 1147 598 et

204 620 391 710 adoptantis
409 639 565 703 uxorem,
587 629 620 689 et
637 616 779 688 affinitas
798 616 902 687 audit.

249 712 437 794 Quamlibet
456 712 595 783 huiusce
616 711 720 781 civilis
738 732 796 781 seu
823 711 940 800 legalis
967 713 1143 803 cognatio·

202 804 254 876 nis
274 807 418 899 speciem
437 807 595 877 dirimere
613 805 862 875 matrimonium
886 806 961 876 iure
980 807 1141 878 ecclesia-

202 900 309 983 stico,
327 900 489 972 sententia
510 912 561 970 est
580 900 622 969 ab
655 899 809 969 omnibus
833 911 976 990 recepta.
998 906 1079 970 cum
1100 924 1140 972 c·

201 994 270 1063 nim
292 995 365 1065 iure
382 994 541 1066 canonico
567 995 601 1063 in
636 994 768 1062 rubrica
804 995 845 1063 de
875 993 1012 1082 Cognat.
1036 997 1139 1085 legali

201 1089 385 1177 generatim
405 1089 609 1179 approbetur
628 1088 782 1178 cognatio
801 1087 932 1176 tegatis,
952 1101 1051 1177 prout
1068 1102 1138 1159 sta-

201 1193 273 1252 tuta
308 1184 416 1252 luerat
436 1204 496 1272 per
521 1183 574 1252 ius
593 1182 689 1251 civile
705 1232 714 1262 ,
733 1181 794 1251 boc
813 1192 923 1250 autem
945 1183 1019 1252 iure
1049 1183 1139 1253 civili

201 1277 371 1366 quaelibet
390 1297 429 1346 ex
448 1276 545 1346 dictis
564 1276 817 1365 cognationibus
839 1275 1001 1363 legalibus
1019 1276 1062 1346 sit
1077 1276 1141 1345 im·

200 1370 428 1459 pedimentum
442 1370 602 1439 dirimens
617 1369 821 1439 matrimonii
836 1370 1065 1455 contrahendi,
1084 1392 1139 1441 se-

200 1462 316 1551 quitur
335 1464 423 1552 quod
438 1463 538 1532 etiam
554 1464 627 1533 iure
642 1463 864 1533 ecclesiastico
878 1462 1026 1551 ipsarum
1037 1486 1139 1554 quae·

198 1556 281 1625 libet
311 1557 586 1645 impedimentum
608 1558 811 1627 matrimonii
833 1558 993 1627 dirimens
1013 1559 1138 1629 consti·

200 1660 287 1719 tuat.
308 1651 356 1718 Ad
376 1670 446 1719 rem
468 1649 666 1722 Benedictus
684 1651 752 1719 XIV
766 1654 806 1722 de
828 1651 907 1743 Syn.
927 1651 1037 1721 llioeo
1054 1653 1080 1719 l.
1093 1653 1138 1721 lX

199 1763 228 1811 c.
250 1742 296 1812 tlt
317 1744 374 1813 ait:
401 1769 416 1810 c
440 1743 678 1833 Cognatiouom
701 1747 856 1834 legalem,
879 1756 912 1814 et
931 1767 1018 1835 quae
1037 1766 1076 1814 eu
1096 1766 1134 1816 ea

201 1837 241 1905 ad
259 1837 392 1928 nuptias
411 1838 582 1927 prolluunt
601 1840 783 1923 obstacula,
804 1861 844 1910 eo
862 1860 1000 1929 prorsus
1020 1841 1131 1923 modo,
1170 1906 1173 1913 .

202 1951 269 2020 quo
290 1952 307 2000 a
329 1932 403 2001 iure
424 1932 510 2001 civili
529 1944 650 2002 statuta
670 1935 823 2017 luerunt,
847 1933 1026 2003 universim
1047 1953 1136 2002 reoc-

200 2025 250 2116 pit
267 2026 527 2117 approbavitque
546 2026 701 2097 Nicolaus
720 2028 733 2097 l
753 2028 786 2097 in
804 2047 964 2118 responso
988 2028 1027 2098 ad
1055 2048 1135 2098 oon-

198 2121 283 2189 sulla
303 2121 533 2208 bulgarorum.
554 2146 569 2187 ε

244 2214 311 2284 Nec
324 2215 538 2305 caeteroquin
553 2226 603 2284 est
618 2214 651 2284 in
669 2216 784 2284 eodem
801 2215 875 2284 iure
889 2213 1048 2286 canonico
1062 2238 1135 2305 par·

197 2307 346 2377 titularis
378 2307 573 2398 approbatio
605 2310 645 2377 ad
675 2309 824 2398 singulas
857 2308 996 2378 huiusce
1016 2309 1134 2398 legalis

198 2401 404 2489 cognationis
423 2403 573 2490 species,
594 2414 630 2471 ut
658 2424 676 2471 a
698 2424 868 2472 sacrorum
900 2424 1063 2471 canonum
1086 2403 1135 2472 in·

198 2494 399 2582 terprctibus
417 2495 480 2564 fuit
497 2496 775 2566 demonstratum.
797 2497 939 2586 Aliquod
960 2507 1071 2566 tamen
1091 2498 1130 2565 ad

198 2588 350 2656 ellectum
372 2588 550 2657 dirimendi
570 2591 775 2660 matrimonii
795 2590 973 2660 discrimen
988 2589 1134 2658 occurrit
1223 2637 1227 2642 »

198 2680 258 2748 has
277 2679 365 2750 inter
384 2682 500 2770 legalis
519 2684 729 2769 cognationis
747 2684 874 2772 species
894 2705 912 2753 a
933 2684 1008 2754 iure
1028 2704 1130 2752 cano·

197 2772 273 2843 nico
292 2775 469 2862 probatas;
491 2778 578 2865 quod
610 2798 731 2866 nempe
748 2778 854 2868 prima
875 2776 1001 2866 specics
1022 2777 1129 2865 impe·

153 2942 157 2948 ,
198 2866 278 2952 diat,
300 2879 333 2937 ct
351 2868 486 2938 dirimat
505 2881 666 2960 perpetuo
692 2870 964 2954 matrimonium
987 2871 1131 2958 ideoque

99 2968 100 2972 ’
198 2961 472 3051 impedimentum
486 2963 573 3033 inter
586 2966 796 3055 adoptantem
813 2976 1130 3054 tamquampatrem‚

198 3067 231 3125 et
262 3057 453 3146 adoptatum
473 3069 644 3147 tamquam
668 3058 799 3142 filium,
823 3069 1011 3147 perseveret
1028 3056 1128 3140 etiam

196 3151 303 3220 soluta
324 3151 520 3241 adoptione,
543 3163 621 3240 pota
640 3173 701 3241 per
730 3151 1028 3241 emancipationem
1051 3152 1131 3219 ado·

198 3245 292 3333 ptati,
315 3245 404 3314 iuxta
424 3257 548 3315 textum
565 3245 599 3326 in
616 3246 653 3313 L.
671 3245 757 3326 Quin
777 3245 877 3314 etiam
894 3243 940 3313 55
952 3245 989 3313 ll.
1003 3246 1044 3313 de
1062 3244 1129 3314 ritu

196 3338 403 3427 nuptiarum.
430 3339 520 3408 ldem
541 3339 608 3408 dici
628 3340 726 3409 debet
745 3341 786 3408 de
814 3339 912 3409 tertia
943 3338 1054 3428 specie
1074 3359 1130 3406 co-

196 3431 361 3518 gnationis
380 3433 469 3502 inter
484 3435 694 3522 adoptantem
713 3445 745 3502 et
762 3454 898 3503 uxorem
919 3432 1076 3521 adoptati,
1098 3442 1132 3500 et

195 3523 337 3594 uicissim
359 3526 448 3597 inter
476 3528 667 3617 adoptatum
686 3538 720 3597 et
746 3549 881 3597 uxorem
914 3524 1128 3616 adoptantis,
