2642 4175
678 603 744 694 so.

285 772 331 832 uo
345 773 573 832 ιιιιιιιιιιιιι
593 775 770 833 conamen
789 776 986 846 sponsatur
1002 741 1145 838 was

297 955 514 1046 sponsalibus
527 976 595 1025 non
613 975 719 1026 secus.
730 976 769 1024 ac
784 954 923 1028 caeteris
943 954 1086 1043 nogotiis
1098 973 1181 1028 *con-

249 1049 393 1120 ditiones
411 1050 584 1140 possibiles
613 1070 652 1119 ac
685 1050 842 1120 honestae
862 1048 960 1118 adiici
984 1069 1080 1136 posse
1098 1049 1181 1122 certi

247 1142 331 1212 iuris
350 1155 412 1227 ost,
432 1144 534 1214 veluti
553 1144 711 1232 promitto
731 1142 876 1233 nuptias,
898 1143 927 1211 sl
946 1153 1075 1212 tantum
1093 1142 1181 1214 dotis

247 1236 461 1321 intuleris,
434 1258 462 1307 ιι
480 1248 576 1330 pater
602 1249 660 1305 aut
676 1237 761 1305 alius
781 1236 996 1308 consenserit.
1017 1235 1181 1317 Quoniam
1299 1325 1301 1329 Α

245 1350 324 1399 vero
342 1331 549 1400 conditiones
567 1332 774 1417 suspendunt
787 1330 933 1418 negotia,
955 1328 1076 1419 quibus
1095 1329 1179 1404 adii·

247 1424 405 1506 ciuntur,
439 1424 482 1492 ita
512 1424 676 1513 sponsalia
695 1425 758 1494 sub
779 1424 903 1494 talibus
933 1422 1179 1494 conditionibus

246 1515 328 1586 inito
347 1538 414 1586 non
429 1518 530 1587 aliam
551 1518 789 1606 obligationem
807 1518 954 1606 pariunt,
978 1538 1078 1607 quom
1097 1528 1183 1588 ute·

245 1622 362 1679 ventus
379 1611 577 1681 conditionis
594 1624 812 1720 exspectetur
829 1612 911 1681 Cum
923 1632 1000 1682 vero
1014 1611 1181 1700 sponsalia

245 1705 287 1773 da
302 1699 416 1773 luturo
431 1718 548 1775 mutuo
561 1706 707 1795 partium
724 1725 886 1776 consensu
899 1705 1026 1812 possint
1036 1704 1181 1788 dissolri,

245 1799 394 1886 prolecto
407 1800 568 1889 sequitur,
579 1811 720 1889 utraque
733 1796 1073 1889 parteconsentientc‚
1080 1798 1182 1868 etlam

245 1911 285 1960 ox
307 1892 490 1976 intervallo,
514 1904 547 1963 et
567 1907 640 1981 post
659 1895 768 1963 datam
789 1893 901 1972 fidem,
923 1893 1128 1982 sponsalium
1144 1914 1184 1962 o·

245 1983 463 2074 bligationem
483 1988 523 2055 de
544 1988 693 2057 absoluto
715 1988 749 2055 ln
770 1986 1028 2056 conditionatum
1041 2006 1184 2064 conrar-

245 2079 283 2148 ti.
305 2079 444 2169 lmplcta
471 2102 548 2151 vero
574 2081 763 2151 conditione
791 2079 956 2170 sponsalia
978 2101 1060 2169 pura
1081 2078 1180 2165 stunt,

247 2185 281 2241 at
293 2175 333 2241 nd
350 2174 483 2262 nuptias
496 2176 736 2245 contrahendos
745 2176 895 2263 obligare
909 2173 1083 2262 incipiunt,
1094 2196 1183 2264 quae

244 2267 360 2336 eadem
394 2268 553 2356 obligatio
584 2270 716 2351 oritur,
744 2270 771 2338 si
796 2270 852 2337 illa
872 2269 906 2336 in
925 2268 1020 2337 cuius
1039 2267 1182 2354 gratiam

245 2361 391 2430 conditio
411 2362 537 2431 adiecta
560 2375 632 2445 est,
654 2383 726 2432 eam
747 2364 797 2431 vel
818 2382 970 2451 expresse
983 2398 994 2442 ·‚
1016 2361 1065 2431 tel
1084 2361 1181 2432 factis

245 2453 325 2541 ipsis
355 2454 514 2523 remittat.
542 2456 728 2524 Conditioni
756 2456 926 2545 appositae
951 2453 1179 2525 renuntiatum

244 2557 409 2629 censetur,
431 2547 523 2631 dum,
546 2550 601 2618 illa
633 2550 741 2618 adhuc
774 2550 960 2639 pendente,
983 2547 1093 2637 spousi
1113 2547 1181 2619 iam

243 2640 396 2745 copulam
418 2657 648 2725 exercuerunt,
666 2664 737 2732 cap.
756 2642 825 2712 Ριιιι
846 2662 929 2712 rurs
949 2640 971 2709 6
987 2643 1028 2710 de
1047 2641 1179 2712 Condit.
1227 2700 1233 2721 ,

244 2745 385 2820 apposni.

289 2824 410 2895 Verum
429 2826 455 2896 si
477 2829 681 2899 conditiones
694 2843 808 2919 turpes
820 2849 947 2918 eaeque
974 2827 1179 2899 substantioe

244 2919 447 2989 matrimonii
475 2936 697 3012 repugnantes
731 2923 940 3013 sponsalibus
969 2921 1178 3003 adlicientur,

244 3015 508 3121 sponsalianullu
522 3029 611 3085 sunt:
624 3017 1084 3105 conditionesautomturpes‚
1092 3035 1179 3122 quaa

243 3096 948 3199 substantiaematrimoniluonrepugnant,
960 3108 1180 3217 autquaaim·

243 3202 417 3290 possibiles
436 3216 513 3272 sunt
526 3205 593 3273 site
605 3206 808 3284 natarumve
825 3204 923 3286 iacto,
933 3203 1019 3277 auin
1033 3203 1176 3275 fororem

243 3296 446 3384 sponsalium
461 3318 601 3386 pronon
616 3298 752 3368 adiectis
765 3298 963 3379 habeantur,
974 3296 1175 3385 disputatur.
1304 3358 1305 3365 ,

243 3387 356 3467 Quoad
375 3391 581 3461 conditiones
600 3392 820 3481 impossibiles
841 3403 909 3460 tum
941 3401 1084 3469 natura,
1106 3398 1176 3457 tum
1303 3392 1305 3486 j

243 3482 340 3564 facto,
365 3481 511 3554 Sanclrez
531 3486 568 3554 b.
591 3483 613 3555 5
632 3488 674 3555 de
693 3497 774 3555 mat.
795 3485 880 3575 disp.
900 3481 957 3566 17,
986 3481 1064 3551 licat
1081 3481 1179 3551 lateo·
1303 3512 1305 3593 p

244 3585 298 3642 tur
317 3577 398 3644 odeo
419 3580 614 3650 concordem
636 3600 707 3649 esso
724 3579 873 3647 omnium
902 3578 1075 3647 doctorum
1108 3596 1179 3645 sen·
