2642 4175
285 290 294 303 ’
363 325 407 370 nn
425 324 702 371 rnormmnrmns
721 325 923 371 unmmomx
1001 313 1067 372 399

173 423 347 495 indefinita
365 447 379 489 c
397 423 601 513 quicumque
622 421 787 494 dimiserit
805 443 942 493 uxorem
963 444 1068 507 suam,
1082 439 1115 496 et

173 516 274 589 aliam
295 516 437 595 duxerit,
457 516 664 586 moechatur.
685 515 864 606 »idipsum
885 537 1038 607 expresse
1056 520 1114 589 de-

173 611 280 680 clarat
299 609 511 693 Innocentius
529 609 572 677 ltt
604 609 638 678 in
665 629 737 698 cap.
760 608 941 681 Grnnnrrus
961 609 982 680 8
1003 612 1044 680 de
1062 613 1113 683 di·

172 703 302 773 uortiis:
324 702 512 793 propositae
531 702 620 773 enim
638 702 837 791 quaestioni,
858 717 971 775 utrum
991 708 1112 794 pagani

173 808 251 887 post
276 796 525 866 conversionem
546 796 587 865 ad
617 795 736 881 fidem,
760 796 894 886 possint
909 796 1055 868 retinere
1076 821 1112 870 o-

174 910 272 970 mnes
293 909 526 979 omnesquae
554 890 716 960 duxerant
747 891 780 958 in
811 888 1033 972 infidelitate,
1054 906 1113 965 aut

173 1004 277 1073 qnam
297 1003 336 1053 ex
348 982 502 1052 omnibus
514 994 638 1073 queant
653 982 811 1064 retinere,
828 984 1007 1071 respondet
1026 1008 1040 1051 ι
1058 985 1113 1054 ab

173 1097 314 1158 sonum,
336 1087 369 1146 et
388 1076 541 1166 iniquum
561 1096 635 1145 esse
657 1076 748 1145 Fidei
773 1073 1004 1157 Christianae,
1022 1080 1111 1167 quod

172 1180 311 1260 possent
328 1190 444 1238 omnes
465 1169 538 1238 illas
556 1191 676 1239 uxores
696 1169 854 1238 retinere.
877 1192 891 1233 r

222 1262 373 1335 Proiecto
394 1262 421 1331 si
441 1261 584 1333 validum
603 1275 677 1352 post
696 1262 782 1330 hanc
801 1260 924 1331 Christi
943 1262 1050 1351 legem
1067 1265 1083 1332 i
1101 1304 1114 1318 ·

174 1366 228 1427 ret
247 1354 498 1425 matrimonium
529 1377 605 1425 cum
637 1355 790 1446 pluribus
822 1354 923 1423 simul
955 1357 1113 1428 uxoribus

174 1450 263 1539 apud
283 1447 447 1531 infideles,
470 1449 616 1518 validum
634 1447 734 1519 etiam
755 1459 945 1518 remaneret
961 1462 1036 1538 post
1056 1471 1113 1521 eo·

174 1565 251 1613 rum
280 1541 551 1625 conversionem,
571 1553 604 1612 et
631 1540 837 1632 Baptismum
856 1541 891 1609 in
912 1540 960 1611 eis
979 1545 1110 1628 saltem,

174 1635 232 1725 qni
258 1635 396 1725 pacifice
417 1635 610 1706 cohabitare
641 1656 752 1707 secum
784 1634 922 1705 invicem
945 1637 1113 1709 consenti·

173 1740 261 1812 rent,
281 1750 357 1798 cum
379 1749 438 1818 per
458 1727 680 1810 Sacramenta,
701 1740 739 1799 ut
758 1728 805 1798 ait
821 1728 976 1798 laudatus
996 1728 1113 1801 Ponti·

175 1822 312 1905 sermon
326 1820 735 1910 solvanturcouiugia,sed
745 1821 883 1890 crimina
892 1820 1114 1893 dimittantur.

176 1913 288 1995 Quare
308 1915 453 2005 pagani,
478 1915 603 2005 aliique
622 1936 660 1984 ea
682 1914 852 1984 dumtaxat
871 1914 1060 1985 conditione
1079 1917 1115 1989 in

173 2008 343 2079 Ecclesiae
364 2006 475 2079 sinum
493 2007 721 2098 recipiuntur,
741 2017 779 2076 ut
799 2006 931 2074 unicam
949 2008 1116 2077 retineant

173 2123 326 2184 uxorem,
338 2123 413 2172 cum
433 2124 499 2193 qua
517 2102 665 2192 primum
682 2098 849 2170 coniuncti
867 2112 958 2184 sunt,
974 2100 1114 2171 caeteris

173 2195 248 2266 aliis
268 2195 440 2278 dimissis,
465 2214 552 2286 quae
572 2191 714 2263 subinde
735 2191 768 2260 in
785 2192 990 2262 consortium
1013 2193 1114 2261 mari-

170 2288 247 2359 talis
273 2289 338 2360 tori
366 2289 507 2359 fuissent
531 2286 690 2374 adscitae.
730 2285 810 2355 Vide
842 2284 1113 2356 Cathechismum

172 2381 269 2452 Rom.
292 2383 334 2451 de
352 2382 496 2452 Matrim.
520 2404 553 2471 p.
577 2376 795 2465 h,c·.‘18,n.
818 2376 879 2447 dd.

595 2604 611 2695 s
644 2601 705 2673 75.

361 2759 406 2815 lto
424 2756 709 2816 Iudirnoluhilitete
725 2758 927 2817 latrimnnli.

123 2953 127 2958 ·
219 2939 390 3008 Hactenus
409 2937 450 3005 dc
469 2936 598 3006 unitate
618 2934 837 3017 matrimonii,
859 2955 949 3004 nunc
969 2935 1011 3004 ad
1032 2935 1115 3005 atte-

175 3053 246 3102 ram
266 3030 341 3102 eius
360 3029 611 3121 proprietatem,
633 3049 721 3119 quae
741 3028 775 3097 in
795 3027 953 3099 firmitate
972 3049 1032 3099 seu
1062 3028 1115 3097 in·

175 3123 431 3195 dissolubilitate
452 3122 571 3191 vinculi
593 3121 780 3211 coniugalis
798 3121 958 3202 consistit,
977 3123 1114 3191 descen·

176 3216 523 3290 damus.t1uiusmodi
543 3215 749 3297 firmitatem,
769 3236 829 3286 seu
845 3212 1115 3284 indissolubilite-

176 3323 242 3382 tem
274 3320 394 3381 natura
426 3322 459 3380 et
477 3309 553 3379 smis
573 3320 762 3379 contractus
782 3308 966 3398 coniugalis
984 3307 1114 3378 videtur

175 3403 395 3493 expostulare.
410 3403 533 3474 Natura
552 3403 687 3493 quidem
706 3401 954 3472 matrimonium
975 3414 1026 3474 est
1041 3399 1115 3471 ani·

174 3497 218 3565 mi
240 3517 486 3587 corporumque
519 3496 710 3567 coniunctio
730 3497 769 3566 ad
793 3495 995 3566 individuam
1027 3495 1113 3565 uitae
