2642 4175
274 434 340 490 218
609 444 713 496 CAPUT
730 442 777 490 111.

226 542 313 614 Ordo
333 564 426 614 sacer
444 557 627 634 susceptus,
646 543 724 612 licet
745 562 812 611 non
832 542 966 611 dirimat
988 539 1164 612 matrimo-

217 639 318 732 ,nium
338 639 411 707 iure
442 649 660 721 contractum,
685 649 795 706 tamen
815 649 865 707 est
885 636 1163 725 impedimentum

224 732 386 803 dirimens
406 730 609 801 matrimonii
630 730 861 814 contrahendi,
882 743 982 819 atque
1004 730 1086 799 adeo
1104 749 1167 799 uu·

183 877 186 888 a
224 827 311 918 ptiae
333 827 374 895 ab
395 847 434 896 eo
454 836 644 907 attentatae,
665 823 721 914 qui
743 823 776 892 in
797 825 910 914 aliquo
923 822 1162 904 sacroOrdine

225 921 421 1004 constitutos
441 931 501 1000 est,
523 918 685 988 invalidae
701 918 879 1001 habentur,
899 917 1166 1006 easdemqueat·

224 1027 354 1085 tentans
370 1026 439 1083 tum
461 1012 644 1103 gravissimi
666 1012 831 1100 sacrilegii
850 1025 928 1082 rens
948 1023 1009 1095 est,
1032 1012 1160 1081 lumin

223 1109 305 1178 tanti
327 1107 475 1177 criminis
495 1126 635 1196 poenam
657 1105 1031 1175 excommunicationem
1053 1106 1161 1175 moio-

225 1223 295 1273 rem
317 1201 388 1291 ipso
406 1202 495 1270 iacto
533 1199 674 1268 incurrit
702 1200 803 1270 latam
833 1222 851 1269 a
878 1200 1047 1269 Clemente
1065 1199 1088 1265 V
1108 1200 1162 1270 bis

224 1296 348 1365 verbis:
375 1320 389 1360 r
412 1294 558 1363 Olerioos
579 1295 613 1362 iu
633 1293 736 1362 sacris
754 1291 934 1363 Ordinibus
965 1294 1162 1364 constitutos

222 1386 471 1458 matrimonium
517 1387 751 1457 contrahentes
806 1387 1161 1458 excommunicationis

223 1481 407 1565 sententiae
425 1479 497 1569 ipso
509 1480 594 1549 iacto
611 1480 786 1551 subiacere
807 1481 1040 1551 decernimus:
1060 1505 1074 1547 i
1092 1479 1165 1551 Cle-

222 1586 324 1645 ment.
348 1573 437 1643 unic.
460 1574 501 1642 de
517 1573 685 1664 Consang.
707 1587 739 1642 et
764 1575 885 1658 Affin.;
905 1574 1165 1665 itemquefitir·

225 1667 389 1756 regularis
420 1667 462 1736 ob
490 1667 668 1757 bigamiam
702 1667 1029 1751 similitudinariam,
1060 1688 1162 1757 marn

223 1782 283 1850 per
303 1772 480 1830 attentatas
494 1760 685 1830 huiusmodi
707 1766 840 1851 nuptias
860 1762 1036 1845 contrahit,
1053 1773 1086 1830 et
1104 1763 1165 1831 de·

222 1854 325 1944 nique
340 1854 382 1923 ab
399 1854 507 1924 officio
527 1854 737 1925 etbenefieio
758 1856 973 1944 deponendos
993 1868 1056 1937 est,
1071 1854 1162 1925 iuxta

221 1967 367 2039 sequeus
387 1947 563 2018 Decretum
584 1948 768 2018 lnnocentii
788 1949 816 2016 ll
838 1948 872 2017 in
892 1948 1017 2018 Concil.
1040 1950 1164 2024 Rorna-

224 2063 287 2113 no:
312 2067 326 2110 r
351 2041 578 2125 Decernimus,
614 2055 651 2112 ut
670 2043 728 2126 bi,
752 2043 809 2133 qui
831 2043 864 2111 in
884 2041 1006 2113 Ordine
1025 2042 1166 2113 Subdiu·

222 2148 358 2206 conatus
376 2150 410 2206 et
428 2158 528 2227 supra
550 2156 670 2206 uxores
691 2137 856 2221 duxerint,
880 2137 989 2206 officio
1009 2149 1043 2207 et
1060 2139 1163 2207 bene·

222 2231 297 2299 ficio
315 2231 538 2299 ecclesiastico
558 2241 703 2299 careant.
726 2255 741 2296 i

271 2326 312 2392 At
326 2322 441 2393 Graeci
456 2323 679 2393 continentiae
695 2326 815 2414 legem,
831 2325 881 2393 rel
897 2336 1011 2393 votnm
1030 2342 1162 2394 sacrum

221 2415 400 2486 Ordinibus
419 2437 486 2485 nou
505 2418 696 2499 adnectunt,
717 2420 807 2501 sive,
831 2429 868 2487 ut
898 2417 1049 2508 loquitur
1068 2418 1163 2486 limo-

221 2511 349 2580 centius
369 2509 432 2593 ill,
455 2532 529 2600 cap.
550 2509 584 2593 6,
612 2512 653 2581 de
672 2514 759 2582 Cler.
790 2511 923 2600 coning.
946 2536 960 2578 r
985 2509 1163 2586 Orientalis

223 2602 366 2672 Ecclesia
387 2614 497 2673 votum
516 2604 739 2676 continentiae
757 2625 823 2673 non
838 2605 983 2688 admisit,
1003 2605 1161 2695 quoniam

221 2695 405 2764 Orientales
424 2696 458 2764 in
476 2697 662 2767 minoribus
682 2697 860 2768 Ordinibus
880 2699 1107 2781 contrahunt,
1128 2712 1163 2768 et

223 2788 513 2878 insuperioribus
542 2803 684 2860 utuntur
700 2792 915 2862 matrimonio
944 2792 1009 2861 iam
1030 2802 1163 2862 contra-

223 2893 288 2951 cto
321 2906 343 2947 r·
366 2881 586 2963 Quamobrem
619 2884 733 2954 Graeci
767 2885 925 2955 uxoribus
955 2885 1024 2955 suis
1053 2885 1162 2956 unicis

223 2997 262 3045 ac
279 2975 486 3063 virginibus,
519 2990 595 3048 ante
614 2977 864 3048 Ordinationem
885 2980 992 3079 ductis
1024 2979 1073 3048 uti
1092 3000 1160 3050 non

222 3081 398 3153 vetantur,
426 3091 494 3139 non
521 3091 599 3140 vero
631 3072 871 3161 permittuntur
891 3085 965 3161 post
988 3082 1160 3163 susceptos

223 3161 361 3233 Ordines
380 3183 491 3234 sacros
511 3165 643 3254 nuptias
664 3165 763 3234 inire.
784 3165 874 3234 Haeo
892 3165 1092 3236 Graecorum
1112 3167 1161 3235 di·

223 3257 361 3347 sciplina
382 3258 554 3346 paullatim
577 3258 722 3348 irrepsit,
735 3259 813 3328 dein
827 3261 1054 3348 percanones
1068 3259 1162 3329 'l'rul-
1304 3324 1309 3337 ,

223 3352 318 3419 lanos
335 3351 556 3434 stabilita,'et
589 3354 630 3421 ab
651 3352 797 3422 Ecclesia
830 3352 930 3422 latina
957 3354 997 3422 ad
1017 3353 1161 3423 sobisma
1289 3402 1297 3429 t

222 3442 392 3522 nundum
412 3445 551 3513 tolerata
571 3458 632 3515 est.
650 3446 730 3516 Vide
750 3446 862 3516 Const.
885 3446 965 3515 Ben.
980 3445 1060 3514 Xll'.
1080 3446 1164 3516 Essa
1304 3450 1309 3479 ²

224 3533 427 3603 Prsromcrs
446 3535 492 3605 96
505 3538 579 3607 Maii
601 3537 708 3608 titt.
728 3539 978 3632 Pupp-Szilagpi
996 3538 1163 3610 «Euenit.

225 3626 251 3694 l.
273 3627 311 3695 G.
331 3625 458 3697 Orieut.
479 3630 573 3699 Catb.
597 3631 724 3721 §lOl‚
746 3646 779 3703 et
795 3634 972 3703 Zbisbman
991 3654 1049 3722 op.
1070 3657 1085 3701 r
1103 3635 1166 3706 das
