<?xml version="1.0" encoding="UTF-8"?>
<!DOCTYPE html PUBLIC "-//W3C//DTD XHTML 1.0 Transitional//EN"
    "http://www.w3.org/TR/xhtml1/DTD/xhtml1-transitional.dtd">
<html xmlns="http://www.w3.org/1999/xhtml" xml:lang="en" lang="en">
 <head>
  <title>
</title>
<meta http-equiv="Content-Type" content="text/html;charset=utf-8" />
  <meta name='ocr-system' content='tesseract 3.04.00' />
  <meta name='ocr-capabilities' content='ocr_page ocr_carea ocr_par ocr_line ocrx_word'/>
</head>
<body>
  <div class='ocr_page' id='page_1' title='image "./septimiimariaev00veccgoog_0482.png"; bbox 0 0 2642 4175; ppageno 0'>
   <div class='ocr_carea' id='block_1_1' title="bbox 299 350 825 408">
    <p class='ocr_par' dir='ltr' id='par_1_1' title="bbox 299 350 825 408">
     <span class='ocr_line' id='line_1_1' title="bbox 299 350 825 408; baseline 0.004 -2"><span class='ocrx_word' id='word_1_1' title='bbox 299 350 368 406; x_wconf 79' lang='grc'><strong>418</strong></span> <span class='ocrx_word' id='word_1_2' title='bbox 620 362 784 407; x_wconf 70' lang='lat' dir='ltr'><strong>aranon</strong></span> <span class='ocrx_word' id='word_1_3' title='bbox 802 365 825 408; x_wconf 90' lang='lat' dir='ltr'><strong>t.</strong></span> 
     </span>
    </p>
   </div>
   <div class='ocr_carea' id='block_1_2' title="bbox 246 457 1256 3642">
    <p class='ocr_par' dir='ltr' id='par_1_2' title="bbox 246 457 1256 3642">
     <span class='ocr_line' id='line_1_2' title="bbox 253 457 1196 551; baseline 0.008 -25"><span class='ocrx_word' id='word_1_4' title='bbox 253 457 398 529; x_wconf 74' lang='lat' dir='ltr'><strong>invocari</strong></span> <span class='ocrx_word' id='word_1_5' title='bbox 417 470 536 550; x_wconf 76' lang='lat' dir='ltr'><strong>potant.</strong></span> <span class='ocrx_word' id='word_1_6' title='bbox 571 460 645 550; x_wconf 87' lang='lat' dir='ltr'><strong>lpse</strong></span> <span class='ocrx_word' id='word_1_7' title='bbox 674 460 796 529; x_wconf 83' lang='lat' dir='ltr'><strong>coniux</strong></span> <span class='ocrx_word' id='word_1_8' title='bbox 823 460 887 529; x_wconf 86' lang='lat' dir='ltr'><strong>hoc</strong></span> <span class='ocrx_word' id='word_1_9' title='bbox 918 461 1018 545; x_wconf 89' lang='lat' dir='ltr'><strong>iure,</strong></span> <span class='ocrx_word' id='word_1_10' title='bbox 1040 462 1196 551; x_wconf 84' lang='lat' dir='ltr'><strong>quolibet</strong></span> 
     </span>
     <span class='ocr_line' id='line_1_3' title="bbox 254 551 1191 644; baseline 0.005 -24"><span class='ocrx_word' id='word_1_11' title='bbox 254 562 428 643; x_wconf 87' lang='lat' dir='ltr'><strong>tempore,</strong></span> <span class='ocrx_word' id='word_1_12' title='bbox 463 553 511 623; x_wconf 88' lang='lat' dir='ltr'><strong>uti</strong></span> <span class='ocrx_word' id='word_1_13' title='bbox 532 566 641 644; x_wconf 85' lang='lat' dir='ltr'><strong>potaat</strong></span> <span class='ocrx_word' id='word_1_14' title='bbox 668 567 732 624; x_wconf 87' lang='lat' dir='ltr'><strong>art.</strong></span> <span class='ocrx_word' id='word_1_15' title='bbox 754 551 837 623; x_wconf 84' lang='grc'><strong>113.</strong></span> <span class='ocrx_word' id='word_1_16' title='bbox 865 555 1035 644; x_wconf 79' lang='lat' dir='ltr'>Excipitur</span> <span class='ocrx_word' id='word_1_17' title='bbox 1062 567 1191 625; x_wconf 88' lang='lat' dir='ltr'><strong>tantum</strong></span> 
     </span>
     <span class='ocr_line' id='line_1_4' title="bbox 253 649 1192 738; baseline 0.005 -24"><span class='ocrx_word' id='word_1_18' title='bbox 253 664 372 724; x_wconf 74' lang='lat' dir='ltr'><strong>mous.</strong></span> <span class='ocrx_word' id='word_1_19' title='bbox 401 668 469 738; x_wconf 86' lang='lat' dir='ltr'><strong>quo</strong></span> <span class='ocrx_word' id='word_1_20' title='bbox 497 649 681 718; x_wconf 84' lang='lat' dir='ltr'><strong>secundom</strong></span> <span class='ocrx_word' id='word_1_21' title='bbox 702 649 963 732; x_wconf 77' lang='lat' dir='ltr'><strong>matrimonium,</strong></span> <span class='ocrx_word' id='word_1_22' title='bbox 986 649 1091 717; x_wconf 89' lang='lat' dir='ltr'><strong>altero</strong></span> <span class='ocrx_word' id='word_1_23' title='bbox 1110 671 1192 719; x_wconf 84' lang='lat' dir='ltr'><strong>con·</strong></span> 
     </span>
     <span class='ocr_line' id='line_1_5' title="bbox 252 738 1192 833; baseline 0.006 -27"><span class='ocrx_word' id='word_1_24' title='bbox 252 738 332 829; x_wconf 73' lang='lat' dir='ltr'><strong>iope</strong></span> <span class='ocrx_word' id='word_1_25' title='bbox 350 741 497 824; x_wconf 81' lang='lat' dir='ltr'><strong>obtenta,</strong></span> <span class='ocrx_word' id='word_1_26' title='bbox 518 753 724 812; x_wconf 81' lang='lat' dir='ltr'><strong>contractam</strong></span> <span class='ocrx_word' id='word_1_27' title='bbox 739 741 804 824; x_wconf 85' lang='lat' dir='ltr'><strong>ait,</strong></span> <span class='ocrx_word' id='word_1_28' title='bbox 826 742 1109 833; x_wconf 82' lang='lat' dir='ltr'><strong>quandoquidem,</strong></span> <span class='ocrx_word' id='word_1_29' title='bbox 1126 745 1192 812; x_wconf 88' lang='lat' dir='ltr'><strong>dn-</strong></span> 
     </span>
     <span class='ocr_line' id='line_1_6' title="bbox 252 835 1192 926; baseline 0.006 -26"><span class='ocrx_word' id='word_1_30' title='bbox 252 845 349 905; x_wconf 89' lang='lat' dir='ltr'><strong>ranta</strong></span> <span class='ocrx_word' id='word_1_31' title='bbox 368 836 442 905; x_wconf 86' lang='lat' dir='ltr'><strong>eius</strong></span> <span class='ocrx_word' id='word_1_32' title='bbox 462 835 624 921; x_wconf 77' lang='lat' dir='ltr'><strong>absentia,</strong></span> <span class='ocrx_word' id='word_1_33' title='bbox 644 837 760 926; x_wconf 87' lang='lat' dir='ltr'><strong>impeti</strong></span> <span class='ocrx_word' id='word_1_34' title='bbox 778 856 796 906; x_wconf 92' lang='lat' dir='ltr'><strong>a</strong></span> <span class='ocrx_word' id='word_1_35' title='bbox 814 837 955 925; x_wconf 79' lang='lat' dir='ltr'><strong>coniuge</strong></span> <span class='ocrx_word' id='word_1_36' title='bbox 975 836 1103 926; x_wconf 87' lang='lat' dir='ltr'><strong>nequit.</strong></span> <span class='ocrx_word' id='word_1_37' title='bbox 1124 837 1192 906; x_wconf 78' lang='lat' dir='ltr'><strong>«tt</strong></span> 
     </span>
     <span class='ocr_line' id='line_1_7' title="bbox 252 930 1191 1019; baseline 0.003 -22"><span class='ocrx_word' id='word_1_38' title='bbox 252 931 461 998; x_wconf 81' lang='lat' dir='ltr'><strong>matrimonio</strong></span> <span class='ocrx_word' id='word_1_39' title='bbox 476 936 636 1000; x_wconf 80' lang='lat' dir='ltr'><strong>contrella</strong></span> <span class='ocrx_word' id='word_1_40' title='bbox 648 930 707 998; x_wconf 85' lang='lat' dir='ltr'><strong>dul</strong></span> <span class='ocrx_word' id='word_1_41' title='bbox 722 930 855 1019; x_wconf 76' lang='lat' dir='ltr'><strong>oonlupe</strong></span> <span class='ocrx_word' id='word_1_42' title='bbox 870 932 907 998; x_wconf 86' lang='grc'><strong>11</strong></span> <span class='ocrx_word' id='word_1_43' title='bbox 923 952 970 998; x_wconf 81' lang='lat' dir='ltr'><strong>ura</strong></span> <span class='ocrx_word' id='word_1_44' title='bbox 982 938 1108 999; x_wconf 68' lang='lat' dir='ltr'><strong>caseata</strong></span> <span class='ocrx_word' id='word_1_45' title='bbox 1120 952 1191 1000; x_wconf 84' lang='lat' dir='ltr'><strong>nore</strong></span> 
     </span>
     <span class='ocr_line' id='line_1_8' title="bbox 248 1024 1187 1113; baseline -0.002 -21"><span class='ocrx_word' id='word_1_46' title='bbox 248 1026 317 1110; x_wconf 72' lang='lat' dir='ltr'><strong>pcto</strong></span> <span class='ocrx_word' id='word_1_47' title='bbox 335 1044 437 1093; x_wconf 75' lang='lat' dir='ltr'><strong>maere</strong></span> <span class='ocrx_word' id='word_1_48' title='bbox 468 1026 682 1113; x_wconf 73' lang='lat' dir='ltr'><strong>tmpopuoto,</strong></span> <span class='ocrx_word' id='word_1_49' title='bbox 715 1025 819 1112; x_wconf 72' lang='grc'><strong>11111</strong></span> <span class='ocrx_word' id='word_1_50' title='bbox 848 1026 933 1093; x_wconf 79' lang='lat' dir='ltr'><strong>dura</strong></span> <span class='ocrx_word' id='word_1_51' title='bbox 969 1024 990 1090; x_wconf 87' lang='lat' dir='ltr'><strong>l’</strong></span> <span class='ocrx_word' id='word_1_52' title='bbox 1004 1045 1148 1092; x_wconf 76' lang='lat' dir='ltr'><strong>cesenae.</strong></span> <span class='ocrx_word' id='word_1_53' title='bbox 1170 1048 1187 1090; x_wconf 75' lang='lat' dir='ltr'><strong>a</strong></span> 
     </span>
     <span class='ocr_line' id='line_1_9' title="bbox 252 1115 1190 1209; baseline 0.003 -26"><span class='ocrx_word' id='word_1_54' title='bbox 252 1118 324 1184; x_wconf 73' lang='lat' dir='ltr'><strong>Art.</strong></span> <span class='ocrx_word' id='word_1_55' title='bbox 346 1115 427 1185; x_wconf 81' lang='grc'><strong>113.</strong></span> <span class='ocrx_word' id='word_1_56' title='bbox 446 1117 598 1201; x_wconf 85' lang='lat' dir='ltr'><strong>Nullitaa,</strong></span> <span class='ocrx_word' id='word_1_57' title='bbox 617 1138 704 1209; x_wconf 89' lang='lat' dir='ltr'><strong>quae</strong></span> <span class='ocrx_word' id='word_1_58' title='bbox 722 1119 830 1187; x_wconf 88' lang='lat' dir='ltr'><strong>oritur</strong></span> <span class='ocrx_word' id='word_1_59' title='bbox 847 1137 885 1187; x_wconf 83' lang='lat' dir='ltr'><strong>ex</strong></span> <span class='ocrx_word' id='word_1_60' title='bbox 909 1116 1092 1206; x_wconf 75' lang='lat' dir='ltr'><strong>ligamine,</strong></span> <span class='ocrx_word' id='word_1_61' title='bbox 1119 1138 1190 1187; x_wconf 89' lang='lat' dir='ltr'><strong>non</strong></span> 
     </span>
     <span class='ocr_line' id='line_1_10' title="bbox 252 1210 1189 1301; baseline 0.001 -23"><span class='ocrx_word' id='word_1_62' title='bbox 252 1211 574 1300; x_wconf 60' lang='lat' dir='ltr'><strong>purgamentum</strong></span> <span class='ocrx_word' id='word_1_63' title='bbox 595 1212 688 1301; x_wconf 89' lang='lat' dir='ltr'><strong>prius</strong></span> <span class='ocrx_word' id='word_1_64' title='bbox 708 1210 956 1281; x_wconf 73' lang='lat' dir='ltr'><strong>matrimonium</strong></span> <span class='ocrx_word' id='word_1_65' title='bbox 976 1211 1189 1281; x_wconf 77' lang='lat' dir='ltr'><strong>dissolvatur.</strong></span> 
     </span>
     <span class='ocr_line' id='line_1_11' title="bbox 251 1302 1187 1394; baseline 0.005 -23"><span class='ocrx_word' id='word_1_66' title='bbox 251 1302 373 1373; x_wconf 87' lang='lat' dir='ltr'><strong>Vernrn</strong></span> <span class='ocrx_word' id='word_1_67' title='bbox 389 1305 418 1375; x_wconf 84' lang='lat' dir='ltr'><strong>ai</strong></span> <span class='ocrx_word' id='word_1_68' title='bbox 435 1306 521 1374; x_wconf 86' lang='lat' dir='ltr'><strong>alter</strong></span> <span class='ocrx_word' id='word_1_69' title='bbox 539 1306 657 1375; x_wconf 82' lang='lat' dir='ltr'><strong>coniux</strong></span> <span class='ocrx_word' id='word_1_70' title='bbox 674 1305 817 1388; x_wconf 87' lang='lat' dir='ltr'><strong>obierit,</strong></span> <span class='ocrx_word' id='word_1_71' title='bbox 847 1305 1017 1394; x_wconf 84' lang='lat' dir='ltr'><strong>poblicum</strong></span> <span class='ocrx_word' id='word_1_72' title='bbox 1035 1304 1187 1376; x_wconf 82' lang='lat' dir='ltr'><strong>ministe-</strong></span> 
     </span>
     <span class='ocr_line' id='line_1_12' title="bbox 251 1397 1058 1489; baseline 0.001 -25"><span class='ocrx_word' id='word_1_73' title='bbox 251 1397 339 1466; x_wconf 84' lang='lat' dir='ltr'><strong>rium</strong></span> <span class='ocrx_word' id='word_1_74' title='bbox 360 1418 461 1488; x_wconf 74' lang='lat' dir='ltr'><strong>agere</strong></span> <span class='ocrx_word' id='word_1_75' title='bbox 479 1419 540 1487; x_wconf 90' lang='lat' dir='ltr'><strong>pro</strong></span> <span class='ocrx_word' id='word_1_76' title='bbox 556 1399 708 1469; x_wconf 88' lang='lat' dir='ltr'><strong>nullitate</strong></span> <span class='ocrx_word' id='word_1_77' title='bbox 728 1399 868 1489; x_wconf 82' lang='lat' dir='ltr'><strong>nequit3</strong></span> <span class='ocrx_word' id='word_1_78' title='bbox 888 1411 952 1467; x_wconf 90' lang='lat' dir='ltr'><strong>art.</strong></span> <span class='ocrx_word' id='word_1_79' title='bbox 975 1397 1058 1466; x_wconf 77' lang='grc'><strong>114.</strong></span> 
     </span>
     <span class='ocr_line' id='line_1_13' title="bbox 297 1490 1189 1582; baseline -0.001 -22"><span class='ocrx_word' id='word_1_80' title='bbox 297 1490 442 1561; x_wconf 84' lang='lat' dir='ltr'><strong>Gradum</strong></span> <span class='ocrx_word' id='word_1_81' title='bbox 464 1493 563 1561; x_wconf 83' lang='lat' dir='ltr'><strong>modo</strong></span> <span class='ocrx_word' id='word_1_82' title='bbox 592 1493 710 1562; x_wconf 81' lang='lat' dir='ltr'><strong>faciam</strong></span> <span class='ocrx_word' id='word_1_83' title='bbox 738 1494 777 1561; x_wconf 89' lang='lat' dir='ltr'><strong>ad</strong></span> <span class='ocrx_word' id='word_1_84' title='bbox 808 1491 1082 1582; x_wconf 81' lang='lat' dir='ltr'><strong>impedimentum</strong></span> <span class='ocrx_word' id='word_1_85' title='bbox 1104 1490 1189 1560; x_wconf 87' lang='lat' dir='ltr'><strong>diri-</strong></span> 
     </span>
     <span class='ocr_line' id='line_1_14' title="bbox 253 1586 1256 1676; baseline 0.001 -24"><span class='ocrx_word' id='word_1_86' title='bbox 253 1604 358 1669; x_wconf 83' lang='lat' dir='ltr'><strong>mens,</strong></span> <span class='ocrx_word' id='word_1_87' title='bbox 381 1586 482 1675; x_wconf 89' lang='lat' dir='ltr'><strong>quod,</strong></span> <span class='ocrx_word' id='word_1_88' title='bbox 507 1598 575 1654; x_wconf 91' lang='lat' dir='ltr'><strong>tum</strong></span> <span class='ocrx_word' id='word_1_89' title='bbox 596 1607 634 1655; x_wconf 81' lang='lat' dir='ltr'><strong>en</strong></span> <span class='ocrx_word' id='word_1_90' title='bbox 651 1586 849 1676; x_wconf 78' lang='lat' dir='ltr'><strong>cognatione</strong></span> <span class='ocrx_word' id='word_1_91' title='bbox 863 1586 1019 1669; x_wconf 86' lang='lat' dir='ltr'><strong>naturali,</strong></span> <span class='ocrx_word' id='word_1_92' title='bbox 1035 1605 1095 1654; x_wconf 85' lang='lat' dir='ltr'><strong>sen</strong></span> <span class='ocrx_word' id='word_1_93' title='bbox 1114 1606 1188 1654; x_wconf 91' lang='lat' dir='ltr'><strong>car·</strong></span> <span class='ocrx_word' id='word_1_94' title='bbox 1253 1658 1256 1663; x_wconf 21' lang='lat'><strong>⁴</strong></span> 
     </span>
     <span class='ocr_line' id='line_1_15' title="bbox 249 1677 1187 1769; baseline 0.003 -25"><span class='ocrx_word' id='word_1_95' title='bbox 249 1677 339 1761; x_wconf 86' lang='lat' dir='ltr'><strong>nali,</strong></span> <span class='ocrx_word' id='word_1_96' title='bbox 361 1691 395 1747; x_wconf 86' lang='lat' dir='ltr'><strong>et</strong></span> <span class='ocrx_word' id='word_1_97' title='bbox 413 1699 452 1747; x_wconf 81' lang='lat' dir='ltr'><strong>ex</strong></span> <span class='ocrx_word' id='word_1_98' title='bbox 471 1678 640 1762; x_wconf 82' lang='lat' dir='ltr'><strong>affinitate,</strong></span> <span class='ocrx_word' id='word_1_99' title='bbox 661 1693 731 1751; x_wconf 91' lang='lat' dir='ltr'><strong>turn</strong></span> <span class='ocrx_word' id='word_1_100' title='bbox 749 1701 788 1749; x_wconf 82' lang='lat' dir='ltr'><strong>ax</strong></span> <span class='ocrx_word' id='word_1_101' title='bbox 802 1679 997 1769; x_wconf 81' lang='lat' dir='ltr'><strong>cognatione</strong></span> <span class='ocrx_word' id='word_1_102' title='bbox 1011 1678 1110 1761; x_wconf 85' lang='lat' dir='ltr'><strong>cirili,</strong></span> <span class='ocrx_word' id='word_1_103' title='bbox 1126 1699 1187 1747; x_wconf 92' lang='lat' dir='ltr'><strong>seu</strong></span> 
     </span>
     <span class='ocr_line' id='line_1_16' title="bbox 250 1770 1186 1862; baseline 0.002 -25"><span class='ocrx_word' id='word_1_104' title='bbox 250 1770 348 1858; x_wconf 76' lang='lat' dir='ltr'><strong>legali</strong></span> <span class='ocrx_word' id='word_1_105' title='bbox 368 1771 598 1861; x_wconf 82' lang='lat' dir='ltr'><strong>proficiaoitur.</strong></span> <span class='ocrx_word' id='word_1_106' title='bbox 614 1773 659 1843; x_wconf 86' lang='lat' dir='ltr'><strong>lle</strong></span> <span class='ocrx_word' id='word_1_107' title='bbox 676 1773 871 1862; x_wconf 81' lang='lat' dir='ltr'><strong>cognatione</strong></span> <span class='ocrx_word' id='word_1_108' title='bbox 885 1771 1049 1862; x_wconf 80' lang='lat' dir='ltr'><strong>spirituali</strong></span> <span class='ocrx_word' id='word_1_109' title='bbox 1063 1771 1098 1840; x_wconf 90' lang='lat' dir='ltr'><strong>in</strong></span> <span class='ocrx_word' id='word_1_110' title='bbox 1112 1771 1186 1840; x_wconf 88' lang='lat' dir='ltr'><strong>inre</strong></span> 
     </span>
     <span class='ocr_line' id='line_1_17' title="bbox 247 1863 1184 1956; baseline 0.002 -24"><span class='ocrx_word' id='word_1_111' title='bbox 247 1863 335 1932; x_wconf 81' lang='lat' dir='ltr'><strong>cirili</strong></span> <span class='ocrx_word' id='word_1_112' title='bbox 352 1885 421 1935; x_wconf 92' lang='lat' dir='ltr'><strong>non</strong></span> <span class='ocrx_word' id='word_1_113' title='bbox 443 1878 494 1936; x_wconf 77' lang='lat' dir='ltr'><strong>eet</strong></span> <span class='ocrx_word' id='word_1_114' title='bbox 512 1887 637 1936; x_wconf 78' lang='lat' dir='ltr'><strong>sermo.</strong></span> <span class='ocrx_word' id='word_1_115' title='bbox 667 1869 713 1935; x_wconf 76' lang='lat' dir='ltr'><strong>art</strong></span> <span class='ocrx_word' id='word_1_116' title='bbox 744 1866 975 1956; x_wconf 77' lang='lat' dir='ltr'><strong>cognationem</strong></span> <span class='ocrx_word' id='word_1_117' title='bbox 996 1866 1184 1934; x_wconf 73' lang='lat' dir='ltr'><strong>naturalem</strong></span> 
     </span>
     <span class='ocr_line' id='line_1_18' title="bbox 249 1959 1185 2051; baseline 0.001 -26"><span class='ocrx_word' id='word_1_118' title='bbox 249 1968 282 2026; x_wconf 87' lang='lat' dir='ltr'><strong>et</strong></span> <span class='ocrx_word' id='word_1_119' title='bbox 300 1959 341 2027; x_wconf 85' lang='lat' dir='ltr'><strong>ad</strong></span> <span class='ocrx_word' id='word_1_120' title='bbox 361 1959 555 2031; x_wconf 85' lang='lat' dir='ltr'><strong>affinitatem</strong></span> <span class='ocrx_word' id='word_1_121' title='bbox 578 1960 666 2051; x_wconf 87' lang='lat' dir='ltr'><strong>quod</strong></span> <span class='ocrx_word' id='word_1_122' title='bbox 684 1961 792 2050; x_wconf 90' lang='lat' dir='ltr'><strong>primo</strong></span> <span class='ocrx_word' id='word_1_123' title='bbox 811 1972 955 2051; x_wconf 76' lang='lat' dir='ltr'><strong>spectat,</strong></span> <span class='ocrx_word' id='word_1_124' title='bbox 978 1969 1111 2048; x_wconf 88' lang='lat' dir='ltr'><strong>apertus</strong></span> <span class='ocrx_word' id='word_1_125' title='bbox 1132 1971 1185 2026; x_wconf 85' lang='lat' dir='ltr'><strong>eet</strong></span> 
     </span>
     <span class='ocr_line' id='line_1_19' title="bbox 248 2051 1183 2145; baseline 0 -25"><span class='ocrx_word' id='word_1_126' title='bbox 248 2068 360 2122; x_wconf 80' lang='lat' dir='ltr'><strong>nermo</strong></span> <span class='ocrx_word' id='word_1_127' title='bbox 381 2053 415 2123; x_wconf 92' lang='lat' dir='ltr'><strong>in</strong></span> <span class='ocrx_word' id='word_1_128' title='bbox 432 2066 495 2125; x_wconf 91' lang='lat' dir='ltr'><strong>art.</strong></span> <span class='ocrx_word' id='word_1_129' title='bbox 514 2051 559 2124; x_wconf 88' lang='grc'><strong>58</strong></span> <span class='ocrx_word' id='word_1_130' title='bbox 579 2062 613 2124; x_wconf 88' lang='lat' dir='ltr'><strong>et</strong></span> <span class='ocrx_word' id='word_1_131' title='bbox 632 2052 691 2124; x_wconf 78' lang='lat'><strong>59.</strong></span> <span class='ocrx_word' id='word_1_132' title='bbox 711 2055 746 2124; x_wconf 96' lang='lat' dir='ltr'><strong>ln</strong></span> <span class='ocrx_word' id='word_1_133' title='bbox 767 2054 871 2145; x_wconf 82' lang='lat' dir='ltr'><strong>priori</strong></span> <span class='ocrx_word' id='word_1_134' title='bbox 887 2053 1029 2123; x_wconf 87' lang='lat' dir='ltr'><strong>dieitur:</strong></span> <span class='ocrx_word' id='word_1_135' title='bbox 1054 2051 1127 2121; x_wconf 79' lang='lat' dir='ltr'><strong>‹Iar</strong></span> <span class='ocrx_word' id='word_1_136' title='bbox 1141 2052 1183 2120; x_wconf 76' lang='grc'><strong>11</strong></span> 
     </span>
     <span class='ocr_line' id='line_1_20' title="bbox 250 2148 1183 2236; baseline 0.001 -22"><span class='ocrx_word' id='word_1_137' title='bbox 250 2165 313 2215; x_wconf 83' lang='lat' dir='ltr'><strong>nau</strong></span> <span class='ocrx_word' id='word_1_138' title='bbox 327 2156 412 2217; x_wconf 81' lang='lat' dir='ltr'><strong>ralla</strong></span> <span class='ocrx_word' id='word_1_139' title='bbox 438 2149 466 2216; x_wconf 94' lang='grc'><strong>11</strong></span> <span class='ocrx_word' id='word_1_140' title='bbox 494 2150 705 2217; x_wconf 76' lang='lat' dir='ltr'><strong>matrimonio</strong></span> <span class='ocrx_word' id='word_1_141' title='bbox 722 2151 873 2218; x_wconf 78' lang='lat' dir='ltr'><strong>loielato</strong></span> <span class='ocrx_word' id='word_1_142' title='bbox 899 2149 953 2234; x_wconf 73' lang='lat' dir='ltr'><strong>[ro</strong></span> <span class='ocrx_word' id='word_1_143' title='bbox 978 2148 1056 2216; x_wconf 77' lang='lat' dir='ltr'><strong>torri</strong></span> <span class='ocrx_word' id='word_1_144' title='bbox 1079 2148 1131 2236; x_wconf 81' lang='lat' dir='ltr'><strong>pli</strong></span> <span class='ocrx_word' id='word_1_145' title='bbox 1147 2171 1183 2216; x_wconf 86' lang='lat' dir='ltr'><strong>o·</strong></span> 
     </span>
     <span class='ocr_line' id='line_1_21' title="bbox 247 2241 1184 2332; baseline 0 -24"><span class='ocrx_word' id='word_1_146' title='bbox 247 2242 413 2310; x_wconf 71' lang='lat' dir='ltr'><strong>accedenti</strong></span> <span class='ocrx_word' id='word_1_147' title='bbox 431 2264 448 2310; x_wconf 91' lang='lat' dir='ltr'><strong>e</strong></span> <span class='ocrx_word' id='word_1_148' title='bbox 465 2243 667 2311; x_wconf 75' lang='lat' dir='ltr'><strong>discendenti</strong></span> <span class='ocrx_word' id='word_1_149' title='bbox 692 2243 845 2332; x_wconf 79' lang='lat' dir='ltr'><strong>lepittimi</strong></span> <span class='ocrx_word' id='word_1_150' title='bbox 877 2263 895 2308; x_wconf 91' lang='lat' dir='ltr'><strong>o</strong></span> <span class='ocrx_word' id='word_1_151' title='bbox 923 2241 1075 2309; x_wconf 70' lang='lat' dir='ltr'><strong>iecturali</strong></span> <span class='ocrx_word' id='word_1_152' title='bbox 1102 2242 1184 2330; x_wconf 76' lang='lat' dir='ltr'><strong>epla&#39;</strong></span> 
     </span>
     <span class='ocr_line' id='line_1_22' title="bbox 247 2334 1180 2426; baseline 0 -25"><span class='ocrx_word' id='word_1_153' title='bbox 247 2334 342 2423; x_wconf 74' lang='lat' dir='ltr'><strong>cffioe&#39;</strong></span> <span class='ocrx_word' id='word_1_154' title='bbox 356 2335 444 2405; x_wconf 80' lang='lat' dir='ltr'><strong>della</strong></span> <span class='ocrx_word' id='word_1_155' title='bbox 460 2337 636 2405; x_wconf 79' lang='lat' dir='ltr'><strong>mederimu</strong></span> <span class='ocrx_word' id='word_1_156' title='bbox 661 2336 764 2405; x_wconf 80' lang='lat' dir='ltr'><strong>linea.</strong></span> <span class='ocrx_word' id='word_1_157' title='bbox 784 2358 799 2402; x_wconf 79' lang='lat' dir='ltr'><strong>a</strong></span> <span class='ocrx_word' id='word_1_158' title='bbox 822 2336 859 2404; x_wconf 94' lang='lat' dir='ltr'><strong>ln</strong></span> <span class='ocrx_word' id='word_1_159' title='bbox 879 2335 984 2403; x_wconf 88' lang='lat' dir='ltr'><strong>altero</strong></span> <span class='ocrx_word' id='word_1_160' title='bbox 1012 2334 1180 2426; x_wconf 78' lang='lat' dir='ltr'><strong>liabetur:</strong></span> 
     </span>
     <span class='ocr_line' id='line_1_23' title="bbox 251 2425 1181 2516; baseline 0.003 -23"><span class='ocrx_word' id='word_1_161' title='bbox 251 2449 265 2492; x_wconf 81' lang='lat' dir='ltr'><strong>r</strong></span> <span class='ocrx_word' id='word_1_162' title='bbox 286 2425 328 2495; x_wconf 81' lang='lat' dir='ltr'><strong>ln</strong></span> <span class='ocrx_word' id='word_1_163' title='bbox 343 2428 432 2496; x_wconf 80' lang='lat' dir='ltr'><strong>linea</strong></span> <span class='ocrx_word' id='word_1_164' title='bbox 451 2429 637 2499; x_wconf 77' lang='lat' dir='ltr'><strong>collaterale</strong></span> <span class='ocrx_word' id='word_1_165' title='bbox 648 2431 677 2497; x_wconf 90' lang='grc'><strong>11</strong></span> <span class='ocrx_word' id='word_1_166' title='bbox 687 2430 897 2498; x_wconf 77' lang='lat' dir='ltr'><strong>matrimonio</strong></span> <span class='ocrx_word' id='word_1_167' title='bbox 913 2431 930 2495; x_wconf 82' lang='grc'><strong>1</strong></span> <span class='ocrx_word' id='word_1_168' title='bbox 947 2429 1067 2496; x_wconf 82' lang='lat' dir='ltr'><strong>vietolo</strong></span> <span class='ocrx_word' id='word_1_169' title='bbox 1079 2427 1118 2494; x_wconf 98' lang='grc'><strong>10</strong></span> <span class='ocrx_word' id='word_1_170' title='bbox 1129 2429 1181 2516; x_wconf 72' lang='lat' dir='ltr'><strong>[ro</strong></span> 
     </span>
     <span class='ocr_line' id='line_1_24' title="bbox 249 2519 1180 2613; baseline 0.001 -25"><span class='ocrx_word' id='word_1_171' title='bbox 249 2519 408 2589; x_wconf 66' lang='lat' dir='ltr'><strong>keorelle</strong></span> <span class='ocrx_word' id='word_1_172' title='bbox 425 2543 442 2589; x_wconf 90' lang='lat' dir='ltr'><strong>e</strong></span> <span class='ocrx_word' id='word_1_173' title='bbox 460 2524 475 2589; x_wconf 81' lang='lat' dir='ltr'><strong><em>i</em></strong></span> <span class='ocrx_word' id='word_1_174' title='bbox 492 2523 619 2609; x_wconf 67' lang='lat' dir='ltr'><strong>fratelli</strong></span> <span class='ocrx_word' id='word_1_175' title='bbox 649 2524 802 2613; x_wconf 76' lang='lat' dir='ltr'><strong>lepittimi</strong></span> <span class='ocrx_word' id='word_1_176' title='bbox 834 2544 852 2590; x_wconf 91' lang='lat' dir='ltr'><strong>o</strong></span> <span class='ocrx_word' id='word_1_177' title='bbox 882 2521 1052 2603; x_wconf 78' lang='lat' dir='ltr'><strong>naturali;</strong></span> <span class='ocrx_word' id='word_1_178' title='bbox 1072 2519 1110 2588; x_wconf 70' lang='grc'><strong>10</strong></span> <span class='ocrx_word' id='word_1_179' title='bbox 1128 2523 1180 2610; x_wconf 72' lang='lat' dir='ltr'><strong>[ro</strong></span> 
     </span>
     <span class='ocr_line' id='line_1_25' title="bbox 246 2612 1181 2706; baseline 0.004 -27"><span class='ocrx_word' id='word_1_180' title='bbox 246 2612 296 2700; x_wconf 77' lang='lat' dir='ltr'><strong>pli</strong></span> <span class='ocrx_word' id='word_1_181' title='bbox 314 2615 407 2702; x_wconf 75' lang='lat' dir='ltr'><strong>affini</strong></span> <span class='ocrx_word' id='word_1_182' title='bbox 425 2614 480 2682; x_wconf 85' lang='lat' dir='ltr'><strong>nel</strong></span> <span class='ocrx_word' id='word_1_183' title='bbox 500 2616 674 2685; x_wconf 81' lang='lat' dir='ltr'><strong>medaaimo</strong></span> <span class='ocrx_word' id='word_1_184' title='bbox 704 2617 806 2706; x_wconf 80' lang='lat' dir='ltr'><strong>prodo</strong></span> <span class='ocrx_word' id='word_1_185' title='bbox 815 2639 829 2698; x_wconf 90' lang='lat'><em>;</em></span> <span class='ocrx_word' id='word_1_186' title='bbox 861 2614 898 2684; x_wconf 85' lang='grc'><strong>30</strong></span> <span class='ocrx_word' id='word_1_187' title='bbox 919 2624 971 2683; x_wconf 83' lang='lat' dir='ltr'><strong>tro</strong></span> <span class='ocrx_word' id='word_1_188' title='bbox 987 2615 1088 2682; x_wconf 80' lang='lat' dir='ltr'><strong>lo-za&#39;o</strong></span> <span class='ocrx_word' id='word_1_189' title='bbox 1114 2636 1131 2683; x_wconf 89' lang='lat' dir='ltr'><strong>e</strong></span> <span class='ocrx_word' id='word_1_190' title='bbox 1148 2615 1181 2683; x_wconf 83' lang='lat' dir='ltr'><strong>lo</strong></span> 
     </span>
     <span class='ocr_line' id='line_1_26' title="bbox 247 2706 1179 2799; baseline 0.001 -25"><span class='ocrx_word' id='word_1_191' title='bbox 247 2706 367 2795; x_wconf 82' lang='lat' dir='ltr'><strong>tripole,</strong></span> <span class='ocrx_word' id='word_1_192' title='bbox 387 2707 421 2775; x_wconf 87' lang='lat' dir='ltr'><strong>lo</strong></span> <span class='ocrx_word' id='word_1_193' title='bbox 439 2709 491 2775; x_wconf 79' lang='lat' dir='ltr'><strong>ele</strong></span> <span class='ocrx_word' id='word_1_194' title='bbox 507 2709 546 2776; x_wconf 85' lang='lat' dir='ltr'><strong>ed</strong></span> <span class='ocrx_word' id='word_1_195' title='bbox 563 2709 591 2778; x_wconf 89' lang='grc'><strong>11</strong></span> <span class='ocrx_word' id='word_1_196' title='bbox 613 2712 733 2799; x_wconf 83' lang='lat' dir='ltr'><strong>olpote.</strong></span> <span class='ocrx_word' id='word_1_197' title='bbox 757 2734 771 2775; x_wconf 76' lang='lat' dir='ltr'><strong>r</strong></span> <span class='ocrx_word' id='word_1_198' title='bbox 796 2709 889 2778; x_wconf 87' lang='lat' dir='ltr'><strong>Patet</strong></span> <span class='ocrx_word' id='word_1_199' title='bbox 907 2708 1021 2798; x_wconf 86' lang='lat' dir='ltr'><strong>itaque</strong></span> <span class='ocrx_word' id='word_1_200' title='bbox 1040 2708 1179 2796; x_wconf 85' lang='lat' dir='ltr'><strong>impedi·</strong></span> 
     </span>
     <span class='ocr_line' id='line_1_27' title="bbox 248 2800 1179 2873; baseline 0.003 -6"><span class='ocrx_word' id='word_1_201' title='bbox 248 2812 398 2869; x_wconf 87' lang='lat' dir='ltr'><strong>mentum</strong></span> <span class='ocrx_word' id='word_1_202' title='bbox 419 2800 559 2872; x_wconf 82' lang='lat' dir='ltr'><strong>existere</strong></span> <span class='ocrx_word' id='word_1_203' title='bbox 579 2803 616 2871; x_wconf 93' lang='grc'><strong>10</strong></span> <span class='ocrx_word' id='word_1_204' title='bbox 637 2804 671 2872; x_wconf 88' lang='lat' dir='ltr'><strong>in</strong></span> <span class='ocrx_word' id='word_1_205' title='bbox 687 2804 774 2873; x_wconf 90' lang='lat' dir='ltr'><strong>linea</strong></span> <span class='ocrx_word' id='word_1_206' title='bbox 798 2815 887 2872; x_wconf 86' lang='lat' dir='ltr'><strong>recta</strong></span> <span class='ocrx_word' id='word_1_207' title='bbox 908 2803 994 2872; x_wconf 87' lang='lat' dir='ltr'><strong>inter</strong></span> <span class='ocrx_word' id='word_1_208' title='bbox 1012 2821 1131 2871; x_wconf 85' lang='lat' dir='ltr'><strong>omnes</strong></span> <span class='ocrx_word' id='word_1_209' title='bbox 1145 2821 1179 2870; x_wconf 90' lang='lat' dir='ltr'><strong>a·</strong></span> 
     </span>
     <span class='ocr_line' id='line_1_28' title="bbox 248 2894 1178 2984; baseline 0.001 -22"><span class='ocrx_word' id='word_1_210' title='bbox 248 2894 443 2965; x_wconf 79' lang='lat' dir='ltr'><strong>scandentes</strong></span> <span class='ocrx_word' id='word_1_211' title='bbox 462 2916 500 2964; x_wconf 85' lang='lat' dir='ltr'><strong>aa</strong></span> <span class='ocrx_word' id='word_1_212' title='bbox 531 2897 791 2980; x_wconf 82' lang='lat' dir='ltr'><strong>descendentes,</strong></span> <span class='ocrx_word' id='word_1_213' title='bbox 814 2897 881 2967; x_wconf 83' lang='lat' dir='ltr'><strong>sire</strong></span> <span class='ocrx_word' id='word_1_214' title='bbox 900 2895 1091 2984; x_wconf 78' lang='lat' dir='ltr'><strong>legitimos,</strong></span> <span class='ocrx_word' id='word_1_215' title='bbox 1113 2895 1178 2964; x_wconf 82' lang='lat' dir='ltr'><strong>sira</strong></span> 
     </span>
     <span class='ocr_line' id='line_1_29' title="bbox 248 2987 1178 3080; baseline 0.001 -25"><span class='ocrx_word' id='word_1_216' title='bbox 248 2989 428 3072; x_wconf 79' lang='lat' dir='ltr'><strong>naturales,</strong></span> <span class='ocrx_word' id='word_1_217' title='bbox 448 3002 548 3080; x_wconf 87' lang='lat' dir='ltr'><strong>atque</strong></span> <span class='ocrx_word' id='word_1_218' title='bbox 564 2992 664 3060; x_wconf 86' lang='lat' dir='ltr'><strong>etiam</strong></span> <span class='ocrx_word' id='word_1_219' title='bbox 677 2991 765 3060; x_wconf 87' lang='lat' dir='ltr'><strong>inter</strong></span> <span class='ocrx_word' id='word_1_220' title='bbox 779 2987 893 3059; x_wconf 82' lang='lat' dir='ltr'><strong>affines</strong></span> <span class='ocrx_word' id='word_1_221' title='bbox 910 2989 1058 3059; x_wconf 78' lang='lat' dir='ltr'><strong>eiusdem</strong></span> <span class='ocrx_word' id='word_1_222' title='bbox 1072 2989 1178 3058; x_wconf 87' lang='lat' dir='ltr'><strong>lineae</strong></span> 
     </span>
     <span class='ocr_line' id='line_1_30' title="bbox 247 3080 1176 3172; baseline 0.001 -24"><span class='ocrx_word' id='word_1_223' title='bbox 247 3080 283 3150; x_wconf 91' lang='lat' dir='ltr'><strong>in</strong></span> <span class='ocrx_word' id='word_1_224' title='bbox 297 3082 447 3171; x_wconf 85' lang='lat' dir='ltr'><strong>quolibet</strong></span> <span class='ocrx_word' id='word_1_225' title='bbox 463 3084 568 3172; x_wconf 79' lang='lat' dir='ltr'><strong>gradu</strong></span> <span class='ocrx_word' id='word_1_226' title='bbox 596 3085 630 3152; x_wconf 92' lang='lat' dir='ltr'><strong>in</strong></span> <span class='ocrx_word' id='word_1_227' title='bbox 650 3084 839 3166; x_wconf 64' lang='lat' dir='ltr'><strong>inlinitum</strong></span> <span class='ocrx_word' id='word_1_228' title='bbox 857 3082 893 3150; x_wconf 71' lang='lat'><strong>9⁰</strong></span> <span class='ocrx_word' id='word_1_229' title='bbox 917 3082 950 3151; x_wconf 91' lang='lat' dir='ltr'><strong>in</strong></span> <span class='ocrx_word' id='word_1_230' title='bbox 970 3083 1059 3151; x_wconf 87' lang='lat' dir='ltr'><strong>linea</strong></span> <span class='ocrx_word' id='word_1_231' title='bbox 1070 3089 1176 3151; x_wconf 77' lang='lat' dir='ltr'><strong>tranl-</strong></span> 
     </span>
     <span class='ocr_line' id='line_1_31' title="bbox 246 3175 1175 3260; baseline 0 -18"><span class='ocrx_word' id='word_1_232' title='bbox 246 3175 383 3260; x_wconf 81' lang='lat' dir='ltr'><strong>rettuli,</strong></span> <span class='ocrx_word' id='word_1_233' title='bbox 405 3195 464 3246; x_wconf 83' lang='lat' dir='ltr'><strong>seu</strong></span> <span class='ocrx_word' id='word_1_234' title='bbox 484 3177 666 3247; x_wconf 86' lang='lat' dir='ltr'><strong>collaterali</strong></span> <span class='ocrx_word' id='word_1_235' title='bbox 679 3178 766 3246; x_wconf 83' lang='lat' dir='ltr'><strong>iuter</strong></span> <span class='ocrx_word' id='word_1_236' title='bbox 781 3178 899 3247; x_wconf 80' lang='lat' dir='ltr'><strong>fratres</strong></span> <span class='ocrx_word' id='word_1_237' title='bbox 918 3187 952 3246; x_wconf 88' lang='lat' dir='ltr'><strong>et</strong></span> <span class='ocrx_word' id='word_1_238' title='bbox 967 3175 1175 3245; x_wconf 84' lang='lat' dir='ltr'><strong>sororeaeire</strong></span> 
     </span>
     <span class='ocr_line' id='line_1_32' title="bbox 247 3267 1172 3357; baseline 0.003 -22"><span class='ocrx_word' id='word_1_239' title='bbox 247 3268 424 3357; x_wconf 78' lang='lat' dir='ltr'><strong>legitimos,</strong></span> <span class='ocrx_word' id='word_1_240' title='bbox 447 3271 515 3341; x_wconf 85' lang='lat' dir='ltr'><strong>aira</strong></span> <span class='ocrx_word' id='word_1_241' title='bbox 534 3272 718 3354; x_wconf 60' lang='lat' dir='ltr'><strong>naturalem</strong></span> <span class='ocrx_word' id='word_1_242' title='bbox 739 3267 777 3339; x_wconf 84' lang='grc'><strong>30</strong></span> <span class='ocrx_word' id='word_1_243' title='bbox 796 3271 884 3341; x_wconf 90' lang='lat' dir='ltr'><strong>inter</strong></span> <span class='ocrx_word' id='word_1_244' title='bbox 896 3269 1010 3339; x_wconf 77' lang='lat' dir='ltr'><strong>affines</strong></span> <span class='ocrx_word' id='word_1_245' title='bbox 1028 3269 1172 3339; x_wconf 80' lang='lat' dir='ltr'><strong>eiusdem</strong></span> 
     </span>
     <span class='ocr_line' id='line_1_33' title="bbox 246 3363 1172 3453; baseline 0.002 -25"><span class='ocrx_word' id='word_1_246' title='bbox 246 3363 388 3448; x_wconf 78' lang='lat' dir='ltr'><strong>gradus;</strong></span> <span class='ocrx_word' id='word_1_247' title='bbox 410 3363 448 3431; x_wconf 83' lang='grc'><strong>10</strong></span> <span class='ocrx_word' id='word_1_248' title='bbox 467 3364 553 3436; x_wconf 88' lang='lat' dir='ltr'><strong>inter</strong></span> <span class='ocrx_word' id='word_1_249' title='bbox 572 3366 791 3447; x_wconf 88' lang='lat' dir='ltr'><strong>avunculum,</strong></span> <span class='ocrx_word' id='word_1_250' title='bbox 815 3376 872 3434; x_wconf 88' lang='lat' dir='ltr'><strong>aut</strong></span> <span class='ocrx_word' id='word_1_251' title='bbox 891 3376 1046 3453; x_wconf 89' lang='lat' dir='ltr'><strong>patruum</strong></span> <span class='ocrx_word' id='word_1_252' title='bbox 1068 3373 1101 3432; x_wconf 86' lang='lat' dir='ltr'><strong>at</strong></span> <span class='ocrx_word' id='word_1_253' title='bbox 1119 3381 1172 3430; x_wconf 84' lang='lat' dir='ltr'><strong>na-</strong></span> 
     </span>
     <span class='ocr_line' id='line_1_34' title="bbox 247 3456 1206 3546; baseline 0.003 -26"><span class='ocrx_word' id='word_1_254' title='bbox 247 3463 348 3540; x_wconf 86' lang='lat' dir='ltr'><strong>ptem,</strong></span> <span class='ocrx_word' id='word_1_255' title='bbox 370 3468 404 3525; x_wconf 90' lang='lat' dir='ltr'><strong>et</strong></span> <span class='ocrx_word' id='word_1_256' title='bbox 423 3457 510 3529; x_wconf 85' lang='lat' dir='ltr'><strong>inter</strong></span> <span class='ocrx_word' id='word_1_257' title='bbox 527 3469 758 3542; x_wconf 86' lang='lat' dir='ltr'><strong>materteram,</strong></span> <span class='ocrx_word' id='word_1_258' title='bbox 786 3471 846 3527; x_wconf 87' lang='lat' dir='ltr'><strong>aut</strong></span> <span class='ocrx_word' id='word_1_259' title='bbox 862 3456 998 3525; x_wconf 87' lang='lat' dir='ltr'><strong>amitam</strong></span> <span class='ocrx_word' id='word_1_260' title='bbox 1017 3466 1053 3525; x_wconf 88' lang='lat' dir='ltr'><strong>at</strong></span> <span class='ocrx_word' id='word_1_261' title='bbox 1075 3474 1172 3544; x_wconf 89' lang='lat' dir='ltr'><strong>nepo·</strong></span> <span class='ocrx_word' id='word_1_262' title='bbox 1197 3531 1206 3546; x_wconf 73' lang='lat'><strong>,</strong></span> 
     </span>
     <span class='ocr_line' id='line_1_35' title="bbox 246 3548 1171 3642; baseline 0.004 -26"><span class='ocrx_word' id='word_1_263' title='bbox 246 3555 324 3628; x_wconf 78' lang='lat' dir='ltr'><strong>tent,</strong></span> <span class='ocrx_word' id='word_1_264' title='bbox 347 3548 425 3636; x_wconf 84' lang='lat' dir='ltr'><strong>quia</strong></span> <span class='ocrx_word' id='word_1_265' title='bbox 445 3551 466 3619; x_wconf 89' lang='lat' dir='ltr'><strong>ii</strong></span> <span class='ocrx_word' id='word_1_266' title='bbox 482 3550 621 3623; x_wconf 76' lang='lat' dir='ltr'><strong>invicem</strong></span> <span class='ocrx_word' id='word_1_267' title='bbox 641 3564 829 3642; x_wconf 89' lang='lat' dir='ltr'><strong>parentum,</strong></span> <span class='ocrx_word' id='word_1_268' title='bbox 849 3561 882 3620; x_wconf 89' lang='lat' dir='ltr'><strong>et</strong></span> <span class='ocrx_word' id='word_1_269' title='bbox 901 3550 1083 3620; x_wconf 84' lang='lat' dir='ltr'><strong>liberorum</strong></span> <span class='ocrx_word' id='word_1_270' title='bbox 1105 3549 1171 3620; x_wconf 78' lang='lat' dir='ltr'><strong>loco</strong></span> 
     </span>
    </p>
   </div>
   <div class='ocr_carea' id='block_1_3' title="bbox 0 0 1326 4175">
    <p class='ocr_par' dir='ltr' id='par_1_3' title="bbox 0 0 1326 4175">
     <span class='ocr_line' id='line_1_36' title="bbox 0 0 1326 4175; baseline 0 5"><span class='ocrx_word' id='word_1_271' title='bbox 0 0 1326 4175; x_wconf 95' lang='lat' dir='ltr'><strong> </strong></span> 
     </span>
    </p>
   </div>
  </div>
 </body>
</html>
