2642 4175
290 381 357 441 tlt
629 389 792 438 carnrrv.

243 490 431 573 ιοοιιιοιὶι,
452 509 519 560 non
537 509 602 559 nna
618 500 670 560 ast
687 487 863 557 Doctorum
885 487 1062 557 sententia
1083 488 1182 559 Aliia

243 583 413 656 naturali'
404 603 479 653 rnre
489 582 652 667 derivant
672 580 702 649 vi
720 580 816 651 cuius
833 580 934 650 licere
948 591 1066 671 putant
1085 595 1184 653 asta-

243 691 281 749 ιιι
301 677 413 748 minus
432 677 580 767 perlecto
597 676 639 745 ad
659 674 891 781 perfectiorem
910 673 1070 758 transire3
1090 675 1182 747 aliia

243 772 319 842 iure
399 769 477 841 itivo
497 769 608 839 dirino
628 789 689 861 per
706 766 919 837 traditionem
940 768 982 837 ad
1007 788 1068 839 nos
1089 769 1184 840 dela·

243 877 298 951 to;
319 791 524 934 aiiosdemnm
542 884 581 933 er
597 862 673 932 iure
689 859 923 944 eeclesiastico,
940 874 1184 952 quatenusper

243 957 336 1029 hoo
326 978 379 1028 tua
398 956 502 1027 cuivis
520 956 785 1028 Christianorum
806 954 1020 1024 matrimonio
1040 955 1123 1025 haec
1136 968 1185 1027 ta·

244 1051 308 1123 cita
328 1050 500 1121 conditio
492 1061 589 1133 inest,
607 1074 622 1116 r
640 1048 706 1118 nisi
720 1060 797 1118 ante
810 1047 1015 1118 matrimonii
1028 1069 1185 1118 consum-

243 1143 424 1216 mationem
457 1141 569 1214 malim
602 1141 796 1232 religiosum
823 1152 947 1212 statum
974 1143 1145 1231 amplecti.
1165 1168 1181 1209 ι

243 1237 439 1329 Quanquam
471 1256 549 1308 vero
583 1257 644 1325 per
675 1234 866 1324 religiosam
884 1234 1158 1343 professionem
1149 1257 1184 1304 m

243 1330 367 1403 Ordine
385 1331 568 1421 approbato
599 1330 795 1400 solemnitor
827 1329 981 1398 emissam
1008 1327 1184 1398 matrimo-

242 1425 338 1495 nium
356 1436 466 1494 ratum
484 1434 517 1494 et
532 1424 681 1493 nondum
702 1432 970 1492 consummatum
987 1420 1181 1507 dirimatur,

242 1516 324 1589 illud
344 1530 455 1588 tamen
474 1537 535 1608 per
556 1536 728 1587 sacrorum
748 1513 909 1584 Ordinnm
933 1514 1182 1606 susceptionem

241 1630 310 1681 non
325 1608 528 1693 dissolvitur,
550 1630 624 1700 cap.
646 1611 817 1689 lanionia
834 1607 879 1677 lta
896 1618 971 1678 voto
989 1618 1023 1679 et
1042 1621 1109 1679 rot.
1132 1630 1185 1679 re·

243 1704 368 1794 dempt
391 1703 480 1772 inter
499 1703 675 1792 Extravag
696 1703 828 1772 loannis
846 1700 942 1770 Xllll.

290 1795 383 1878 Quod
411 1807 532 1866 autem
543 1795 825 1904 dispensationem
844 1792 1014 1864 Pontificis
1034 1805 1180 1883 spectat,

242 1909 303 1980 per
316 1909 390 1960 eam
410 1910 546 1980 quoque
560 1889 812 1960 matrimonium
828 1898 937 1958 ratum
955 1887 1089 1957 dissolri
1108 1910 1184 1976 pos·

243 2003 291 2067 se,
302 1995 459 2054 conrtmm
470 1983 841 2073 plurinmsaeculorum
856 1980 1087 2090 pruisquam
1099 2002 1182 2053 sane

242 2087 375 2168 oportet
385 2077 473 2168 apud
482 2074 914 2149 catholicosomnessummr
925 2073 1086 2145 momenti
1094 2097 1180 2161 esse
1186 2091 1201 2108 r

158 2183 161 2188 ⁴
241 2172 502 2279 satissnperque
516 2180 669 2241 testatur
686 2170 830 2241 Consule
845 2169 1007 2238 Thesaur
1023 2167 1058 2237 S
1077 2168 1115 2239 G
1131 2168 1182 2253 0.,
1186 2213 1192 2219 -

244 2265 486 2355 etnraesertim
515 2264 633 2335 Chien
654 2261 696 2331 91
724 2263 834 2333 martii
861 2260 972 2345 1799;
998 2262 1179 2333 llileritan.

245 2354 372 2428 ilebr.
394 2356 504 2440 1789;
526 2355 667 2427 Borohia
688 2355 735 2427 90
759 2357 833 2426 dec
854 2352 1180 2437 stoderaniam.

243 2448 356 2535 1808,
379 2451 570 2521 etlanuen.
592 2448 718 2541 9sept.
753 2448 862 2534 1815,
885 2461 918 2520 et
945 2407 1143 2518 Z’amhonio
1122 2470 1180 2539 cp.

243 2544 300 2613 cit.
321 2565 351 2612 a
373 2544 594 2634 dispensatio
613 2542 749 2614 Constat
769 2564 851 2635 qum
868 2540 990 2612 rmoS
1010 2540 1046 2609 P.
1064 2544 1182 2612 matri·

244 2636 395 2706 monium
415 2648 538 2720 ratum,
560 2636 626 2706 nd
618 2637 808 2707 instantiam
831 2636 929 2706 unius
947 2634 1113 2743 coniugis,
1135 2638 1185 2705 al-

245 2740 318 2799 tarn
331 2750 402 2800 non
423 2729 669 2812 consentiente,
690 2742 749 2800 aut
767 2730 899 2821 penitus
919 2728 1046 2812 inrito,
1069 2729 1186 2799 dissol-

245 2822 342 2909 visse,
362 2836 400 2894 ut
418 2822 661 2894 testatanen.
679 2823 756 2905 xlv,
777 2836 997 2914 quorsumn
1018 2819 1126 2892 108

667 3036 683 3128 5
701 3033 757 3105 78.

387 3192 433 3250 Ila
450 3191 647 3264 renuntians
665 3191 730 3249 tori
748 3191 781 3249 at
799 3188 1052 3249 aonmrmttmts

296 3368 381 3439 Satis
400 3368 561 3440 hactenus
592 3366 723 3458 egimus
756 3368 797 3437 de
824 3366 1051 3438 dissolutione
1069 3366 1188 3435 matri·

247 3455 352 3531 iuonii
373 3464 482 3552 quoad
501 3462 683 3531 vinculum.
704 3461 798 3531 Nunc
817 3461 858 3530 da
878 3461 1026 3531 eiusdem
1047 3458 1190 3530 dissolu·

248 3554 339 3626 tione
356 3557 465 3645 quoad
484 3565 592 3625 torum
610 3566 643 3626 et
657 3554 947 3639 cohabitationem,
956 3552 1191 3623 seudediror·
