2642 4175
327 377 393 439 236
662 390 765 439 onnon
782 392 830 438 111.

279 504 388 563 temus
407 492 566 580 exempla,
589 489 693 562 lulius
712 490 741 558 ll
761 489 960 581 dispensavit
977 510 1052 560 enm
1071 488 1208 560 llenrioo

279 585 348 653 lllll
368 585 503 675 angliae
524 585 625 673 Rege,
644 594 682 653 ut
700 582 912 656 Catharinam
929 582 1129 673 dragoniatn
1147 585 1219 657 ira—1

279 678 340 748 tris
358 679 409 748 sui
431 677 565 748 Artburi
586 677 739 762 viduam,
770 676 900 768 sibique
920 675 1081 767 inprime
1107 677 1206 750 affini·

281 772 356 842 tatis
375 773 482 861 gradu
500 772 609 842 linaue
626 782 830 842 transversae
849 770 1208 855 coniunctamdueeret

281 866 315 934 in
336 886 484 945 uxorem,
503 885 603 955 qnam
624 864 759 954 quidem
779 864 1057 954 dispensationem
1072 885 1147 936 ourn
1167 864 1205 933 ir·

280 958 376 1029 ritarn
391 979 463 1030 esse
476 959 690 1030 contenderet
703 957 877 1043 llenrieus,
895 970 930 1030 ut
942 959 1055 1027 Annae
1070 956 1205 1028 bolenae
1288 983 1289 988 ¹

277 1052 430 1136 nuberet,
452 1052 603 1124 Clemens
621 1050 658 1134 V,
681 1051 838 1122 consultis
858 1050 1009 1124 catholici
1031 1050 1123 1122 orbis
1138 1051 1204 1124 uni·

279 1145 500 1227 vastitatibus,
517 1156 640 1235 etpost
660 1155 825 1215 maturum
847 1164 983 1216 examen
996 1145 1146 1214 eamdem
1158 1165 1205 1213 re·

144 1243 148 1258 ’
278 1238 379 1308 iidem
399 1238 535 1309 omnino
552 1249 585 1307 et
596 1237 780 1326 legitimam
799 1238 901 1309 luime
920 1238 1155 1329 pronuntiavit.
1171 1239 1206 1307 tlt

277 1332 411 1419 grauior
423 1331 599 1403 difficultas
615 1342 676 1416 est,
696 1352 738 1400 an
753 1331 896 1404 affinitas
909 1331 943 1401 in
957 1331 1044 1401 linea
1059 1342 1162 1414 reeta,
1178 1343 1206 1402 at

277 1425 395 1494 saltem
408 1424 555 1514 inprime
563 1426 670 1513 gradu
685 1424 832 1498 eiusdem
846 1424 1044 1504 lineae‚iure
1057 1424 1204 1506 naturali,

278 1516 411 1607 nuptias
429 1517 587 1587 dirimat‘.l
604 1517 673 1588 lam
689 1538 766 1589 vero
779 1518 806 1588 si
821 1517 964 1592 affinitas
980 1538 1018 1588 ex
1032 1515 1146 1588 illicita
1160 1538 1205 1590 eo·
1290 1533 1291 1580 ἒ

277 1610 1205 1701 puteorumhamat,uocmrestaeiteeonseminm,quid

277 1703 358 1792 qnid
390 1704 484 1793 pansi
509 1724 584 1773 cum
605 1701 637 1773 S.
660 1704 826 1778 Antonino
845 1705 1001 1793 drobiep.
1019 1704 1203 1778 Florentino

277 1796 1203 1886 contradicant,huiusmodiaffinitatemlegetantumao·

277 1889 459 1960 elesiastioa
479 1890 636 1960 validitati
657 1890 850 1980 nuptiarum
871 1891 998 1972 obesse,
1014 1902 1116 1980 atque
1129 1890 1203 1962 adeo
1291 1961 1292 1964 ,

278 1980 472 2058 Pontiliesm
492 2004 590 2075 posse
609 2003 682 2056 eam
701 1984 808 2074 legem
826 1985 1204 2073 relaxaraquemadmo·

276 2076 357 2149 duro
381 2079 565 2169 apostolica
587 2076 688 2151 Sedes
708 2077 797 2151 baud
813 2099 889 2151 roro
909 2078 1087 2168 dispensat,
1101 2077 1145 2149 ita
1161 2087 1203 2148 ta·

276 2191 355 2241 men
373 2184 409 2241 ut
428 2173 455 2242 si
473 2171 664 2242 huiusmodi
684 2171 828 2243 affinitas
848 2171 1019 2262 proveniat
1036 2192 1074 2240 ex
1093 2170 1203 2261 copula

276 2285 352 2337 eum
367 2278 473 2339 matre
485 2267 715 2355 desponsatae,
726 2265 1102 2355 nativitasdesponsatae
1115 2283 1204 2354 oopu-

276 2358 342 2427 lanr
358 2359 462 2447 ipsam
476 2359 659 2442 antecedat,
675 2359 716 2429 nd
730 2357 918 2429 avitandum
933 2356 1120 2447 pericnlum
1134 2376 1203 2447 pro·

276 2451 383 2539 priam
403 2452 545 2523 ducendi
565 2451 667 2525 liliam
686 2451 886 2525 innuerem.
916 2450 1065 2525 lffinitns
1092 2450 1197 2531 enim,

277 2565 363 2632 qnae
383 2565 422 2613 ex
440 2545 658 2615 fornicatione
678 2544 806 2628 oritur,
831 2565 894 2615 nee
912 2555 1040 2617 tuntum
1073 2562 1201 2634 praese·
1260 2618 1262 2623 ,

276 2637 342 2709 lert
358 2635 577 2717 indecentiae,
595 2660 633 2709 ao
650 2638 820 2722 scandali,
843 2649 1002 2727 quantum
1024 2656 1064 2707 er
1092 2636 1202 2709 noniu-

163 2812 165 2815 .
277 2729 332 2818 gio
351 2729 439 2798 inter
453 2730 569 2803 affines
582 2753 621 2801 ex
640 2731 788 2820 legitima
808 2732 925 2821 copule
944 2730 1123 2814 enascitur,
1145 2747 1202 2799 nae

277 2833 329 2895 est
346 2823 429 2897 adeo
441 2825 585 2914 periente
601 2835 702 2915 atque
722 2824 788 2908 illa,
808 2845 895 2914 qnae
915 2845 954 2894 er
972 2823 1124 2913 legitimo
1138 2841 1201 2895 ms·

278 2915 435 2989 trimonio
455 2917 619 3007 originem
641 2916 761 3001 trabit;
780 2939 858 2991 nam
877 2938 937 3008 per
955 2915 1199 2988 matrimonium

278 3009 393 3080 affines
412 3011 446 3081 in
469 3011 557 3083 linea
585 3022 673 3081 reete
706 3011 935 3101 praeseferunt
957 3011 1201 3101 quamdamre

277 3101 401 3175 tionem
418 3104 505 3177 inter
523 3125 558 3175 se
579 3114 753 3193 parentum
776 3125 814 3173 ao
831 3104 1029 3187 liberorum3
1051 3124 1116 3192 qua
1138 3099 1202 3191 qni·

277 3195 503 3269 damnatione
532 3198 649 3271 affines
676 3218 716 3270 ex
746 3198 864 3286 copula
897 3195 1075 3271 fornicaria
1114 3192 1204 3269 dotti·

276 3301 429 3363 suuntur.
448 3291 694 3376 Quamobrem,
725 3301 763 3360 ut
792 3290 944 3363 observat
968 3288 1116 3363 Sanehez
1144 3285 1198 3359 lib.

277 3379 297 3446 7
319 3384 410 3474 disp,
420 3382 477 3468 65,
497 3406 590 3459 num.
612 3382 646 3453 9:
673 3382 791 3454 «Sunt
817 3382 950 3453 nomina
983 3381 1137 3473 imposita
1156 3378 1199 3448 al·

275 3473 398 3547 linibus
415 3497 474 3565 per
493 3477 645 3567 copulam
669 3475 898 3565 coniugalem:
920 3477 1012 3549 nulla
1043 3486 1120 3545 sunt
1151 3473 1204 3543 im·

276 3568 380 3655 posita
401 3570 555 3642 affinibus
574 3592 613 3640 ex
638 3571 755 3661 copula
775 3568 967 3640 fornicaria.
984 3592 999 3635 s
1019 3567 1143 3650 Quibus
1160 3563 1204 3634 sie
