2642 4175
368 347 412 391 nn
429 347 666 393 mnaomnums
683 344 882 391 unnnmoun
979 331 1043 390 231

81 497 84 504 .,
165 445 203 513 de
222 445 346 526 futuro,
365 464 475 534 neque
504 466 542 514 ex
561 443 774 514 matrimonio
801 455 873 513 rato
900 443 1094 514 affinitatem

166 538 255 621 oriri,
275 538 363 627 qnod
384 538 417 605 in
439 550 581 628 utroque
601 560 678 606 casu
695 539 786 607 deest
806 536 890 607 ratio
911 536 1092 622 affinitatis,

164 630 321 699 nimirum
347 652 524 721 corporum
552 632 760 725 coniunctio,
783 650 961 722 perquam
981 630 1030 699 vir
1062 643 1096 700 et

158 725 284 794 mulier
297 744 362 792 una
382 746 459 793 caro
481 725 682 794 efficiuntur.
703 724 846 794 Proinde
877 745 914 793 ex
935 723 1094 812 sponsali·

166 819 222 887 bus
242 818 283 886 de
301 818 412 887 futuro
430 830 463 887 et
481 839 518 887 ex
539 819 751 888 matrimonio
778 829 849 887 rato
881 817 1096 908 impedimen·

168 922 234 978 tum
256 910 365 978 oritur
385 911 537 1001 publicae
556 912 758 994 honestatis,
780 912 820 980 de
853 931 918 1001 quo
951 909 1094 997 egimus.

164 1000 199 1071 3⁰
216 1003 417 1074 Affinitatem
437 1025 504 1073 non
523 1005 617 1090 oriri,
638 1003 702 1073 nisi
721 1004 886 1073 seminum
907 1002 1094 1073 commixtio

166 1097 359 1180 intercedat
381 1118 477 1167 secus
498 1098 587 1167 enim
604 1099 721 1188 copula
742 1098 894 1188 perlecta
924 1116 991 1164 non
1020 1108 1093 1180 ast,

167 1189 321 1259 neclecti
339 1203 417 1259 sunt
429 1193 495 1260 duo
509 1190 543 1259 in
563 1212 664 1261 carne
684 1212 762 1276 una;
784 1188 1033 1280 «quantumvis,
1050 1188 1097 1258 ait

167 1281 197 1351 S.
221 1282 364 1352 Thomas
384 1284 418 1352 in
441 1284 628 1355 ddistinet.
658 1284 716 1368 Ill,
739 1296 868 1375 quaeat.
891 1303 950 1353 un.
974 1292 1036 1351 art.
1060 1281 1093 1366 l,

164 1376 282 1465 aliquis
303 1377 446 1446 claustra
467 1378 604 1468 pudoris
633 1377 785 1462 invadat,
807 1376 872 1446 nisi
904 1374 1094 1444 commixtio

165 1470 330 1537 seminum
350 1482 520 1559 sequatur,
542 1491 608 1540 non
626 1472 733 1541 oritur
760 1492 799 1541 ex
823 1472 886 1539 hoc
915 1469 1092 1538 affinitas.»

167 1561 201 1629 4⁰
222 1562 423 1632 Affinitatem
444 1564 525 1632 oriri
542 1585 609 1633 non
639 1565 748 1634 solum
780 1585 818 1632 ex
846 1564 963 1653 copula
990 1562 1091 1646 licita,

160 1656 218 1724 sed
242 1655 342 1724 etiam
361 1656 491 1740 illicita3
512 1678 589 1727 nam
610 1683 624 1723 c
646 1658 708 1748 qni
726 1658 884 1727 adhaeret
899 1656 1092 1738 meretrici,

165 1769 266 1816 unum
285 1770 405 1838 corpus
427 1772 502 1817 cuin
520 1751 575 1819 itta
593 1751 747 1836 efficitur,
768 1774 782 1816 s
812 1762 850 1819 nt
865 1750 989 1839 legitur
1007 1750 1035 1816 l.
1054 1750 1095 1817 ad

166 1840 315 1910 Corinth.
336 1863 408 1932 cap.
427 1843 464 1911 d.
501 1842 537 1911 5⁰
554 1842 753 1914 Affinitatem
781 1843 861 1912 oriri
885 1845 937 1912 ex'
955 1842 1095 1931 copula,

167 1955 250 2022 quae
270 1935 435 2004 habeatur
452 1957 527 2005 cnm
542 1938 683 2007 muliere
707 1957 843 2027 prorsus
868 1935 969 2004 invita
989 1955 1027 2003 ac
1046 1956 1096 2003 re·

168 2028 306 2113 nitente,
329 2040 386 2098 ant
405 2031 505 2100 etiam
519 2031 718 2114 dormiente,
742 2042 799 2099 aut
822 2030 926 2112 ebria,
951 2048 1022 2116 cap.
1042 2026 1096 2094 Dr·

164 2138 388 2191 sunnmonnn.
419 2122 464 2192 lle
490 2145 529 2193 eo
550 2124 607 2212 qui
634 2144 732 2212 cogn.
758 2141 930 2209 consenga
951 2140 1096 2208 namque

163 2216 203 2283 ad
225 2215 421 2285 affinitatem
442 2218 702 2292 contrahendam
722 2216 803 2284 satis
816 2225 866 2284 est
884 2213 1026 2282 carnalis
1043 2232 1096 2280 co-

159 2308 274 2396 gnitio,
297 2310 531 2401 seminumque
548 2310 750 2394 commixtio,
770 2329 837 2378 non
851 2307 1003 2380 voluntas
1019 2326 1095 2393 per·

159 2422 316 2470 sonarum
334 2404 534 2492 postulatur.

204 2495 338 2585 Triplex
371 2498 451 2565 olim
472 2496 594 2567 exstitit
611 2495 779 2566 affinitatis
798 2515 915 2584 genus.
946 2491 1095 2561 Primum

160 2598 231 2656 erat
247 2588 343 2673 illud,
366 2590 407 2659 de
427 2612 494 2680 qno
515 2591 644 2680 loquuti
666 2611 795 2672 sumus,
812 2590 961 2671 alterum
989 2587 1023 2656 in
1056 2605 1095 2655 eo

159 2680 256 2750 situm
275 2683 359 2767 erat,
381 2696 419 2755 nt
433 2683 574 2753 affinitas
587 2696 721 2773 pareret
733 2683 938 2765 affinitatem,
958 2678 1094 2751 tertium

159 2773 304 2864 denique
323 2774 528 2861 habebatur,
549 2799 650 2866 quum
675 2775 913 2864 consanguinei
942 2772 1094 2843 mulieris

159 2867 273 2936 affines
292 2868 414 2938 tierent
429 2870 685 2958 consanguineis
705 2869 779 2952 viri,
802 2880 836 2937 et
856 2866 1013 2936 vicissim.
1032 2865 1093 2935 lle·

159 2960 983 3042 rumInnocentinslllinConcilioLateranensilll,
995 2969 1094 3048 prout
1150 3016 1152 3021 .

160 3054 306 3122 refertur
326 3055 360 3122 in
379 3055 459 3147 Cap.
480 3057 552 3125 Non
571 3075 680 3124 nannr
698 3052 719 3123 8
739 3056 779 3123 de
798 3052 941 3122 Consan.
957 3064 989 3121 et
1001 3051 1091 3119 affin.

160 3145 349 3216 iustissimis
367 3149 408 3217 de
429 3150 537 3218 causis
554 3149 678 3218 ibidem
706 3146 888 3229 recensitis,
912 3143 1092 3212 secundum

160 3252 191 3308 et
209 3241 348 3310 tertium
367 3242 536 3313 affinitatis
556 3262 662 3330 genus
680 3241 721 3309 de
754 3238 862 3308 medio
889 3235 1043 3319 sustulit,
1061 3247 1095 3304 et

159 3332 304 3420 primum
324 3335 495 3406 dumtaxat
512 3356 617 3424 genus
637 3335 672 3403 in
692 3356 753 3404 suo
772 3334 893 3402 robore
922 3349 1096 3421 permane·

159 3445 193 3493 re
211 3426 400 3496 constituit.
427 3429 521 3498 Nunc
541 3430 653 3520 itaque
682 3449 758 3497 enm
775 3425 917 3496 affinitas
942 3444 1009 3493 non
1041 3443 1095 3512 pa·

161 3518 224 3588 riat
245 3519 453 3604 affinitatem,
472 3542 582 3612 neque
599 3533 774 3612 promanat
790 3521 876 3590 inter
896 3514 1094 3602 consangui-
1161 3551 1163 3556 .
