2642 4175
365 322 410 366 nn
428 320 881 367 1urnnurnnrrsrtnnmuontr
976 310 1042 370 349
1163 365 1169 376 ,

155 419 268 494 eadem
286 418 331 487 sit
352 418 502 500 facultas,
524 438 588 506 qua
602 417 794 507 Episcopus,
816 432 853 491 ut
870 420 1025 507 superius
1038 423 1091 491 di-

154 512 271 595 ximus,
286 510 360 580 iure
376 511 510 600 gaudet,
529 531 634 602 quum
648 512 688 580 ad
701 508 876 582 Summum
894 511 1089 586 Pontificem

154 605 257 676 tacitis
277 625 344 673 non
377 615 426 673 est
451 623 632 687 recursus,
660 605 855 692 praesertim
877 627 952 675 oum
973 610 1089 680 eadem

155 719 224 770 esse
245 696 364 767 debeat
384 695 469 766 iuris
487 695 683 785 dispositio,
706 698 764 766 ubi
784 710 834 769 est
853 700 969 769 eedem
988 702 1088 784 ratio,

155 792 315 880 adeoque,
332 801 371 859 ut
384 789 535 859 observat
553 790 649 858 Gard.
672 789 718 859 De
735 790 827 878 Lego
842 792 884 861 de
900 790 1086 864 Poenitent.

155 884 237 972 disp.
260 881 319 965 Ἠ,
341 894 420 952 sect.
444 880 489 949 22
510 895 543 952 et
559 881 621 964 ib
644 894 678 952 et
694 883 874 972 Roncagtia
890 885 1090 956 dettatrim.

118 1009 122 1016 ·
155 988 283 1066 quaest.
305 974 339 1058 9,
360 996 395 1043 ιι.
418 975 459 1042 1;
485 998 500 1040 c
520 974 688 1064 Quidquid
709 976 787 1046 tacit
808 996 1091 1065 praesumerem·

155 1071 316 1139 tontatem
337 1089 409 1138 osse
427 1068 550 1137 summi
570 1067 762 1153 Pontificis,
796 1080 833 1138 ut
856 1067 1037 1158 Episcopus
1056 1070 1091 1140 in

156 1162 355 1252 quibusdam
376 1161 506 1230 casibus
524 1159 726 1249 gravissimis
748 1161 852 1251 possit
884 1161 918 1229 in
953 1161 1093 1251 impedi·

156 1255 275 1325 mentis
295 1253 530 1324 dirimentibus
554 1252 770 1342 dispensare,
803 1255 882 1323 dum
902 1274 968 1323 non
991 1256 1096 1345 possit

156 1347 304 1418 Pontifex
321 1346 418 1429 adiri,
437 1357 471 1417 ot
482 1345 721 1435 sitpericulum
735 1347 770 1415 in
787 1367 893 1432 mora,
915 1347 1002 1417 idem
1020 1369 1094 1437 pro·

156 1442 210 1511 bat
232 1440 341 1530 quoad
359 1438 564 1522 Paroohum,
586 1440 666 1507 dom
691 1459 758 1509 non
779 1440 883 1528 possit
910 1440 1094 1530 Episcopus

98 1621 102 1626 ,
156 1533 255 1604 adiri.
275 1557 290 1600 r
313 1532 370 1602 Isti
387 1544 540 1601 auctores
555 1532 683 1601 addunt
701 1534 888 1603 consuitum
909 1534 1003 1603 vaide
1020 1555 1092 1604 esse

156 1638 193 1695 ut
213 1628 253 1695 ad
275 1626 436 1695 maiorem
453 1625 650 1696 sacramenti
678 1625 870 1696 firmitatem
889 1626 1093 1716 dispensatio

157 1718 275 1788 deinde
307 1718 509 1788 obtineatur.
541 1716 625 1786 Sunt
652 1718 710 1807 qui
736 1730 850 1789 tenent
869 1719 997 1787 licitum
1019 1739 1093 1790 esso

157 1811 285 1901 sponsis
304 1810 430 1900 absque
450 1820 584 1899 peccato
603 1811 855 1888 matrimonium
875 1812 1020 1881 exterius
1039 1833 1094 1882 oe·

157 1905 299 1988 lebrare,
318 1904 403 1973 taeta
419 1902 640 1992 promissione
670 1902 856 1972 abstinendi
877 1903 918 1971 ab
933 1903 985 1987 iis,
1008 1926 1096 1994 quae

157 2018 222 2067 non
243 1995 430 2085 coniugatis
452 1996 566 2065 illicita
587 2005 676 2076 sunt,
692 1996 797 2064 donec
815 1995 1028 2083 dispensatio,
1045 2018 1097 2065 re-

157 2103 274 2160 novato
301 2093 487 2172 consensu,
510 2087 741 2178 exsequutioni
769 2086 943 2157 commissa
976 2087 1029 2157 sit.
1057 2090 1094 2157 ln

158 2205 235 2253 casu
253 2183 345 2252 enim
359 2184 451 2252 nulla
470 2183 563 2251 adest
581 2180 680 2251 realis
697 2179 895 2250 sacramenti
913 2180 1097 2261 simulatio,

157 2297 218 2346 neo
236 2275 372 2365 ponitur
393 2275 530 2344 materia
552 2286 585 2343 et
603 2276 711 2342 forma
731 2294 807 2343 oum
835 2272 1020 2342 intentione
1045 2275 1094 2342 ta-

158 2369 265 2438 ciendi
280 2369 368 2458 quod
383 2368 460 2437 facit
475 2367 632 2450 Ecclesia,
642 2368 731 2457 quod
746 2385 916 2456 nunquam
930 2366 1018 2449 ticet,
1036 2369 1093 2436 sed

157 2462 386 2531 tantummodo
400 2458 585 2531 admittitur
597 2472 689 2530 actus
701 2461 825 2551 absque
838 2460 928 2528 nulla
942 2459 1098 2529 intentio-

158 2576 218 2639 ne,
240 2555 287 2623 ita
309 2566 348 2622 at
363 2553 538 2624 deficiente
553 2553 692 2623 materia
710 2565 743 2623 et
754 2555 859 2623 forma
874 2551 1092 2636 Sacramenti,

160 2646 429 2736 quandoquidem
444 2647 536 2717 deest
546 2648 709 2730 voluntas,
730 2646 863 2716 deficiet
875 2657 1006 2736 oportet
1020 2667 1096 2716 con·

39 2816 40 2821 ,
161 2761 288 2820 sensus,
307 2744 348 2807 ⁴ao
367 2738 507 2828 proinde
527 2751 716 2808 contractus
734 2759 803 2807 non
820 2739 988 2808 subsistat.
1012 2729 1094 2807 Tan·

160 2834 234 2902 dem
255 2853 323 2900 non
344 2833 476 2914 desunt,
491 2830 549 2921 qui
569 2842 755 2913 autumant,
777 2832 817 2898 ad
836 2830 985 2900 evitanda
998 2850 1094 2900 soan-

160 2926 244 3007 dala,
261 2944 349 3014 quae
368 2923 446 2992 inde
466 2923 586 2993 exoriri
601 2933 746 3010 possent,
764 2922 945 3009 parocbum
963 2933 995 2991 et
1014 2942 1092 2991 con-

158 3017 333 3088 fessarium
347 3016 469 3085 dobere
486 3017 527 3084 ad
547 3014 749 3085 connubium
762 3014 943 3082 ineundum
954 3034 1094 3103 sponsos

159 3110 353 3192 admittere,
376 3128 513 3198 eosque,
541 3109 568 3178 si
585 3106 858 3196 impedimentum
886 3105 984 3174 ambo
997 3105 1092 3192 igno-

160 3202 327 3287 raverint,
360 3212 393 3270 et
412 3203 538 3294 absque
554 3200 648 3289 ‘'grari
674 3198 824 3289 periculo
852 3198 893 3267 da
911 3217 952 3266 eo
972 3197 1094 3266 certio·

160 3296 226 3366 rari
245 3306 425 3384 nequeant,
447 3295 482 3363 in
501 3294 587 3363 bona
607 3293 673 3362 tide
693 3290 896 3380 relinquare,
919 3290 1027 3380 quoad
1042 3289 1094 3358 di·

105 3448 114 3463 Ι
160 3389 326 3478 sponsatis
344 3388 544 3470 obtineatur,
573 3398 606 3456 et
622 3405 815 3468 «consensus,
837 3383 864 3452 si
883 3383 957 3453 fieri
973 3383 1090 3473 possit,

157 3492 354 3565 renovetur,
373 3482 443 3566 vel,
463 3481 491 3550 si
511 3477 765 3563 necessum'sit,
789 3479 896 3568 quoad
917 3477 1090 3549 matrimo-
