2642 4175
294 370 360 427 192
629 381 731 432 carun
747 381 795 426 ιιι.

245 478 390 563 nium‚si
397 480 747 572 altmutarboptinrtm
756 499 824 550 nou
837 492 900 563 eet;
910 480 1058 553 validum
1071 503 1091 554 e
1107 506 1183 558 oon·

246 589 314 657 tra,
340 574 369 650 ei
394 585 515 646 neuter
538 586 590 645 eet
614 572 810 665 baptizator.
838 572 910 645 lino
931 573 986 645 irie
1009 578 1181 668 speciem
1306 572 1307 575 ’

353 668 361 681 .
566 670 581 706 a
786 666 794 681 .
818 667 826 682 .
1159 675 1167 689 .

244 667 1183 853 nandafflatttlttmmm

245 854 389 925 habendi
402 855 481 938 rint,
497 855 543 926 itu
557 869 594 926 ut
606 876 666 926 ece
677 855 815 926 interae
825 854 1004 928 catholicoe
1019 858 1182 931 dirimens

244 948 566 1040 cultutdieparitatie
576 949 852 1040 impedimentum
863 950 1184 1024 udeeaeoeneeatnr'l

245 1043 291 1113 lle
305 1042 369 1113 hac
385 1042 583 1136 quaestione
600 1054 713 1113 actum
729 1042 831 1113 eatin
846 1041 997 1131 generali
1011 1043 1046 1114 S.
1063 1046 1183 1117 Βοωι·

243 1154 309 1208 nae
324 1149 358 1208 et
376 1136 572 1210 universalis
591 1136 823 1230 inquisitionis
841 1136 1111 1228 Congrequticue
1124 1141 1185 1211 die

243 1228 289 1298 ll
315 1227 604 1311 Novemb.1830‚
628 1243 664 1302 et
687 1230 802 1300 Patrae
833 1229 1097 1303 Eminentieairni
1126 1248 1182 1305 ra÷

243 1323 474 1414 scripserunt:
499 1323 644 1405 «Quoad
665 1321 873 1402 haereticos,
890 1346 1036 1415 quornm
1069 1339 1182 1399 metae

245 1418 389 1502 ritualia,
399 1419 631 1509 praescribunt
646 1418 858 1488 collationem
878 1418 1037 1508 baptismi
1053 1420 1182 1512 absque

242 1512 432 1583 necessario
453 1533 517 1582 neu
538 1511 699 1583 materiae
735 1523 770 1581 et
803 1512 931 1582 formae
965 1515 1179 1598 essentialia,

243 1605 428 1676 examinari
448 1605 662 1676 deberemus
685 1604 889 1695 peculiaris:
922 1607 1033 1697 quoad
1064 1607 1180 1691 aliea,

244 1698 303 1789 qui
332 1698 421 1770 iuxta
454 1720 571 1769 eorum
597 1699 733 1769 ritualia
763 1698 933 1789 baptizant
948 1701 1074 1784 valide,
1098 1702 1184 1772 ruli·

244 1794 326 1863 dnm
346 1794 548 1862 censendum
568 1814 642 1863 esee
660 1791 838 1881 baptisma.
869 1793 1012 1873 Quodsi
1039 1794 1182 1866 dubium

244 1885 423 1977 persistat,
442 1886 543 1958 etiam
576 1886 611 1956 in
645 1885 757 1977 primo
786 1906 865 1960 caen
900 1888 1107 1966 mouendam
1131 1903 1185 1960 cet

245 1980 392 2050 validum
411 1979 574 2076 baptisma
595 1979 631 2050 iu
660 1980 780 2054 urdine
812 1979 856 2049 ad
880 1980 1082 2053 validitatem
1110 2004 1184 2053 rna·

245 2074 408 2158 trimcnii,
430 2074 459 2144 si
479 2086 592 2145 autem
613 2085 705 2144 certe
727 2085 949 2163 cognoscatur
969 2075 1099 2146 nullum
1126 2076 1185 2148 ha·

244 2169 365 2259 ptiema
392 2189 432 2239 en
456 2168 698 2239 consuetudine
716 2167 837 2239 actuali
856 2167 949 2238 illine
962 2181 1083 2255 sectae,
1104 2174 1184 2241 um-

246 2264 316 2332 lnm
336 2275 388 2333 est
407 2262 671 2332 matrimonium.
696 2284 713 2327 ι
740 2261 834 2330 Hanc
862 2262 1066 2335 decisionem
1091 2265 1183 2335 rele-

225 2367 326 2426 ·rnnt
340 2350 505 2444 lldlangea
523 2351 639 2426 tneor.
660 2356 728 2425 sdr.
749 2353 785 2438 3,
812 2377 845 2444 p.
875 2354 966 2440 lto,
987 2357 1184 2449 adduntque
1239 2400 1244 2407 ·

246 2461 443 2541 aequantem
458 2469 585 2518 cneum.
600 2448 747 2521 Dubium
762 2460 846 2521 erat:
866 2448 943 2518 «Vir
956 2451 1092 2541 quidam
1106 2473 1184 2541 pro

247 2554 373 2613 testans
393 2542 588 2630 anglicanae
607 2544 768 2614 ecelesiae
783 2543 855 2612 vult
872 2545 1026 2634 amplecti
1044 2543 1184 2633 religio·

246 2657 325 2706 nem
343 2635 555 2707 catholicam.
583 2637 621 2707 ln
639 2637 757 2726 Anglia
786 2636 1038 2707 matrimonium
1056 2639 1185 2709 seoerat

248 2751 324 2798 cum
339 2729 493 2811 muliere,
506 2750 594 2820 quae
606 2731 647 2800 ad
662 2741 787 2802 sectam
803 2730 1087 2821 anabaptismpum
1100 2752 1181 2820 per·

248 2823 398 2906 tinebat,
417 2836 452 2894 et
469 2845 579 2915 qnae,
600 2836 702 2913 prout
720 2824 792 2914 ipae
808 2823 971 2907 affirmat,
993 2845 1181 2914 numquam

249 2916 414 3008 baptizata
434 2917 636 2999 initorum
659 2939 740 2988 vero
767 2917 838 3006 ipse
856 2917 1058 3008 baptismum
1080 2939 1100 2987 a
1122 2919 1184 2989 mi·

248 3012 354 3081 nistm
375 3023 580 3103 protestante
605 3010 780 3100 anglicano
804 3011 980 3101 receperit,
1001 3012 1044 3080 de
1061 3009 1183 3081 validi·

249 3117 318 3176 tate
336 3105 408 3176 eine
424 3104 552 3197 proprii
586 3104 794 3194 baptismalia
821 3104 909 3175 ratio
926 3124 1063 3195 quoqne
1082 3105 1184 3176 dubi·

248 3198 344 3273 tandi
362 3200 470 3290 guaris
489 3197 613 3271 exutit.
633 3197 774 3289 Propter
793 3197 904 3288 iurgia
928 3199 1085 3268 omnum
1105 3220 1184 3269 mu·

249 3295 369 3365 lienem
388 3292 631 3384 anabaptistam
650 3291 701 3363 rir
716 3291 1057 3382 praelatuedeseruit,
1074 3292 1185 3362 renit-

251 3408 318 3476 que
334 3387 375 3456 N.
391 3387 448 3456 ubi
463 3385 716 3459 matrimonium
729 3385 851 3456 iterum
862 3384 1184 3467 leeiteedcummn·

251 3480 334 3549 liere
350 3481 539 3551 lutherana.
562 3479 732 3561 Quaenam
746 3499 785 3551 ex
799 3479 870 3549 istie
884 3478 1083 3549 mulieribus
1095 3490 1183 3548 tam·

190 3636 192 3639 ,
251 3593 352 3661 quam
371 3572 444 3643 eius
462 3594 546 3642 uxor
561 3572 679 3644 haberi
706 3573 833 3643 debet?
855 3571 1057 3645 «Resolutio
1076 3570 1115 3642 S.
1141 3570 1182 3642 0.
