2642 4175
275 384 342 442 tus
595 393 758 441 uernum
773 394 795 438 r.

230 508 267 565 ut
285 516 346 586 per
374 515 410 564 se
435 502 548 584 patet,
571 504 604 562 et
635 493 739 561 lassus
761 502 812 562 est
846 488 916 582 ipse
944 492 1114 583 Napoleon
1133 494 1159 577 l,

229 590 364 680 quando
377 588 411 657 in
425 586 628 657 discussione
641 586 723 655 baec
735 586 934 674 proferebat:
953 584 1025 656 ‹Ou
1037 609 1078 655 ue
1086 597 1164 677 peut

229 682 353 771 odliper
371 682 568 750 luministro
595 681 648 747 des
670 680 768 748 cutus
787 683 809 749 d
829 680 920 748 de'uir
938 680 982 748 tce
1000 684 1164 769 menopes

230 776 395 859 ouloblea,
416 776 550 844 suivant
565 774 610 842 les
630 773 692 840 lois
709 773 836 857 ciuiles,
859 772 1008 863 lorsqu'il
1022 777 1165 863 opercoit

228 869 369 960 quelque
398 868 630 959 emptcbemeut
646 868 872 956 monuique.)
900 862 1094 937 Conltlreno.
1125 870 1165 938 de

232 964 319 1033 Codc
339 975 363 1033 t.
386 961 420 1043 b,
437 985 470 1052 p.
487 959 545 1030 uu.
565 960 603 1028 ln
617 961 731 1030 eodem
752 981 851 1029 seusu
872 961 996 1050 pluries
1016 963 1167 1051 reposuit

233 1054 385 1126 Pertalis.
404 1054 483 1125 vida
496 1055 636 1124 loullret
651 1065 677 1122 t.
693 1053 777 1144 l,'p.
789 1050 872 1123 300.
887 1054 958 1124 Non
974 1054 1043 1123 vult
1054 1069 1165 1124 autem

231 1151 324 1239 quia,
346 1149 485 1219 caeteris
502 1146 644 1232 omissis,
663 1147 744 1217 laica
765 1147 806 1215 de
822 1147 1032 1219 matrimonio
1046 1149 1111 1232 lex,
1129 1171 1166 1218 ex

232 1242 605 1331 legislatorisvuiuntate
613 1242 720 1310 lorum
730 1250 900 1310 externum
910 1240 1056 1331 respicit,
1066 1244 1166 1312 adeu-

231 1335 763 1427 queconscientiamnonattingit,
772 1334 928 1424 quinimo
939 1334 1163 1420 inindiriduo,

233 1432 377 1520 quodam
390 1430 509 1499 mentis
524 1429 756 1511 abstractione,
773 1427 939 1497 bominem
954 1428 1111 1498 socialem
1127 1431 1167 1500 nb

234 1524 368 1593 bomine
384 1523 538 1611 religioso
559 1522 603 1590 ita
622 1521 796 1610 distinguit
812 1543 850 1590 nc
867 1535 1008 1612 separat,
1032 1534 1069 1592 ut
1090 1524 1168 1593 alto

235 1638 309 1685 rum
325 1617 433 1706 quoad
448 1615 843 1684 relationesmereciviles
853 1615 885 1683 in
900 1615 1017 1684 ordine
1031 1628 1167 1686 externo

233 1710 402 1778 dumtaxat
418 1708 592 1792 devinciat,
615 1709 756 1777 alterum
777 1729 855 1777 nero
869 1709 1011 1778 liberum
1029 1731 1168 1798 prorsus

235 1803 402 1892 relinqunt
419 1803 527 1893 quoad
548 1802 684 1871 ellectus
703 1801 875 1890 religiosos
904 1802 936 1870 in
964 1804 1083 1873 ordine
1102 1803 1168 1893 spi-

236 1896 358 1976 rituali,
373 1917 432 1965 scu
454 1895 487 1963 in
508 1895 561 1980 iis,
583 1916 671 1985 quae
691 1895 794 1964 Deum
813 1907 846 1964 et
860 1896 1094 1965 conscientiam
1113 1918 1166 1965 re·

235 1990 393 2080 spiciunt.
406 1990 450 2058 Ex
465 2000 530 2079 quo
543 1989 754 2057 vmanifestum
769 1989 985 2078 prolectnest,
998 1990 1165 2058 matrimo-

237 2084 328 2154 nium
344 2083 573 2168 cbristinnum,
585 2083 664 2151 dum
674 2082 834 2151 infaciem
848 2082 1013 2153 Ecclesiae
1028 2083 1169 2153 celebra·

238 2191 303 2261 tur,
326 2178 359 2246 in
380 2199 438 2247 sua
460 2176 649 2265 integritate
668 2197 743 2243 cum
764 2176 833 2245 suis
853 2177 1099 2265 impedimentis
1117 2199 1169 2246 ca·

240 2270 365 2348 nunicis
378 2291 514 2362 prorsus
526 2269 681 2359 relinqui,
690 2269 840 2360 nihilque
848 2271 921 2359 lege
930 2270 1169 2361 decerni,qnod

239 2364 298 2447 illi,
319 2364 368 2433 uti
389 2376 606 2447 sacramento,
626 2361 763 2433 obsistat
783 2375 816 2431 et
835 2365 1037 2434 adversetur.

283 2457 429 2526 'landem
450 2457 511 2527 tria
534 2456 569 2525 in
589 2457 710 2527 Codice
740 2455 904 2526 habentur
931 2456 1167 2546 impedimenta

239 2550 442 2634 dirimentis,
459 2550 498 2619 dc
515 2550 637 2640 quibos
656 2551 747 2619 nulla
764 2551 798 2619 in
815 2549 888 2619 iure
901 2549 1060 2619 canonico
1082 2573 1171 2642 men·

241 2643 286 2711 tio
298 2642 346 2724 fit,
364 2663 468 2732 caque
481 2656 557 2712 sunt
572 2644 605 2712 l.
622 2644 769 2714 delectus
785 2664 963 2713 consensus
979 2657 1168 2734 parentum3

241 2735 274 2805 l.
291 2736 438 2806 delectus
456 2737 607 2826 publicae
626 2737 764 2807 notitiae
782 2736 1005 2820 matrimonii;
1027 2734 1062 2806 3.
1083 2735 1170 2806 dele·

239 2842 312 2899 ctus
328 2829 566 2899 iurisdictionis
586 2831 619 2899 in
637 2830 789 2899 ministro
809 2843 914 2900 status
940 2831 1058 2899 civilis.
1082 2831 1171 2912 Quae

239 2923 329 2993 enim
345 2925 385 2993 de
399 2924 514 2994 notitia
531 2922 733 2994 matrimonii
750 2924 1172 3013 ecclesiasticictdeprac·

240 3017 345 3089 sentia
360 3018 494 3105 parochi
510 3018 545 3086 in
560 3018 652 3103 locis,
672 3017 726 3087 ubi
740 3017 877 3088 Consilii
892 3017 982 3086 Trid.
1001 3018 1170 3088 decretum
1233 3053 1235 3058 ·

240 3132 321 3180 sess.
343 3110 448 3194 XlllV,
464 3133 493 3179 c.
511 3111 527 3178 l
545 3111 747 3201 publicatum
766 3124 826 3195 est,
846 3109 884 3181 uc
901 3133 962 3181 usu
985 3123 1168 3200 receptum,

243 3203 513 3292 praescribuntur
525 3204 557 3272 in
576 3205 648 3274 iure
667 3205 836 3289 canonico,
856 3206 903 3273 nil
920 3204 1097 3273 commune
1116 3204 1170 3272 ba·

242 3298 321 3366 bent
338 3318 413 3366 curn
433 3297 485 3381 iis,
508 3318 593 3387 quae
613 3319 630 3365 a
650 3299 723 3386 lege
743 3298 829 3367 civili
849 3299 1086 3367 decernuntur.

287 3390 333 3459 lle
351 3390 595 3481 impedimentis
613 3391 764 3477 civilibus
783 3392 1059 3482 prohibentibus,
1083 3409 1168 3482 quae

243 3481 276 3549 l.
299 3482 337 3550 ad
358 3484 599 3572 oppositionem
621 3483 684 3554 rite
701 3484 852 3555 ministro
871 3484 1091 3574 significatam
1103 3508 1112 3568 ;
1132 3481 1166 3550 i.

242 3574 284 3643 ud
302 3575 467 3645 defectum
497 3578 820 3666 proclamationum,
841 3591 875 3650 et
892 3576 927 3647 3.
948 3579 989 3647 ad
1009 3579 1171 3648 delectum
