2642 4175
279 289 344 346 148
476 267 481 280 ’
614 299 714 345 cneus
732 299 778 343 ιιι.

230 401 282 482 lis,
304 419 391 491 quae
411 398 534 487 peioris
557 397 756 468 conditionis
780 396 920 467 efficitur
939 417 977 466 en
1006 396 1168 466 conditio·

231 515 273 564 uc
302 492 472 582 parentis,
499 515 514 557 ι
543 512 640 561 usum
667 502 778 561 tamen
804 503 837 560 et
864 490 1110 579 perceptionem
1131 514 1168 560 o·

231 587 360 655 muium
390 586 555 655 bonorum
586 584 790 654 matrimonii
810 584 982 655 contullit
1007 584 1165 668 omniao;

231 680 334 770 prolis
366 679 455 749 euim
476 679 616 769 eiusque
636 679 842 748 educationis
862 699 880 747 a
900 677 1041 767 coniuge
1060 678 1166 749 libero

232 795 311 843 cura
339 773 485 863 gerenda
522 775 599 843 erit.
631 773 716 842 lllud
738 785 849 844 autem
877 772 1091 862 praecipuum
1113 793 1166 840 ao-

231 868 333 950 cedit,
359 867 493 957 quodsi
512 867 664 951 servitus,
694 868 773 935 dum
794 866 941 954 ingenuo
957 866 1164 934 contrahenti

232 973 400 1051 comperta
421 972 488 1047 est,
510 961 654 1030 naturali
676 962 750 1030 iure
781 981 848 1028 non
869 958 997 1028 dirimit
1014 959 1162 1048 nuptias,

232 1055 280 1124 uti
300 1054 450 1124 omnium
473 1055 636 1124 sententia
666 1067 732 1137 est,
755 1074 865 1143 noque
881 1053 1012 1137 easdem
1033 1053 1166 1143 nuptias

167 1166 175 1177 ·
230 1148 384 1232 dirimet,
407 1149 486 1217 dum
514 1148 665 1236 ignorata
694 1159 762 1218 est:
790 1147 937 1219 servitus,
956 1146 1079 1236 quippe
1099 1146 1171 1216 sira

81 1234 83 1239 ’
150 1249 154 1255 “
231 1243 411 1331 ignorata,
443 1242 512 1310 sive
537 1241 669 1330 cognita
695 1242 791 1311 bonis
826 1253 859 1311 et
890 1253 1030 1311 naturae
1051 1240 1166 1310 matri·

145 1376 148 1385 -
231 1337 334 1405 monii
356 1355 464 1425 aequo
492 1334 565 1403 iura
589 1355 656 1404 non
676 1347 851 1425 repugnat.
878 1335 923 1403 Ex
948 1355 1012 1424 qua
1033 1345 1166 1403 senten·

230 1430 276 1498 tia
299 1428 362 1498 trin
384 1449 490 1517 prono
514 1428 607 1498 alveo
634 1442 840 1519 sequuntur:
863 1427 907 1519 l&
930 1440 981 1498 est
1004 1429 1092 1517 quod
1112 1450 1166 1497 ra·

229 1524 296 1592 leat
315 1521 566 1592 matrimonium
586 1535 793 1593 contractum
816 1524 903 1592 inter
920 1523 1071 1591 infideles
1088 1543 1170 1591 cum·

230 1637 344 1685 errore
371 1616 570 1686 conditionis
596 1618 749 1701 servilis,
771 1616 835 1686 nisi
854 1616 939 1695 forta
959 1616 1069 1705 aliqua
1090 1636 1164 1705 spa·

231 1710 305 1779 ciali
325 1711 400 1799 lege
417 1709 592 1794 irritetur,
621 1712 699 1801 quia
726 1711 877 1781 infideles
896 1710 1063 1780 Ecclesiae
1084 1710 1164 1798 legi·

230 1805 292 1872 bus
329 1804 526 1894 neutiquam
550 1805 816 1894 obstringuntur.
845 1802 886 1871 2·
906 1817 973 1887 est,
995 1804 1083 1893 quod
1103 1803 1165 1872 hoc

232 1897 508 1986 impedimentum
529 1899 570 1967 ab
590 1899 738 1968 Ecclesia
765 1897 930 1973 relaxari,
953 1919 1012 1967 scu
1032 1898 1164 1987 dispen-

230 1991 296 2061 sari
318 1992 434 2081 possit.
460 1990 502 2060 3¹fl
524 2003 596 2075 est,
616 1993 644 2068 si
684 1993 815 2081 cognito
842 2012 979 2074 errore,
1006 1993 1162 2080 deceptus

230 2086 353 2155 iterum
375 2108 572 2157 consensum
595 2100 759 2177 praestet,
783 2085 1051 2169 matrimonium,
1075 2085 1163 2175 quod

230 2192 325 2249 antea
347 2182 478 2250 nullum
499 2192 581 2263 erat,
605 2182 842 2271 subsequente,
864 2201 1027 2249 consensu
1047 2200 1163 2248 conva-

231 2274 348 2356 lescit,
372 2275 497 2363 absque
523 2275 590 2342 ulla
620 2274 878 2364 dispensatione.
901 2276 948 2342 Αιι
970 2286 1003 2343 ct
1032 2273 1161 2362 quando

228 2387 410 2436 cousensus
429 2367 591 2455 praestari
609 2369 727 2438 debeat
741 2368 775 2436 in
793 2369 897 2436 forma
919 2367 1098 2436 tridentina
1117 2367 1164 2433 in·

228 2460 331 2528 serius
352 2460 489 2548 patebit.

275 2553 408 2636 Verum,
430 2552 522 2621 hisce
542 2555 716 2623 doctorum
734 2553 907 2623 sententiis
929 2553 962 2621 in
981 2553 1091 2622 medio
1111 2573 1162 2621 re·

229 2645 327 2729 lictis,
351 2646 391 2714 do
407 2646 628 2717 matrimoniis
647 2647 735 2717 inter
765 2667 896 2716 servum
926 2658 958 2716 et
989 2647 1154 2728 liberam,

229 2750 287 2808 aut
315 2738 457 2809 vicissim
478 2739 569 2810 initis
599 2742 782 2816 secundum
803 2741 953 2811 Capones
984 2741 1163 2810 diiudican-

230 2833 391 2901 domest.

654 2977 741 3069 §dd

595 3134 648 3190 Dc
687 3134 803 3191 loto.

274 3296 457 3365 Alexander
471 3295 515 3363 lll
529 3316 600 3386 cap.
623 3296 814 3367 Mnnmruus
828 3296 889 3377 Qui
908 3297 994 3368 Cler.
1012 3299 1060 3367 vel
1076 3320 1158 3382 rou,

229 3401 262 3456 et
281 3387 468 3458 Bouilacius
488 3388 556 3457 lllll
574 3411 646 3479 cap.
667 3390 766 3460 unico
788 3391 829 3460 de
848 3403 935 3473 voto,
956 3404 989 3460 ct
1007 3404 1073 3460 vot.
1107 3413 1160 3461 re·
1215 3425 1224 3430 ·

228 3482 353 3571 dempt.
377 3483 409 3551 in
432 3480 464 3567 6,
478 3503 545 3552 nos
566 3485 723 3569 edocent,
746 3484 929 3556 discrimen·
948 3506 1019 3556 esse
1039 3486 1161 3555 lacien-
