2642 4175
332 442 377 486 nn
394 442 630 488 rurannrnn'rrs
648 442 845 489 uarararomr
942 433 1008 491 217

540 739 634 832 §aa
736 699 742 708 “

491 920 537 977 Ile
560 851 688 979 dadino·
733 961 735 970 a

167 1100 309 1190 Antiqua
331 1111 382 1176 est
400 1099 568 1169 Ecclesiae
585 1099 781 1189 disciplina,
805 1119 891 1189 quae
912 1102 1055 1173 maiores

127 1194 253 1263 clericos
283 1193 419 1262 omnino
436 1205 544 1262 castos
565 1214 637 1262 esse
657 1193 761 1262 iubet.
785 1193 891 1262 Huius
908 1194 1055 1286 discipli·

126 1308 181 1357 nac
199 1288 453 1356 tundamentum
470 1287 570 1356 situm
591 1299 642 1356 est
661 1286 696 1356 in
714 1288 887 1356 sanctitate
901 1301 1005 1359 status
1022 1304 1056 1361 et

126 1380 306 1463 ministerii,
330 1392 429 1470 atque
449 1381 482 1449 in
504 1380 620 1470 primis
637 1380 738 1450 divini
758 1381 923 1466 sacrificii,
946 1384 999 1452 cui
1020 1385 1054 1455 in

126 1472 296 1544 Ordinibus
315 1475 418 1543 sacris
452 1473 622 1544 constituti
643 1475 723 1544 dant
754 1496 907 1564 operam:
933 1501 948 1544 a
972 1477 1053 1547 (lum

128 1567 214 1637 simul
230 1568 459 1656 voluptatibus
480 1579 513 1637 et
533 1568 723 1637 carnalibus
743 1568 929 1653 desideriis,
952 1591 991 1640 ac
1008 1572 1055 1641 di·

127 1661 198 1731 rinis
212 1675 244 1732 et
257 1661 492 1731 ecclesiasticis
506 1662 798 1751 obsequiisvacare
811 1683 877 1731 non
890 1665 1050 1748 valeanus

128 1766 159 1823 nt
173 1756 292 1824 dicitur
309 1776 382 1845 cap.
403 1753 425 1822 3
444 1756 486 1824 de
504 1755 591 1824 Cler.
615 1756 749 1843 coniug.
772 1756 857 1825 Hinc
869 1756 1054 1828 Concilium

126 1847 337 1917 lateranense
350 1850 381 1931 l,
397 1869 469 1917 can.
487 1846 551 1915 ll:
571 1874 585 1915 r
603 1848 822 1941 Presbyteris,
841 1849 1052 1936 diaconibus,

126 1951 154 2009 et
170 1940 443 2025 subdiaconibus,
468 1955 501 2010 et
514 1942 688 2016 llonacbia
700 1942 902 2012 concubinas
916 1945 1052 2029 habere,

40 2068 43 2072 ·
125 2053 175 2104 seu
195 2036 407 2107 matrimonia
431 2036 630 2106 contrahere
651 2037 783 2125 penitus
801 2036 1052 2123 interdicimus;

126 2143 278 2200 eontracta
304 2150 438 2220 quoque
466 2129 681 2199 matrimonia
702 2130 743 2197 ab
773 2129 964 2199 huiusmodi
985 2153 1057 2220 per·

126 2223 204 2292 sonis
221 2224 385 2311 disiungi,
408 2236 441 2292 et
459 2243 618 2315 personas
638 2222 677 2291 ad
697 2222 934 2311 poenitentiam
955 2218 1070 2294 debe·'

126 2335 156 2384 re
185 2319 290 2407 redigi
317 2318 404 2386 iuxta
431 2316 608 2386 Sacrorum
634 2316 804 2385 Canonum
826 2315 1053 2387 definitionem

127 2407 316 2481 iudicamus.
335 2434 350 2475 r
369 2411 411 2479 Et
430 2411 583 2483 Lateran.
600 2429 636 2493 u,
658 2431 733 2500 cap.
755 2407 774 2476 7
796 2421 829 2478 et
848 2407 889 2477 8:
915 2409 990 2481 rUt
1004 2411 1054 2482 lex

125 2505 338 2574 continentiae
360 2515 393 2573 et
412 2504 479 2573 Deo
500 2505 633 2593 placens
653 2503 815 2572 munditia
838 2503 871 2571 in
892 2503 1054 2575 Ecclesia·

31 2614 32 2617 ’
125 2597 203 2667 sticis
221 2596 387 2688 personis,
409 2610 443 2666 et
461 2597 563 2666 sacris
580 2597 760 2667 Ordinibus
780 2597 964 2688 dilatetur,
986 2611 1052 2670 sta·

125 2690 236 2760 tuirnus
252 2704 420 2782 quatenus
440 2691 592 2780 Episcopi
609 2743 618 2774 ‚
656 2690 868 2783 Presbyteri,
891 2690 1049 2778 Diaconi,

125 2779 326 2869 Sabdiaconi,
341 2785 524 2873 Regulares
539 2784 708 2867 canonici,
727 2799 760 2855 et
773 2785 934 2868 llonacbi,
952 2799 1052 2877 atque

124 2874 268 2948 Conversi
302 2873 464 2968 professi,
500 2878 556 2968 qui
581 2889 732 2948 sanctum
768 2879 1051 2967 transgredientes

125 2973 334 3060 propositum,
357 2992 476 3041 uxores
493 2972 556 3041 sibi
577 2972 734 3060 copulare
754 2973 1061 3060 praesumpserint(

123 3079 322 3153 separentur.
361 3064 558 3134 Huiusmodi
594 3085 741 3154 namque
777 3065 1047 3154 copulationem,

124 3174 213 3243 quarn
233 3172 349 3229 contra
369 3158 634 3228 Ecclesiasticam
655 3159 805 3249 regulam
826 3169 955 3227 constat
979 3178 1051 3230 esse

123 3262 328 3336 contractam,
348 3252 597 3321 matrimonium
627 3271 694 3320 non
715 3271 788 3320 esna
808 3269 993 3319 censemus.
1015 3253 1050 3321 ld

123 3339 221 3429 ipsum
243 3367 379 3437 quoque
392 3347 433 3414 de
447 3345 772 3428 Sanotimoniatthus,
789 3344 830 3428 si,
849 3343 937 3434 quod
951 3345 1048 3430 absit,

122 3436 240 3508 nubere
259 3439 469 3519 tentaverint,
487 3438 654 3509 observari
669 3438 905 3528 praecipimus.
920 3461 934 3504 r
949 3439 1050 3511 Multa

122 3528 178 3599 alia
196 3544 274 3601 sunt
291 3533 515 3602 Conciliorum
538 3544 571 3602 et
583 3533 780 3603 Pontificum
800 3532 944 3614 decreta,
962 3555 1049 3623 quae

122 3618 324 3696 bateranensi
353 3626 515 3695 sanctioni
548 3625 684 3695 omnino
707 3625 896 3697 concinunt.
932 3625 1048 3715 ltaque
