2642 4175
527 340 689 385 aaannorx
706 341 753 386 111.
997 327 1061 385 535

176 437 397 509 firmationem
417 439 602 518 contemne
627 450 659 507 et
678 440 846 508 neminem
861 439 1033 528 septennio
1051 439 1110 508 mi·

177 552 292 601 norem
318 555 411 602 sacro
444 532 622 602 chrismate
654 533 799 616 liniunt,
832 534 895 602 nisi
923 533 1008 602 sorte
1044 546 1108 602 tam

177 627 266 712 gravi
296 629 413 697 morbo
433 627 572 709 laboret,
605 637 641 694 ut
666 647 704 694 en
719 647 758 695 ao
779 626 961 697 moriturus
982 626 1109 716 praevi·

172 719 308 808 dentur.

198 860 201 869 «
225 813 318 893 Quod
337 824 447 882 autem
466 814 613 902 patrinos
633 812 808 901 spectatio
827 813 890 883 hoc
905 827 1111 887 sacramento

179 906 398 992 adhibendos,
420 908 454 976 in
480 908 596 995 primis
616 908 857 976 observandum
876 918 949 989 est,
981 919 1017 976 ut
1045 928 1111 976 non

178 1001 289 1089 piures
309 1002 366 1070 sed
390 1022 476 1069 unus
495 1014 622 1070 tanturn
655 1001 876 1085 adhibeatur,
899 1022 960 1069 nec
981 1000 1113 1070 seminis

178 1115 310 1179 mares,
333 1116 395 1164 nec
423 1094 570 1162 maribus
597 1096 764 1178 feminae,
796 1096 852 1163 sed
882 1115 942 1163 suo
970 1093 1113 1182 quisque

178 1189 270 1256 senui
286 1189 368 1256 iilud
384 1189 526 1257 officium
542 1189 702 1277 praestari
722 1190 832 1257 debet.
853 1188 1027 1256 Praeterea
1049 1187 1112 1257 uisi

181 1283 360 1352 necessitas
381 1295 487 1370 cogat,
507 1303 573 1351 non
591 1284 758 1366 eumdem,
779 1283 836 1351 sed
855 1281 1019 1351 divorsum
1041 1301 1114 1350 esse

179 1386 310 1463 oportet
329 1375 597 1445 Confirmationis
627 1377 794 1466 patrinum
816 1398 833 1444 a
854 1375 985 1465 patrino
1010 1374 1114 1464 bapti·

177 1468 251 1551 smi‚
277 1480 310 1538 et
329 1470 461 1539 demum
483 1491 501 1538 a
521 1471 641 1559 patrini
663 1491 801 1541 munere
821 1481 977 1539 arcentur
998 1468 1020 1535 ii
1040 1491 1112 1537 om·

177 1583 247 1646 nes,
270 1563 326 1651 qui
345 1563 385 1631 ab
404 1585 442 1632 eo
462 1565 659 1653 praestando
679 1585 819 1633 munere
834 1564 868 1632 in
882 1562 1046 1651 baptismo
1059 1584 1112 1631 ar-

178 1657 300 1726 cendos
320 1678 390 1726 asse
404 1658 557 1747 superius
572 1657 879 1727 animadvertimus.
896 1657 1110 1746 Progrediam

176 1770 265 1818 nuuc
287 1751 327 1819 ad
348 1751 576 1820 Eucharistiae
596 1750 861 1820 Sacramentum.

223 1842 470 1912 Sacramentum
490 1844 644 1933 Corporis
665 1857 699 1913 et
716 1843 894 1931 Sanguinis
910 1842 1032 1911 Christi
1049 1843 1111 1912 sub

174 1937 347 2024 speciebus
367 1938 462 2026 panis
481 1937 599 2006 etvini
620 1939 658 2005 ad
677 1938 885 2026 spiritualem
907 1936 1038 2004 animae
1058 1956 1112 2003 re·

175 2029 350 2100 tectionem
384 2031 572 2101 institutum
593 2030 800 2101 Eucharistia
833 2051 892 2099 seu
923 2027 1110 2098 Gratiarum

175 2125 261 2193 actio
280 2126 367 2213 apud
389 2126 586 2194 christianos
618 2126 778 2214 appellari
798 2122 989 2203 consuerit,
1023 2124 1112 2211 quod

175 2219 245 2305 ipse
265 2219 415 2289 Christus
433 2219 466 2287 in
490 2219 565 2288 eius
595 2217 804 2288 institutione
824 2216 947 2306 gratias
967 2217 1032 2284 Deo
1050 2215 1112 2284 Pa·

176 2312 216 2378 tri
235 2313 315 2401 egit,
334 2333 533 2403 semperque
554 2334 571 2381 a
590 2312 743 2382 fidelihus
773 2312 921 2401 agendae
940 2323 1018 2379 sunt
1050 2331 1112 2399 pro

174 2418 262 2474 tanta
278 2407 407 2476 divinae
421 2407 660 2476 beneficentiae
682 2405 848 2495 largitate:
872 2403 996 2494 quippe
1015 2403 1112 2482 Deos,

175 2510 212 2567 ut
229 2500 338 2569 verbis
368 2499 542 2589 Augustini
576 2511 733 2581 utamur,
758 2498 867 2568 Tract.
896 2495 941 2566 48
964 2497 998 2566 in
1017 2496 1113 2565 loan-

174 2613 262 2661 nem:
282 2618 296 2660 r
320 2595 402 2664 Cum
425 2596 467 2664 sit
479 2595 688 2684 omnipotens
707 2595 781 2683 pius
798 2594 877 2663 dare
895 2612 962 2662 non
983 2590 1108 2680 potuit,

175 2687 610 2777 cumsit‘sapieutissimum
645 2689 719 2777 pios
749 2689 828 2757 dare
857 2684 1109 2768 nescivit,.cum

173 2780 218 2848 sit
231 2778 414 2873 ditissimus
428 2784 502 2870 pius
519 2784 598 2851 darc
611 2802 678 2850 non
695 2781 846 2850 habuit.»
867 2780 982 2868 ltaque
1002 2789 1111 2847 caete·

174 2871 221 2943 ris
251 2875 467 2944 sacramentis
499 2876 597 2964 longe
628 2885 773 2964 praestat
803 2870 1022 2953 Eucharistia,
1044 2890 1111 2939 non

175 2967 281 3035 solum
305 2967 392 3036 enirn
414 2989 590 3039 commune
618 2969 699 3037 iilud
734 2968 835 3038 habet
864 2987 940 3036 cum
972 2964 1111 3054 reliquis

176 3062 404 3143 sacramentis,
427 3063 517 3152 qood
536 3063 579 3131 sit
597 3063 646 3132 rei
667 3083 781 3133 sacrae
812 3060 944 3150 signum
976 3072 1009 3128 et
1028 3058 1112 3128 inri-

176 3154 281 3224 sibilis
300 3156 428 3244 gratiae
447 3156 585 3227 risibilis
598 3157 733 3240 -iorma3
758 3177 873 3225 reruro
905 3154 1004 3224 etiam
1026 3152 1109 3220 iliud

176 3249 337 3342 excellens
359 3262 391 3319 et
407 3251 576 3339 singulare
597 3251 771 3333 inuocat,
796 3252 884 3340 quod
906 3249 1016 3338 ipsum
1034 3249 1111 3334 gra·

94 3426 100 3438 ¹
177 3342 299 3414 tiorum
319 3343 469 3412 omnium
490 3344 614 3413 fontem
631 3356 663 3412 et
682 3344 875 3431 largitorem
890 3342 998 3411 lasum
1019 3337 1111 3407 Chri·

174 3446 261 3503 stum
284 3436 468 3505 contineat:
489 3438 576 3507 unde
588 3438 689 3525 ponis
708 3437 927 3525 Aequorum,
946 3433 1046 3524 panis
1064 3432 1111 3499 ci·

175 3536 237 3616 tce,
263 3527 388 3620 Corpus
402 3530 543 3638 xDonuim'
566 3539 596 3599 et
615 3529 866 3600 Sacramentum
892 3549 951 3619 per
971 3538 1110 3596 antono-.
