2642 4175
337 266 382 309 nn
396 264 632 310 menomenas
656 249 855 311 mammona
951 254 1017 312 255

125 362 298 434 Parochus
317 362 406 432 enim
425 360 566 452 originis
586 362 627 432 ad
654 362 873 434 assistendum
895 363 1067 434 matrimo-

126 457 186 527 nio
222 455 380 547 proprius
407 476 475 526 non
507 466 576 536 est,
602 457 681 525 dum
707 477 847 548 sponsus
866 467 924 528 aut
946 477 1065 547 sponsa

125 550 193 619 alio
215 548 421 619 domicilium
444 550 701 620 transtulerunt.
731 550 824 631 Quod
850 550 877 620 si
908 549 983 641 quis
999 552 1065 622 duo

127 643 298 713 domicilia
325 642 360 712 in
395 643 534 712 diversis
565 644 732 732 parochiis
764 644 976 728 contraxerit,
999 644 1065 712 rin

127 736 259 806 duobus
280 733 392 806 autem
414 736 495 805 locis
515 748 624 826 potest
642 736 763 828 aliquis
783 736 908 806 hahere
927 736 1065 806 domici·

125 830 224 912 lium,
252 829 280 900 si
308 829 489 920 utrobique
509 830 555 899 ita
580 830 786 914 instruxerit,
809 841 846 898 ut
870 851 935 899 non
956 830 1066 900 minus

128 924 219 1013 apud
235 924 358 993 alteros
372 945 407 992 se
424 924 602 994 collocasse
615 922 800 1008 videatur,r
817 935 854 993 ut
867 923 1016 1013 loquitur
1029 923 1063 991 L.

127 1018 320 1085 lssuurrro
337 1017 371 1084 ll.
393 1017 431 1085 ad
453 1015 700 1107 Municipalem:
717 1016 866 1107 quamvis
885 1016 1067 1085 consultius

126 1110 181 1191 sit,
199 1120 238 1178 ut
264 1109 514 1179 matrimonium
539 1131 650 1178 coram
677 1110 735 1179 illo
756 1108 903 1179 Parocbo
924 1109 1066 1193 ineatur,

127 1203 162 1270 in
184 1202 283 1272 cuius
303 1201 465 1273 Paroobia
494 1216 566 1274 tum
597 1203 796 1273 contrahens
825 1202 941 1291 degit,
963 1223 1067 1292 quum

126 1295 241 1380 nubit,
262 1296 515 1366 matrimonium
537 1307 648 1366 tamen
675 1297 775 1380 valet,
796 1295 822 1365 si
845 1316 954 1364 coram
976 1308 1069 1365 utro·

126 1410 195 1479 que
218 1390 447 1473 contrahatur3
465 1389 550 1480 «qui
565 1389 665 1458 habet
682 1389 846 1480 duplicem
862 1385 1066 1478 parochiam,

126 1481 175 1550 ait
200 1480 359 1574 Sylvius
351 1505 383 1551 m
406 1482 486 1574 Sup
510 1482 544 1551 S
560 1483 707 1553 Thomae
721 1494 851 1573 quaest
866 1480 925 1565 45,
945 1492 1010 1552 art
1031 1480 1066 1567 5,

123 1575 333 1682 regulariter
351 1576 483 1646 ridetur
505 1576 627 1645 debere
642 1576 841 1646 contrahere
862 1597 974 1645 eoram
996 1575 1066 1662 illo,

124 1667 160 1738 in
182 1668 282 1737 cuius
296 1668 454 1758 parochia
469 1682 584 1739 manet
600 1680 749 1759 tempore
765 1669 970 1740 matrimonii
990 1689 1069 1739 con-

42 1827 44 1830 .
124 1761 301 1845 trahendi;
321 1761 512 1853 quamvissi
528 1783 638 1832 coram
654 1764 759 1832 altero
780 1773 857 1832 oout
843 1762 1004 1845 traheret,
1021 1761 1069 1830 vi·

124 1854 252 1923 deatur
273 1838 344 1924 fure
358 1856 515 1939 validum,
538 1855 615 1946 quia
634 1856 734 1926 etiam
755 1855 810 1925 ille
824 1867 978 1925 censetur
992 1875 1069 1945 pro·

123 1947 224 2036 prius
247 1969 364 2017 eorum
385 1947 568 2018 Parochus.
589 1972 603 2015 o
627 1948 717 2029 Quae
736 1948 901 2017 sententia
920 1968 1070 2016 commu·

124 2040 222 2111 niter
241 2054 375 2132 recepta
391 2053 460 2112 est.
482 2041 695 2112 Domicilium
726 2039 912 2130 acquiritur
942 2039 1072 2109 habita·

123 2134 222 2203 tione
237 2135 359 2203 actuali
381 2148 414 2204 et
431 2135 541 2205 animo
563 2144 725 2226 perpetuo
743 2132 919 2202 manendi
911 2153 944 2200 m
958 2132 1071 2221 aliquo

122 2227 229 2311 loco,
251 2229 358 2297 donec
379 2248 477 2298 causa
498 2228 609 2319 aliqua
631 2238 755 2296 avocet.
778 2226 848 2296 Duo
877 2225 989 2331 itaque
1018 2245 1072 2294 re·

124 2321 315 2411 quiruntur
333 2322 371 2390 ad
394 2322 613 2403 domicilium,
633 2320 771 2390 actualis
792 2316 980 2388 habitatio
971 2339 1005 2386 m
1021 2319 1071 2387 lo·

122 2435 177 2497 oo,
203 2425 237 2481 et
257 2414 388 2483 animus
407 2414 452 2483 ibi
468 2427 630 2505 perpetuo
648 2413 818 2482 manendi.
832 2410 999 2481 Habitatio
1016 2433 1071 2482 res
1147 2424 1149 2429 ’

121 2506 204 2576 facti
240 2519 306 2591 est,
337 2529 424 2598 quac
456 2507 546 2577 illico
578 2506 778 2577 innotescit:
807 2504 938 2576 animus
958 2515 1070 2575 autem

123 2600 288 2669 manendi
311 2609 382 2668 tum
402 2600 639 2684 declaratione,
660 2610 730 2669 turn
760 2601 865 2684 facto,
887 2610 957 2668 tum
979 2620 1072 2689 prae·

121 2692 321 2799 sumptione
334 2693 486 2783 putescit.
502 2693 565 2762 Ubi
584 2692 810 2764 declaratione
825 2653 1068 2777 manifestetur,

121 2787 175 2855 rel
197 2807 217 2853 a
239 2786 349 2875 primo
365 2785 581 2856 habitationis
601 2797 771 2855 momento
788 2784 994 2855 domicilium
1015 2806 1070 2854 ao-

122 2879 291 2971 quiritur
325 2878 357 2947 Si
394 2880 484 2947 facto
517 2879 649 2948 animus
682 2879 839 2947 manendi
870 2888 1006 2985 pateat,
1030 2898 1070 2947 eo

125 2972 222 3062 quod
241 2971 317 3061 quis
334 2971 398 3040 alio
416 2971 576 3042 familiam
592 2971 746 3053 traducit,
765 2971 852 3041 buna
866 2970 1009 3060 acquirit
1021 2971 1072 3040 vel

123 3065 313 3146 transfert,
337 3064 467 3155 aliaque
489 3064 520 3133 id
541 3087 647 3154 genus
667 3063 820 3155 peragit,
848 3063 1071 3134 necessarium

125 3178 272 3265 prorsus
288 3158 394 3226 estad
415 3158 619 3228 domicilium
634 3158 909 3241 contrahendum,
925 3165 963 3225 ut
979 3153 1074 3223 habi-

123 3251 212 3318 tatio
233 3271 295 3339 per
309 3250 478 3341 aliquodt
480 3251 625 3341 emporis
638 3251 782 3341 spatium
800 3252 971 3342 perduret.
986 3248 1073 3316 'lan-

123 3344 205 3413 dem
220 3345 494 3434 praesumptione
515 3345 685 3415 inducitur
698 3366 736 3414 ex
749 3343 921 3416 decennali
941 3340 1073 3411 habita·

123 3437 234 3505 tione
264 3435 356 3506 Haec
371 3439 600 3529 praesumptio
620 3438 745 3507 nullius
770 3439 1001 3521 coniecturae,
1023 3434 1074 3535 rel
