2642 4175
291 347 357 407 482
612 358 774 403 tranuntur
792 357 813 401 r.

243 458 363 529 clesiae
382 478 458 525 cum
478 454 716 544 impedimento
736 454 834 537 civili,
853 454 938 523 inire
955 456 1123 527 desiderat
1142 480 1183 528 ac
1224 504 1227 507 -

242 550 406 621 intendit?
424 547 676 632 confessarius,
710 549 759 618 vei
794 550 959 637 parochus
979 550 1084 620 debet
1108 552 1184 621 dili·

242 645 333 734 genti
349 642 489 713 examini
502 641 669 712 subiicere
683 642 911 731 impedimenti
928 656 1095 727 naturam,
1112 667 1181 735 quo

242 737 463 828 parochianus
482 737 531 804 vel
550 736 722 824 poenitens
743 737 921 819 detinetur,
941 758 1008 807 non
1028 738 1179 826 quidem,

241 845 280 919 ut
298 831 462 901 infaustae
480 830 564 918 legis
584 829 814 918 exsequutioni
831 831 1100 917 cooperationem
1124 834 1181 901 tri·

242 926 339 1007 boat,
363 927 420 995 sed
443 936 479 993 ut
496 924 583 993 bono
601 924 795 1009 coniugum,
814 934 847 990 et
867 924 969 1011 prolis
989 925 1087 992 unice
1101 948 1181 1014 pro·

241 1019 363 1088 videat.
394 1018 510 1107 ltaque
540 1017 566 1084 si
589 1016 866 1105 impedimentum
898 1016 993 1099 tolli,
1020 1018 1108 1085 civili
1130 1020 1182 1088 di·

241 1112 466 1202 spensatione,
487 1109 682 1198 neutiquam
704 1120 823 1198 potest,
846 1130 962 1178 omnes
994 1110 1181 1182 industriae

244 1227 363 1274 nervos
384 1206 417 1273 in
438 1205 471 1272 id
505 1202 679 1273 intendere
697 1203 810 1284 debet,
839 1214 876 1270 ut
893 1204 1004 1292 sponsi
1023 1225 1040 1272 a
1059 1226 1183 1294 propo·

241 1298 305 1368 sito
326 1297 551 1380 matrimonio,
573 1297 661 1385 quod
679 1296 819 1364 civiliter
839 1296 983 1379 irritum,
1006 1319 1045 1365 ao
1065 1299 1183 1368 iructi-

242 1391 305 1461 bus
324 1392 474 1461 civilibus
494 1391 689 1460 destitutum
710 1409 842 1478 semper
859 1402 965 1472 esset,
990 1391 1130 1460 omnino
1151 1414 1184 1460 a·

242 1498 426 1555 vertantur.
447 1483 569 1552 sivero
585 1483 860 1574 impedimentum
877 1483 972 1551 iaoile
986 1484 1092 1552 deleri
1107 1508 1185 1574 pos-

242 1579 307 1661 sit,
337 1589 371 1648 et
393 1578 493 1647 simul
510 1580 742 1666 praevideatur
762 1575 1014 1646 matrimonium
1033 1578 1184 1647 faustum

242 1672 404 1754 futurum,
424 1671 612 1740 consultum
639 1691 719 1740 sane
738 1681 806 1752 est,
837 1681 874 1737 ut
897 1670 1011 1756 sponsi
1043 1672 1185 1742 utilibus

242 1763 439 1833 adiuventur
461 1764 625 1846 consiliis,
657 1785 724 1853 quo
744 1763 872 1832 facilius
899 1763 1185 1853 dispensationem

242 1868 481 1947 assequantur,
504 1877 611 1946 eaque
631 1857 784 1938 obtenta,
810 1857 857 1925 nii
876 1868 979 1939 vetat,
1000 1859 1185 1946 quominus

242 1951 495 2021 matrimonium
515 1972 628 2021 coram
648 1950 796 2019 Ecclesia
817 1950 851 2018 iu
874 1949 1015 2019 Domino
1032 1951 1186 2040 eelebre-

243 2056 311 2116 tur.
334 2045 371 2114 lo
392 2044 482 2115 hisee
503 2066 616 2113 rerum
635 2045 825 2127 adiunctiS,
846 2044 1011 2135 parochus
1031 2045 1185 2134 gratissi·

243 2159 335 2206 mum
355 2139 566 2228 parochianis
584 2159 619 2208 se
639 2140 767 2220 reddet,
790 2139 817 2207 si
835 2159 903 2220 eos,
920 2138 1062 2207 maxima
1079 2140 1186 2208 conri-

243 2242 310 2301 tate
330 2254 368 2301 ao
388 2233 587 2316 urbanitate,
611 2232 789 2320 exceperit,
806 2243 839 2300 et
857 2232 898 2299 de
911 2232 1080 2314 omnibus,
1096 2254 1186 2322 quae

242 2327 431 2415 peragenda
452 2336 548 2409 sont,
572 2323 716 2395 monitos
735 2346 774 2392 ao
793 2324 908 2412 vigiles
928 2345 1000 2393 esse
1018 2326 1183 2408 voluerit,

243 2432 465 2509 accurateque
485 2419 647 2488 docuerit.
671 2417 778 2498 Quum
805 2417 982 2487 usuvenire
1002 2417 1187 2507 aliquando

242 2512 360 2600 possit,
382 2523 420 2581 ut
438 2525 573 2601 praeter
592 2511 700 2594 civile,
717 2512 825 2581 obstet
839 2511 938 2580 etiam
960 2512 1187 2600 impedimen·

243 2615 314 2672 tum
331 2605 540 2689 canonicum,
576 2605 742 2695 parochos
769 2616 802 2674 et
820 2604 1042 2673 confessarius
1062 2622 1197 2674 curare·

242 2681 354 2781 debet,
375 2710 413 2768 ut
430 2699 609 2788 apostolica
630 2698 831 2787 dispensatio
851 2697 1059 2781 obtineatur,
1088 2710 1186 2768 ante·

244 2811 345 2879 quam
379 2791 489 2880 ipsum
522 2791 617 2860 civile
645 2791 894 2861 matrimonium
914 2791 1024 2859 locum
1046 2792 1185 2861 habeat.

242 2884 419 2953 Vitandum
440 2906 585 2974 namque
605 2886 722 2972 sedulo
740 2895 801 2968 est,
822 2905 864 2955 ue
881 2884 993 2973 spousi
1013 2885 1188 2972 proximae

242 2979 401 3067 peccandi
421 2977 584 3048 occasioni
597 2998 669 3047 sese
682 2990 858 3065 exponant,
875 2998 985 3067 oeque
1001 2978 1187 3047 ullomodo

244 3072 381 3141 credant
399 3092 435 3140 se
455 3072 520 3140 iam
542 3071 609 3140 veri
642 3071 846 3140 matrimonii
871 3070 1001 3139 viuculo
1035 3092 1110 3140 esse
1131 3092 1189 3140 co·

246 3166 390 3253 putatos,
409 3166 488 3233 dum
522 3176 632 3233 tamen
652 3164 928 3248 matrimonium,
959 3164 1001 3233 ob
1022 3164 1188 3233 dirimens

245 3257 441 3328 canonicum
462 3258 751 3348 impedimentum,
773 3258 902 3326 nullum
920 3268 980 3326 est.
1001 3256 1092 3337 Quae
1108 3278 1186 3326 cum

245 3350 288 3418 ita
310 3353 390 3433 sint,
410 3371 509 3421 nemo
531 3362 591 3434 est,
615 3351 673 3440 qui
702 3351 915 3433 pervideat,
943 3362 1107 3439 quantum
1135 3349 1188 3418 in·

244 3444 364 3527 tersit,
398 3455 435 3512 ut
465 3445 631 3534 parochus
653 3444 890 3534 impedimenta
914 3456 983 3512 tum
1009 3443 1187 3521 canonica,

246 3546 316 3604 tum
334 3537 459 3621 civilia,
483 3538 586 3627 probe
607 3551 733 3607 noscat.
766 3538 859 3606 Tunc
889 3535 978 3607 enim
999 3536 1070 3627 ipse
1089 3535 1188 3606 facile
