2642 4175
239 375 307 435 208
575 385 679 433 cauom
694 385 743 432 m.

193 485 259 562 erit
283 485 319 557 in
351 483 577 577 peculiaribus
596 484 727 558 casibus
757 482 937 574 diligantur
967 482 1137 577 iuapioero

150 603 157 611 ·
192 599 412 670 personarum
428 600 555 662 roxum,
574 578 810 663 conditionem,
830 589 997 664 artatam,
1027 580 1135 657 auimi

191 673 307 760 robur,
326 673 475 766 aiiaaquo
491 672 770 757 uiroumatautiuo,
794 692 833 745 ea
848 671 959 764 iiaqua
974 673 1130 760 datura,

191 788 273 841 uum
294 778 401 841 matus
420 766 529 857 gravio
563 765 667 840 roario
693 767 744 836 ret
769 765 864 838 toris.
897 766 1002 840 Porro
1021 779 1135 842 mutua

194 860 304 950 gravia
321 861 408 933 aliua
427 860 469 934 ab
488 860 691 944 intrinseco,
714 859 799 932 aliua
819 859 860 932 ab
877 861 1061 938 outriusaoo
1078 861 1133 936 iu·

191 976 308 1028 ousaus
325 955 468 1039 dicitur;
490 954 584 1045 prior
601 954 644 1026 ab
663 953 736 1044 ipao
753 965 925 1028 motuouta
943 953 1133 1045 mmipitur
1236 957 1240 961 ’

87 1119 99 1139 ,
190 1052 242 1122 vol
261 1048 416 1120 exanimi
436 1048 509 1120 aius
523 1047 787 1139 perturbatione,
804 1047 857 1120 vol
869 1069 909 1120 ox
921 1069 1019 1120 oausa
1034 1059 1135 1122 uatu-

190 1143 266 1229 rali,
286 1141 473 1214 cuiusmodi
489 1153 539 1216 aat
552 1153 660 1214 matus
680 1141 796 1214 mortio
809 1154 946 1232 proptor
963 1141 1131 1221 morbum,

190 1237 242 1308 vet
256 1236 469 1326 naufragium
485 1258 494 1318 ;
519 1235 603 1308 attor
618 1234 660 1308 ab
677 1233 813 1308 homino
832 1235 1005 1320 incutitur,
1027 1236 1131 1308 uoluti

190 1352 266 1404 outo
287 1330 362 1420 quis
374 1329 469 1402 altari
483 1339 638 1411 mortem,
657 1328 787 1402 aliudve
801 1349 899 1418 grava
912 1330 1048 1415 mulum,
1063 1328 1130 1400 uisi

190 1424 256 1497 hoo
271 1424 322 1495 vel
342 1423 424 1494 itiud
441 1423 558 1504 iaciat,
580 1421 669 1494 serio
689 1421 924 1498 comminatur.
938 1422 1001 1496 Hio
1018 1435 1130 1500 tamon

190 1517 355 1608 posterior
372 1527 480 1588 metuo
496 1516 676 1607 aliquando
696 1515 833 1600 iustam
845 1514 1023 1606 aliquando
1034 1515 1131 1588 intiu-

89 1669 91 1672 .
192 1621 242 1681 sta
256 1609 431 1682 incutitur:
452 1608 537 1682 iusta
557 1609 705 1700 quidam,
726 1610 858 1699 quaudo
877 1610 919 1683 ab
932 1619 1132 1701 potestatem

192 1703 335 1776 habente
345 1702 518 1787 incutitur,
535 1702 606 1774 utri
617 1702 718 1776 ludax
729 1702 909 1793 stupratori
919 1724 1057 1794 potuum
1071 1702 1135 1776 mi·

193 1808 303 1882 ootur,
324 1796 389 1870 uiai
408 1808 579 1888 stupratae
596 1797 720 1868 uuhat:
742 1796 864 1870 iniusta
878 1808 1002 1881 autem,
1024 1816 1133 1888 quun·

82 1959 85 1966 ,
192 1892 235 1961 do
255 1890 295 1976 is,
318 1890 375 1983 qui
395 1911 494 1981 grava
514 1890 640 1962 malum
660 1889 903 1974 comminatur,
921 1891 974 1962 voi
991 1890 1062 1964 eius
1078 1890 1133 1964 io·

191 1984 320 2058 ferendi
345 1996 546 2076 potestatem
578 2002 646 2054 uon
666 1981 778 2067 habat,
814 1984 865 2056 tol
884 1983 917 2057 io
937 1982 1060 2074 exigit..
1076 1979 1131 2055 'ad

192 2079 283 2170 quod
302 2091 455 2153 metuens
471 2090 539 2151 nou
559 2076 739 2167 obligatur,
756 2077 857 2150 voluti
879 2077 906 2151 si
934 2091 1029 2170 potor
1058 2089 1132 2151 atu·

191 2174 318 2262 pratori
340 2185 482 2247 mortam
503 2171 723 2243 comminatus
743 2183 843 2255 uasat,
867 2171 931 2245 uiti
949 2172 1052 2245 titiam
1069 2172 1133 2243 du·

190 2267 293 2339 xorit:
316 2278 411 2358 potor
430 2264 520 2339 euim
540 2264 593 2336 ius
614 2265 756 2356 quidam
770 2265 873 2337 habat
890 2287 1001 2340 ouraro
1018 2264 1132 2339 iudico
1166 2320 1187 2357 „

191 2359 381 2443 accusandi,
404 2379 470 2432 nou
490 2370 601 2431 autam
619 2358 754 2450 propria
773 2359 969 2434 auctoritato
980 2359 1133 2431 oooidou·
1154 2396 1162 2411 ν

191 2455 238 2524 di.
260 2453 314 2525 Sic
330 2453 429 2523 etiam
450 2452 575 2524 iuiuata
593 2452 684 2542 oogit
715 2451 823 2533 iudex,
845 2452 874 2521 si
892 2474 959 2525 uuu
977 2453 1066 2543 cogit
1078 2473 1131 2525 aa*

76 2616 79 2623 ,
192 2550 337 2620 cundum
355 2546 495 2634 allegata
510 2558 544 2618 et
555 2546 705 2635 probata,
725 2546 854 2623 etiamsi
868 2567 885 2617 a
901 2558 994 2637 porte
1010 2546 1060 2617 roi
1074 2567 1129 2618 vo·

191 2662 267 2713 rum
287 2640 330 2710 sit
348 2639 394 2718 io,
411 2640 499 2730 quod
520 2641 606 2713 moto
622 2639 798 2730 probatum
820 2651 882 2713 ost.
1077 2704 1080 2711 .

237 2734 307 2805 lam
326 2752 403 2803 voro
424 2733 676 2806 Matrimonium
698 2731 819 2807 initum
838 2754 878 2804 aa
896 2733 958 2802 tari
979 2742 1071 2805 matu
1087 2732 1131 2803 ad

193 2827 455 2918 extorquendum
489 2847 687 2899 consensum
717 2826 838 2899 intorte
866 2826 957 2901 illato
985 2825 1129 2897 validum

191 2930 263 3003 est,
291 2934 363 2994 tum
394 2920 471 3011 quia
503 2940 545 2993 ox
568 2921 604 2993 t.
636 2918 706 2990 tttt
735 2920 771 2993 ff.
791 2920 897 2993 rau
928 2920 954 2992 l.
975 2918 1052 2993 vani
1069 2940 1129 2992 sou

190 3014 272 3086 teria
292 3015 421 3091 timoris
444 3015 532 3090 iusta
552 3014 720 3087 excusatio
737 3034 804 3085 nou
830 3025 905 3097 ast,
926 3015 1007 3085 dum
1026 3012 1130 3089 libor·

191 3118 295 3181 totam
324 3108 517 3185 notabiliter
535 3128 604 3179 nou
636 3107 759 3179 minuit
783 3118 817 3177 et
846 3107 948 3183 tauta
960 3107 1130 3181 contemni

190 3214 311 3294 potest,
332 3214 404 3273 tum
423 3202 503 3292 quia
519 3200 702 3274 innumera
724 3194 937 3274 matrimonia
956 3200 1006 3273 vul
1024 3201 1131 3282 uuila,

189 3299 242 3369 vei
262 3298 440 3368 admodum
460 3295 561 3367 dubia
581 3306 718 3379 assant,
743 3305 778 3366 ot
796 3294 909 3365 multis
927 3294 1131 3365 diffiouitati-

190 3392 253 3460 bus
272 3390 430 3474 obnoxia,
454 3389 541 3463 siaa
558 3388 650 3461 omui
675 3387 767 3459 inani
787 3399 877 3459 motu
894 3398 1062 3461 contracta
1083 3387 1133 3457 di-

191 3483 408 3554 rimerentur.
429 3483 502 3576 ipsa
533 3481 688 3572 religiosa
708 3481 868 3573 proiomio
888 3502 930 3552 aa
945 3480 1007 3552 lari
1037 3492 1131 3557 tuoto

191 3575 310 3647 omissa
332 3577 468 3649 omniuo
487 3578 573 3648 valet
591 3598 631 3646 ex
648 3597 721 3668 oap.
740 3575 818 3648 tot
837 3573 858 3643 ἢ
878 3575 919 3646 da
947 3573 1023 3660 hio,
1042 3596 1132 3664 quoa
