2642 4175
461 388 505 432 nn
527 390 742 436 monstruosus
979 383 1020 441 33

554 606 570 693 p
587 604 644 673 m.

334 773 380 829 Ita
394 786 493 842 pocus
511 774 708 843 sponsalibus
728 776 862 837 adiectu.

175 952 292 1023 Arrhis
317 956 412 1023 valde
432 956 540 1025 affinis
561 966 612 1025 est
642 976 748 1044 poena
776 959 1063 1045 conventionalia,

133 1065 187 1113 seu
204 1047 315 1135 pactio
345 1050 555 1138 sponsalibus
581 1049 722 1132 adiecta,
744 1071 810 1138 qua
831 1052 1065 1123 contrahentes

133 1158 199 1208 sose
215 1140 359 1210 invicem
377 1143 590 1231 obstringunt
609 1143 650 1211 ad
671 1163 830 1230 poenam,
856 1165 916 1213 sau
942 1156 1065 1213 certam

132 1234 304 1318 pecuniam
320 1236 535 1319 solvendum,
558 1236 585 1305 si
606 1236 779 1325 promissis
798 1258 866 1306 non
896 1236 1062 1307 steterint.

130 1324 163 1392 iu
176 1326 241 1395 hoc
254 1339 367 1397 mmeu
388 1329 557 1412 differunt,
580 1331 668 1419 quod
688 1331 786 1398 arrha
808 1331 983 1399 actualiter
996 1342 1065 1400 tra·

129 1418 228 1503 ditur,
252 1432 286 1491 at
308 1442 413 1510 poena
433 1424 651 1511 promittitur,
668 1425 825 1515 quodque
842 1424 1067 1494 communiter

128 1512 224 1582 arrha
247 1513 281 1581 in
302 1515 420 1603 exigua
440 1517 642 1605 quantitate,
665 1538 772 1606 poena
801 1517 968 1588 autemin
994 1538 1065 1586 ma·

128 1606 188 1674 iori
208 1608 437 1692 constituitur,
460 1630 535 1678 oum
557 1611 699 1701 quisque
726 1611 768 1679 sit
794 1612 835 1680 ad
867 1611 1063 1699 promitten-

129 1700 204 1767 dum
224 1701 365 1789 prouior
384 1724 485 1791 quam
515 1705 554 1771 ad
577 1705 787 1772 tradendum.
821 1704 890 1772 lam
921 1724 1000 1773 vero
1036 1704 1065 1772 si

128 1814 232 1881 poena
251 1794 319 1863 sive
336 1795 445 1881 gravis
465 1796 532 1865 sive
552 1798 632 1866 levis
652 1798 696 1866 ita
724 1797 933 1886 sponsalibus
962 1818 1065 1885 appo·

128 1898 238 1970 natur,
257 1899 295 1956 ut
314 1889 355 1956 ab
384 1907 423 1957 eo
440 1890 538 1958 etiam
560 1890 617 1978 qui
643 1911 681 1957 ex
709 1890 793 1959 iusta
816 1911 914 1960 causa
944 1890 1063 1973 resilit,

128 1981 282 2049 solvenda
301 1980 354 2063 sit,
377 1982 502 2056 nemini
521 1983 660 2051 dubium
676 1996 737 2067 est,
767 1984 849 2073 quin
874 1995 1014 2051 naturae
1033 1995 1066 2052 et

127 2072 228 2143 indoli
251 2075 457 2145 matrimonii
477 2097 538 2166 per
569 2098 605 2145 se
635 2089 820 2165 repugnet,
851 2097 926 2145 eum
954 2076 1067 2145 matri·

125 2168 234 2237 monia
255 2168 361 2236 libera
394 2170 460 2238 siut
492 2180 637 2259 oportet.
667 2168 721 2236 Sic
750 2169 930 2256 Gregorius
960 2169 1003 2235 lx
1030 2169 1065 2236 iu

128 2281 197 2350 cap.
214 2261 337 2329 Gustum
356 2262 398 2330 de
413 2262 566 2351 Sponsal.
587 2273 621 2330 et
636 2261 793 2329 Matrim.:
817 2285 832 2327 c
854 2260 939 2331 Cum
958 2261 1064 2328 libera

128 2355 341 2423 matrimonia
363 2375 434 2424 csse
451 2356 617 2431 debeant,
645 2368 679 2424 ct
706 2354 780 2423 ideo
802 2354 877 2423 talis
894 2353 1064 2442 stipulatio

125 2461 265 2538 propter
282 2469 409 2536 poenae
427 2449 715 2538 interpositionem
737 2449 781 2517 sit
798 2448 918 2517 merito
938 2448 1065 2536 impro-

126 2541 247 2623 banda,
270 2542 479 2623 mandamus,
502 2544 530 2610 si
544 2543 589 2612 ita
610 2555 671 2624 est,
704 2543 859 2610 eumdem
891 2540 929 2609 B.
962 2552 999 2609 ut
1022 2542 1063 2611 ab

127 2637 314 2704 extorsione
333 2637 522 2723 praedictae
541 2657 669 2725 poenae
688 2636 844 2719 desistat,
867 2634 1064 2703 ecclesiasti·

127 2747 163 2795 ca
183 2748 325 2797 censura
346 2729 561 2818 compellas.»
582 2730 627 2797 Ea
641 2750 773 2818 poenae
800 2729 964 2819 appositio
987 2728 1062 2797 iure

127 2820 226 2889 etium
253 2821 341 2890 civili
361 2823 463 2892 vetita
477 2823 557 2891 satis
577 2835 692 2912 aperte
711 2823 867 2905 videtur,
897 2822 933 2889 L.
968 2822 1062 2889 Trrru

125 2914 161 2982 ff.
179 2915 220 2982 de
239 2915 277 2983 t.
295 2915 349 2999 0.,
371 2926 404 2984 et
423 2916 458 2982 L.
480 2916 601 2984 Linum
620 2917 693 2985 cod.
715 2918 756 2984 de
772 2916 883 2985 inutil.
903 2914 1058 3003 Stipulat.

126 3006 210 3076 Hinc
233 3007 266 3076 S.
290 3009 434 3078 Thomas
454 3009 487 3077 iu
504 3009 529 3076 ln
544 3009 691 3077 distinet.
712 3007 769 3089 27,
787 3019 916 3098 quaest.
938 3007 1004 3075 la.
1024 3005 1058 3089 3,

126 3101 166 3167 ad
186 3100 211 3169 4
228 3102 313 3170 haec
328 3103 448 3171 hebet:
475 3127 489 3169 u
510 3103 715 3192 Quandoque
749 3115 861 3171 autem
882 3102 1062 3190 apponitur

126 3194 272 3265 conditio
290 3196 453 3283 pecuniae
469 3217 529 3285 per
564 3198 698 3264 modum
728 3199 878 3284 poenae,
917 3206 950 3262 et
983 3204 1062 3261 tuno

126 3288 202 3376 quia
224 3289 438 3358 matrimonia
455 3290 578 3359 debent
597 3311 669 3358 esse
688 3289 812 3372 libera,
843 3287 919 3355 talis
946 3286 1060 3354 condi·

126 3383 171 3448 tio
196 3402 264 3451 non
284 3395 360 3466 stat,
383 3403 445 3452 uec
470 3396 580 3472 potest
612 3382 697 3472 exigi
718 3402 823 3470 poena
857 3381 898 3449 ab
933 3400 973 3448 eo
1002 3380 1060 3469 qui

125 3494 192 3543 non
209 3477 281 3545 ruit
299 3477 549 3546 matrimonium
571 3478 752 3565 complere.
775 3497 791 3540 n
813 3474 855 3542 Et
873 3473 906 3542 S.
922 3473 1061 3542 dmoni-

126 3587 188 3638 nus
207 3567 229 3637 3
249 3582 335 3660 part.
357 3568 487 3640 Summ.
507 3570 667 3658 Theolog.
696 3568 749 3638 tit.
770 3566 787 3635 l
813 3588 885 3656 cap.
908 3564 965 3648 18,
989 3566 1057 3632 ait:

226 3702 266 3752 Dc
283 3700 443 3753 Matrimonia
973 3698 990 3742 ὅ
