2642 4175
264 317 328 375 158
600 326 701 372 curun
717 327 765 370 111.

216 429 323 499 valide
345 426 593 496 matrimonium
614 425 835 509 contrahere,
856 423 934 493 licet
949 424 1094 494 seeundo
1115 425 1160 493 ii·

221 543 304 593 neae
320 521 475 612 obliquae
493 519 597 609 gradu
618 517 879 607 coniungantur,
903 517 1052 608 illudque
1073 518 1157 588 vali·

217 618 297 685 dum
325 634 523 694 remanere,
542 612 671 682 etiamsi
698 613 738 681 ad
770 611 870 681 fidem
905 622 1150 681 convertantur.

173 746 175 750 ι
216 709 295 779 Vide
326 729 398 797 cap.
431 707 616 777 Gaudemus
638 703 684 789 8,
719 706 759 775 de
792 704 952 775 divortiis.
981 707 1030 773 An
1062 704 1151 774 idem

218 802 281 872 dici
303 801 421 871 debeat
450 802 491 870 de
512 798 732 870 matrimoniis
753 799 794 868 ab
815 798 1005 868 infidelibus
1033 798 1150 884 initis,

217 896 284 967 sire
316 896 349 964 in
382 896 486 984 gradu
513 894 657 965 secundo
688 913 726 962 ao
761 892 933 962 remotiori
965 892 1073 962 lineae
1098 913 1154 962 re-

217 1002 301 1072 ctae,
321 989 387 1058 sive
402 990 436 1057 iu
451 988 558 1078 primo
576 986 680 1075 gradu
694 986 802 1056 lineae
816 986 983 1077 obliquae,
1002 985 1154 1076 quaestio

220 1094 293 1165 est,
315 1083 408 1152 cuius
428 1081 549 1152 solutio
568 1080 749 1150 theoretica
772 1081 902 1170 'pendet
921 1101 939 1148 a
957 1080 1154 1169 quaestione

182 1228 189 1243 .
219 1177 285 1246 iam
307 1176 442 1266 agitata3
460 1196 502 1244 an
523 1175 604 1244 baec
624 1173 834 1243 matrimonia
851 1172 925 1242 iure
939 1184 1089 1257 naturae,
1109 1194 1154 1242 an

221 1271 332 1359 potius
352 1271 426 1339 iure
454 1268 592 1357 positivo
622 1268 757 1351 divino,
779 1268 829 1336 rel
860 1268 1019 1337 canonico
1039 1267 1154 1358 probi-

218 1363 372 1432 beantur.
393 1362 512 1430 Verum
534 1361 695 1452 quidquid
716 1362 760 1431 sit
778 1362 819 1430 de
839 1361 1034 1450 quaestione
1053 1361 1150 1445 iuria,

217 1456 300 1525 illud
321 1457 408 1546 apud
425 1475 540 1525 omnes
560 1455 747 1524 admittitur
766 1454 801 1523 in
818 1455 909 1543 praxi
926 1456 1014 1526 baud
1032 1454 1156 1525 baben-

217 1550 258 1618 da
277 1570 348 1619 esse
369 1549 560 1618 huiusmodi
577 1549 740 1617 connubia
761 1559 930 1640 tamquam
945 1549 1036 1618 nulla
1057 1571 1094 1618 ac
1108 1549 1154 1618 ir·

216 1643 293 1727 rita,
311 1643 375 1712 nisi
392 1656 566 1733 postquam
587 1641 620 1711 S.
643 1642 828 1732 Apostolica
844 1641 1005 1711 indicium
1025 1642 1148 1712 emisit.

219 1736 305 1804 Hinc
323 1737 349 1805 si
377 1737 527 1806 infideles
548 1747 782 1805 convertantur
812 1737 986 1827 separandi
1008 1747 1085 1806 suut
1108 1737 1152 1806 ob

218 1829 364 1899 incestus
382 1830 579 1920 periculum,
602 1841 633 1898 et
653 1829 688 1898 S.
709 1829 810 1898 Sedes
829 1851 891 1919 pro
909 1829 1073 1900 solutione
1093 1832 1153 1899 du-

217 1922 263 2001 bii
284 1925 324 1993 de
348 1924 515 1993 validitate
535 1923 619 1993 adiri
640 1923 752 1993 debet.
773 1922 902 1992 Pariter
921 1945 1075 1993 recursus
1093 1924 1157 1993 iiat

92 2020 94 2027 ’
216 2017 257 2086 ad
267 2016 299 2086 S.
311 2016 607 2105 Sedem,siagatnr
620 2017 661 2085 de
674 2016 885 2086 matrimonio
902 2018 943 2086 ab
963 2017 1156 2087 infidelibus

218 2111 301 2181 inito
322 2112 408 2182 intra
428 2113 570 2201 gradus,
590 2133 650 2201 pro
669 2112 791 2202 quibus
811 2122 954 2201 potestas
973 2112 1076 2181 civilis
1101 2113 1154 2181 in-

216 2206 417 2275 validitatem
436 2206 599 2286 decrerit,
623 2205 700 2275 licet
719 2225 828 2274 sermo
848 2206 891 2274 sit
909 2207 950 2275 de
969 2206 1162 2294 gradibus,
1261 2255 1264 2264 ,

220 2298 307 2370 intra
328 2321 412 2389 quos
430 2298 617 2368 invaliditas
636 2297 710 2368 iure
726 2311 865 2368 naturae
883 2320 952 2368 non
971 2299 1092 2384 existit3
1107 2301 1153 2370 si·

218 2394 353 2481 quidem
373 2392 533 2473 doctrina,
551 2413 637 2481 quae
657 2403 851 2482 potestatem
873 2391 989 2462 tribuit
1009 2394 1151 2483 principi

219 2485 306 2553 cirili
343 2484 578 2573 impedimenta
612 2485 801 2555 dirimentia
840 2486 1059 2556 constituendi
1093 2508 1156 2576 pro

213 2577 444 2647 'matrimoniis
464 2577 648 2648 infidelium
670 2600 736 2648 non
760 2580 866 2649 solnm
891 2580 1022 2665 libera,
1045 2581 1158 2651 sedet

221 2670 430 2739 communior
455 2681 515 2741 est.
549 2671 653 2741 Porro
674 2693 759 2763 quae
789 2674 830 2741 de
850 2673 1040 2743 infidelibus
1068 2674 1155 2743 dicta

166 2820 167 2823 ,
222 2764 396 2853 hucusque
413 2775 501 2848 sunt,
517 2788 532 2830 a
557 2766 740 2856 respiciunt
754 2767 906 2855 coniugia
921 2768 1003 2844 inita
1018 2768 1058 2836 ab
1074 2768 1156 2857 ipsis

221 2857 308 2927 inter
340 2877 386 2926 se.
407 2857 490 2928 Nam
511 2859 758 2929 matrimonium
787 2861 928 2930 infidelis
961 2882 1036 2930 cum
1064 2861 1156 2930 fideli

221 2951 353 3019 irritum
373 2962 422 3020 est
442 2973 508 3020 non
528 2954 635 3021 solum
655 2952 697 3022 ob
717 2956 826 3024 cultus
845 2955 1083 3045 disparitatem,
1099 2975 1156 3025 ve·

183 3117 187 3122 ,
221 3064 296 3113 rum
319 3044 417 3114 etiam
445 3046 486 3114 ob
506 3048 823 3135 consanguinitatem
854 3044 940 3119 intra
962 3046 1087 3137 ‘gradus
1114 3048 1156 3117 ab

221 3138 366 3208 Ecclesia
397 3139 605 3228 prohibitos,
627 3162 730 3229 quum
764 3142 798 3210 in
824 3141 877 3210 his
909 3144 1001 3211 locus
1026 3142 1158 3212 nonsit

221 3232 512 3302 communicationi
533 3233 696 3323 privilegii
723 3235 965 3325 exemptionis,
987 3235 1065 3324 quia
1086 3251 1156 3305 non

222 3325 333 3413 agitur
352 3327 392 3396 de
411 3327 515 3396 forma
535 3340 734 3412 contractus,
756 3328 896 3420 eiusque
912 3328 1154 3409 indiuiduitate,
1230 3405 1232 3408 ,

223 3417 265 3485 de
293 3440 358 3507 qua
379 3440 488 3489 sermo
508 3432 558 3490 est
583 3422 704 3505 solum,
730 3422 788 3491 nbi
805 3424 846 3492 de
866 3422 1155 3506 clandestiuitate‚

223 3512 501 3600 quemadmodum
523 3536 583 3584 suo
602 3515 675 3585 loco
694 3516 889 3587 ridebimus.
