2642 4175
482 397 525 440 na
546 381 760 443 sron'sonraus
998 379 1042 442 at

151 494 260 584 steps
282 493 420 583 exsequi
442 506 475 563 a
494 495 665 565 aexterae
692 497 968 579 satiaremur,
990 495 1023 565 ra
1045 482 1095 569 esi

154 587 238 658 intra
257 587 433 669 triduum,
456 608 495 657 ex
514 609 581 678 quo
600 589 810 677 pubertatem
839 591 1035 679 attigerint;
1059 591 1095 659 in

154 681 225 751 iure
241 681 334 751 enim
354 682 466 750 statim
486 682 559 750 lieri
579 683 707 772 aliquid
728 684 861 767 dieitur,
885 685 912 753 si
931 684 1016 752 intra
1034 685 1095 753 tri·

151 776 255 843 duum
270 788 464 864 peragatur:
480 788 693 866 computatur
705 790 816 847 autern
830 778 981 847 triduum
996 798 1013 845 a
1027 777 1094 858 die,

151 889 218 957 -quo
239 880 273 937 et
293 869 446 957 adeptam
470 869 704 956 pubertatem,
727 883 760 940 et
779 871 990 962 privilegium
1011 870 1096 939 resi-

153 962 255 1031 liendi
287 974 525 1050 cognoverunt.
558 964 598 1032 Ni
626 963 791 1047 iecerint,
826 977 896 1034 rata
929 965 1095 1053 firmaque

151 1055 320 1145 sponsalia
336 1056 489 1137 evadunt,
502 1077 577 1125 curn
599 1058 639 1125 ad
657 1058 804 1127 valorem
825 1069 859 1126 et
875 1055 1097 1126 confirmatio·

152 1167 228 1217 nem
248 1148 373 1236 prioris
393 1148 607 1237 obligationis
626 1170 867 1240 non-expressa
888 1149 1095 1218 ratihabitio·

151 1263 205 1325 ne,
219 1262 334 1330 neque
354 1262 439 1311 noro
458 1263 621 1313 consensu
643 1265 727 1333 opus
746 1246 802 1327 sit,
819 1265 894 1333 cap.
911 1244 958 1311 lla
978 1242 1095 1310 ranrsl

149 1338 192 1404 de
213 1335 409 1424 Desponsat.
434 1335 560 1425 impub.
584 1336 760 1408 Praeterea
780 1338 833 1406 ius
854 1339 937 1406 illud
970 1337 1098 1406 rescin-

149 1425 254 1498 dendi
271 1428 440 1517 sponsalia
462 1430 630 1513 adimitur,
651 1432 678 1500 si
697 1445 773 1501 ante
792 1433 1001 1521 pubertatem
1021 1432 1097 1500 ade·

154 1535 258 1612 ptam,
275 1521 429 1591 videlicet
447 1535 523 1591 ante
543 1526 708 1613 expletum
726 1526 758 1593 in
775 1526 845 1594 viro
859 1545 983 1594 annum
999 1545 1098 1613 quar·

152 1628 222 1685 tum
238 1615 419 1699 decimum,
440 1626 473 1686 et
489 1616 525 1686 in
541 1618 663 1687 femina
684 1619 930 1701 duodecimum,
954 1618 1096 1687 earnalis

150 1709 273 1798 copula
296 1710 384 1778 inter
404 1730 460 1778 eos
480 1712 625 1798 perlecta
643 1712 757 1795 luerit,
775 1713 898 1782 malitia
920 1711 1097 1800 supplente

151 1813 311 1885 aetatem,
335 1824 409 1891 cap.
429 1801 451 1870 8
472 1804 548 1872 eod.
569 1805 781 1875 Probabilius
813 1818 863 1876 est
895 1805 994 1874 etiarn
1029 1824 1097 1872 non

156 1897 257 1965 licere
276 1897 420 1986 amplius
438 1919 455 1965 a
476 1900 687 1986 sponsalibus
704 1898 846 1982 resilire,
863 1899 889 1967 si
906 1897 1098 1988 impuberes

155 1990 326 2076 pubertati
349 1990 514 2077 proximi,
537 1992 697 2061 nimirum
720 1993 785 2062 doli
805 2012 964 2082 capaces,
988 1997 1099 2058 serva·

157 2097 250 2153 turos
279 2083 444 2173 sponsalia
479 2083 684 2169 iuraverint,
708 2109 780 2175 cap.
801 2085 849 2153 Ex
868 2102 1018 2153 narratus
1038 2080 1096 2166 tt),

152 2179 203 2261 de,
217 2177 373 2266 Sponsal.
390 2190 423 2246 et
439 2179 598 2262 llatrim,
613 2180 671 2248 ubi
691 2179 875 2247 Alexander
891 2179 931 2244 lll
952 2197 1025 2244 earn
1046 2197 1099 2243 ru·

156 2273 286 2341 tionem
304 2273 400 2340 allert
416 2296 430 2338 r
449 2273 538 2360 quod
558 2272 782 2362 periculosum
800 2281 850 2339 est
870 2281 984 2338 eontra
1001 2289 1100 2336 suurn

157 2366 387 2434 iuramentum
401 2366 555 2433 venire.»
575 2365 638 2434 Sed
654 2366 822 2455 aliquibus
838 2364 920 2433 liaeo
936 2362 1100 2432 sententia

153 2473 223 2527 non
243 2459 382 2541 arridet,
406 2470 475 2527 tum
497 2460 576 2548 quia
599 2459 728 2528 ridetur
759 2456 939 2528 lleeretalis
958 2458 1100 2525 Alexan·

152 2552 208 2620 dri
230 2573 291 2640 per
310 2554 529 2641 posteriorem
552 2553 754 2623 Decretalem
781 2552 871 2621 Lucii
893 2551 937 2619 lll
967 2550 1002 2618 in
1021 2571 1095 2640 rap.

158 2645 349 2724 Raoursrvrr
365 2643 410 2712 at
429 2648 504 2714 eod.
526 2647 683 2736 abrogata
704 2668 788 2730 esse,
805 2649 883 2714 dum
904 2644 1025 2713 Lucius
1041 2646 1099 2712 de·

153 2739 260 2808 erevit
277 2739 464 2821 mulierem,
481 2762 566 2829 quae
581 2742 747 2830 sponsalia
765 2741 944 2821 iuraverat,
962 2758 1100 2806 monen-

81 2852 84 2859 ’
159 2833 235 2900 dam
256 2852 340 2914 esse,
362 2853 429 2901 non
450 2836 642 2922 cogendam,
657 2845 725 2903 turn
743 2835 822 2924 quia
838 2832 999 2923 explorati
1015 2830 1099 2898 iuris

159 2938 210 2995 est
225 2926 451 2994 iuramentum
473 2928 620 2996 additum
636 2929 821 2997 contractui
838 2927 951 2996 sortiri
967 2926 1099 2993 easdem

155 3030 352 3087 eontraotus
372 3020 595 3104 conditiones;
616 3021 782 3110 sponsalia
803 3033 915 3091 autem
946 3017 1099 3108 impube·

163 3132 236 3180 rum
256 3113 482 3182 conditionem
503 3114 636 3183 tacitam
654 3115 794 3199 babent,
817 3115 880 3184 nisi
900 3112 976 3181 laeli
997 3111 1101 3199 pube-

160 3225 215 3273 res
234 3206 399 3274 resiliant.
413 3208 455 3275 dt
474 3208 621 3297 priorem
641 3210 839 3279 sententiam
862 3206 1005 3275 diximus
1025 3224 1101 3292 pro·
1153 3244 1155 3265 ι

163 3298 359 3367 babiliorem
377 3320 461 3385 esse,
476 3301 555 3390 qnia
572 3303 753 3371 Deoretalis
768 3297 943 3368 Alexandri
956 3295 1004 3364 lll
1023 3299 1103 3366 satis

163 3393 338 3481 perspicua
369 3405 441 3476 est,
465 3394 569 3484 ipsius
602 3405 713 3464 autern
745 3393 917 3481 abrogatio
938 3400 988 3460 est
1010 3393 1104 3460 valde

164 3484 276 3569 dubim
300 3486 368 3555 imo
388 3486 543 3558 Doctores
561 3504 702 3557 numero
726 3489 839 3577 plures
860 3497 893 3556 et
910 3484 1105 3555 auctoritate

165 3590 373 3664 praestantes
388 3580 578 3652 existimant
598 3594 777 3672 utramque
793 3579 998 3649 Decretalem
1016 3576 1050 3640 in
1066 3595 1104 3641 eo
