2642 4175
274 394 337 449 142
607 403 711 450 CAPUT
728 403 775 447 111.

223 524 265 593 pe
279 504 361 572 lalso
379 501 480 571 simul
498 513 655 592 putarent
668 500 765 589 ligari
782 500 895 589 aliquo
909 499 1160 591 impedimento,

222 609 257 665 ct
286 595 367 664 illud
388 595 682 685 impedimentum,
705 595 794 683 quod
815 614 891 663 nere
912 592 1072 663 dirimens
1093 608 1159 675 est,

222 709 291 758 uon
316 710 388 758 csse
408 688 592 772 dirimens,
615 688 680 756 hoc
700 691 734 755 in
755 707 858 769 casu,
893 685 1071 756 latentibus
1091 708 1162 756 orn·

222 780 333 865 nibus,
356 784 480 851 valeret
509 781 785 862 matrimonium,
814 801 891 848 cum
924 800 962 849 ex
982 800 1045 848 una
1069 792 1161 870 parte

223 894 385 963 personae
406 875 447 944 ad
469 873 732 944 contrabendum
753 874 819 942 sint
838 872 977 955 habiles,
1000 873 1064 941 alia
1084 893 1161 943 vcro

223 987 262 1035 ex
281 983 375 1056 parte
404 967 612 1037 necessarius
631 987 810 1038 consensus
830 977 1016 1035 concurrat.

256 1141 284 1188 S.
304 1137 332 1190 C.
353 1138 384 1189 C.
403 1137 595 1191 Matrimonium
620 1143 781 1187 contractum
800 1135 869 1187 inter
893 1134 1061 1186 Cassandram
1083 1134 1161 1185 Lucri

219 1221 247 1264 et
265 1212 432 1265 vincentium
460 1211 600 1264 Venturini
623 1212 651 1262 in
676 1220 760 1261 castro
783 1227 851 1263 novo
868 1211 983 1262 Farlensi
1006 1209 1054 1260 sub
1072 1225 1162 1259 emen·

220 1289 269 1340 tito
288 1288 392 1339 nomine
411 1287 541 1339 Vincentii
558 1286 684 1338 Belloucb
698 1286 744 1337 lilii
759 1286 890 1354 quondam
909 1286 1033 1354 Stephani
1050 1285 1088 1336 tte
1107 1284 1163 1336 Va·

221 1365 301 1416 tentia
319 1362 435 1415 validum
453 1363 519 1414 dixit
537 1363 564 1413 iu
584 1362 697 1414 llomeua
717 1361 769 1414 dici
789 1368 804 1415 ⁹
824 1365 894 1431 Aug.
914 1367 992 1424 1817,
1010 1359 1071 1430 quia
1089 1376 1163 1410 error

220 1456 346 1508 personum
364 1456 416 1491 uun
433 1440 515 1502 adest,
534 1437 596 1490 dum
616 1446 719 1490 erratur
738 1440 765 1490 in
784 1440 840 1490 eius
858 1439 981 1499 nomine,
999 1453 1066 1504 quae
1083 1451 1162 1504 prae·

219 1532 279 1567 sens
296 1523 345 1578 est,
357 1525 384 1567 et
402 1532 479 1567 causa
498 1517 592 1567 iterum
612 1515 745 1583 proposita
759 1515 801 1567 die
815 1521 848 1568 tt
859 1515 920 1567 Maii
934 1518 1012 1576 {820,
1024 1513 1070 1565 ubi
1082 1529 1163 1581 quae-

220 1591 345 1643 rebatur:
369 1614 379 1637 ι
400 1610 431 1644 an
451 1610 481 1644 ex
499 1591 708 1660 depositionibus
732 1595 835 1645 testium
862 1603 933 1645 certo
950 1591 1043 1644 deduci
1062 1591 1163 1658 possit,

219 1669 390 1726 Cassandram
409 1671 539 1738 ignorasse
558 1687 645 1722 veram
664 1668 796 1722 Vincentii
823 1671 975 1739 qualitatem
994 1679 1020 1720 et
1036 1668 1163 1736 originem

219 1761 251 1796 ex
270 1754 352 1796 castro
371 1763 438 1798 novo
455 1745 582 1809 Farlensi,
601 1763 712 1813 euinque
731 1755 786 1798 tum
806 1757 866 1798 ante
883 1746 1087 1808 Matrimonium,
1107 1756 1163 1798 tum

219 1819 321 1887 inipso
341 1821 452 1889 nuptiali
479 1821 639 1874 solemnitate
665 1822 808 1888 primerio,
827 1831 851 1873 et
870 1821 946 1874 unice
972 1822 1113 1889 respexisse
1129 1822 1164 1872 ad

218 1895 330 1948 effictam
348 1898 499 1966 qualitatem
517 1899 618 1967 nepotis
643 1897 740 1967 divitis
763 1897 931 1960 Sacerdotis,
950 1899 986 1950 ita
1005 1908 1035 1951 ut
1051 1915 1081 1950 ea
1098 1897 1164 1950 deli·

218 1972 306 2024 ciente
329 1972 495 2036 conditione,
513 1989 653 2026 consensus
671 1989 722 2024 non
740 1973 887 2025 voluntarie
904 1975 1054 2042 praestitus,
1073 1983 1103 2026 ut
1120 1990 1165 2025 es·

219 2050 303 2101 sentia
331 2049 486 2102 Matrimonii
500 2044 645 2119 'requirit,
664 2048 709 2101 scd
727 2066 774 2118 per
798 2066 911 2103 errorem
929 2059 1044 2102 extortus
1061 2050 1165 2112 fuerit,

220 2143 273 2194 quo
292 2127 316 2177 in
335 2142 396 2179 casu
415 2128 520 2195 nuptias
549 2127 646 2179 irritari
670 2142 722 2177 uon
741 2126 851 2178 dubium
870 2129 948 2177 esti·
970 2126 1060 2178 eadem
1083 2126 1112 2178 S.
1130 2127 1163 2179 C.

218 2204 250 2254 G.
270 2202 390 2270 negative
407 2203 569 2271 respondisse
586 2212 705 2265 constat,
724 2220 755 2254 ex
772 2219 825 2271 qun
842 2202 873 2254 ad
891 2201 1018 2254 dubiumz
1039 2224 1051 2248 ι
1071 2204 1113 2254 Au
1130 2204 1166 2254 sit

219 2277 341 2329 standum
358 2277 399 2330 vel
426 2277 600 2331 recedendum
618 2295 633 2329 a
650 2279 767 2331 decisis!
788 2301 799 2323 ·
830 2279 963 2346 rescripsit
989 2300 1000 2323 ι
1021 2278 1050 2329 lu
1066 2277 1164 2331 decisis

191 2401 207 2426 s
218 2363 246 2406 et
259 2355 379 2421 amplius.
395 2378 405 2400 ·

641 2565 733 2655 aar.

559 2724 604 2781 llo
625 2724 811 2782 conditione.

268 2902 433 2970 Hactenus
452 2902 493 2970 de
514 2921 628 2970 errore
648 2922 824 2991 personae,
844 2901 1015 2991 qualitatis
1036 2913 1069 2970 et
1087 2901 1159 2969 lor·

222 3006 321 3062 tunae
334 2993 457 3062 dictum
479 3006 540 3073 est;
564 2994 779 3082 relinquitur,
798 3006 836 3063 ut
854 2996 895 3064 de
909 3014 1023 3064 errore
1041 2994 1158 3062 condi-

222 3087 321 3156 tionis
343 3088 505 3156 dicamus.
529 3087 635 3173 igitur
654 3088 855 3157 conditionis
884 3089 1020 3157 nominc
1048 3097 1157 3156 status

220 3180 387 3250 servitutis
412 3180 624 3268 intelligitur.
645 3178 745 3268 Origo
766 3181 933 3251 servitutis
954 3180 1176 3250 coniecturis⁴

221 3274 296 3341 erui
318 3273 368 3341 vix
385 3285 504 3362 potest;
526 3294 630 3363 quare
653 3273 745 3356 vias,
768 3295 854 3363 quae
889 3276 929 3343 ad
954 3275 1040 3343 hauc
1068 3272 1157 3341 vitae

220 3367 446 3435 conditionem
466 3366 649 3449 ducebant,
671 3366 742 3434 siue
776 3367 968 3436 discrimine
997 3365 1160 3456 proponi·

223 3478 308 3525 mus.
328 3459 365 3524 t⁰
386 3458 573 3548 captivitas,
590 3480 691 3549 quam
713 3460 871 3548 permulti
891 3460 1034 3548 primam
1052 3459 1159 3526 servi-

221 3550 301 3619 tutis
320 3550 484 3640 originem
510 3573 581 3623 esse
617 3552 834 3637 arbitrantur,
854 3553 988 3624 Denter.
1010 3550 1075 3635 xx,
1095 3549 1156 3632 ld,
