2642 4175
288 353 359 414 tte
626 365 728 413 caeca
746 366 791 412 tv.

240 465 331 539 tibts
349 463 482 537 Nicaeui
501 463 641 538 Consilii
660 465 673 533 l
690 463 868 548 Patribus,
887 465 1102 537 traditionem
1117 465 1183 535 lic·

239 560 363 631 clasiae
381 579 448 628 uon
470 559 578 647 legem
594 557 739 627 divinam
760 560 811 629 vel
835 561 1048 650 apostolicam
1070 560 1184 649 appel

241 653 331 738 lavit,
363 663 397 723 et
413 651 545 741 publice
564 652 707 722 asseruit
731 652 811 725 satis
830 674 913 735 esse,
932 652 958 722 si
980 653 1068 722 iuxta
1089 665 1180 724 vete-

242 767 314 819 rem
336 745 486 817 ecclesiae
505 740 738 830 traditiones,
760 747 869 838 quiin
887 748 1013 816 clerum
1039 745 1181 825 luissent

241 840 413 930 adscripti,
434 859 503 909 non
521 839 665 929 amplius
684 860 804 910 uxores
829 841 1002 910 ducerent.
1037 840 1072 909 S.
1103 839 1184 931 Epi·

243 935 386 1025 phanius
396 932 496 1002 llaer.
507 932 572 1001 ΗΧ
581 928 715 1024 sclipsit
726 933 963 1005 continentiam
977 934 1179 1003 clericorum

240 1025 435 1111 observari,
458 1026 648 1115 ubingen
666 1027 878 1097 ecclesiastici
899 1048 1053 1111 canones,
1073 1026 1178 1096 banc·

242 1144 311 1214 que
330 1122 372 1193 ab
399 1119 547 1191 Ecclesia
562 1120 796 1205 constitutam,
818 1134 933 1212 utpote
961 1141 1047 1213 quae
1075 1141 1178 1210 quam

244 1217 386 1287 maxime
400 1215 518 1286 deceat
540 1233 650 1285 sacros
666 1215 836 1286 ministros
855 1215 978 1285 ibidem
997 1224 1177 1299 asseverat,

242 1310 412 1401 aliquibus
432 1320 542 1378 tamen
562 1307 596 1377 in
613 1307 694 1377 locis
715 1310 892 1379 connivere
918 1309 1103 1400 Episcopos
1118 1309 1178 1392 ait,

245 1417 282 1474 ut
301 1401 444 1474 ministri
465 1422 540 1471 curn
561 1401 631 1471 suis
655 1403 857 1474 misceantur
888 1402 1070 1485 uxoribus3
1093 1423 1181 1492 quee

242 1497 355 1567 omnia
369 1496 600 1565 demonstrant
610 1516 807 1585 persuasum
820 1496 921 1567 luisse
939 1495 975 1565 S.
990 1496 1179 1585 Epiphanio

242 1591 351 1679 legem
373 1588 598 1659 continentiae
616 1608 690 1659 esse
717 1591 887 1683 dumtaxat
905 1590 1178 1660 ecclesiasticam.

244 1683 335 1753 ldem
352 1682 471 1753 asserit
489 1702 519 1750 s.
539 1680 734 1753 Theodorus
754 1682 917 1753 Pelusiota
938 1684 964 1753 1.
985 1681 1019 1767 3,
1042 1703 1097 1772 ep.
1120 1681 1178 1751 75.

243 1775 359 1846 Graeci
390 1776 424 1845 iu
451 1774 599 1845 Concilio
621 1776 797 1860 Trullano,
824 1798 882 1847 seu
900 1776 1092 1858 Quinisexto
1112 1777 1182 1846 suis

172 1930 183 1945 .
245 1867 460 1962 presbyteris,
482 1869 631 1939 diaconis
656 1883 690 1942 et
708 1870 919 1940 subdiaconis
939 1871 1104 1941 licentiam
1125 1870 1183 1939 de·

244 1965 388 2047 derunt,
414 1984 501 2054 quae
527 1963 628 2034 etiam
649 1985 738 2034 nnnc
754 1966 841 2056 apud
863 1964 950 2054 ipsos
977 1974 1181 2054 perseverat,

247 2057 411 2130 retinendi
443 2078 562 2129 uxores
577 2107 586 2143 ,
604 2079 688 2148 quas
708 2071 785 2131 ante
805 2058 1047 2148 ordina-tionem
1067 2057 1183 2127 duxis-

244 2164 334 2223 seut.
354 2152 460 2242 liugai
484 2153 645 2236 momenti
674 2153 737 2225 hec
754 2153 788 2222 iu
808 2167 901 2243 parte
916 2166 966 2222 est
979 2152 1062 2223 illud
1082 2173 1183 2240 argu·

247 2259 410 2331 mentum,
430 2247 519 2338 quod
542 2246 719 2317 deducitur
748 2264 787 2316 ex
807 2246 930 2316 unione
950 2258 983 2315 et
1001 2245 1179 2314 concordia

245 2339 427 2409 identidem
460 2362 477 2409 a
509 2340 636 2427 graecis
670 2341 849 2414 lactucam
870 2340 981 2409 latinis
1011 2340 1047 2408 in
1079 2339 1182 2411 Ceno.

249 2433 400 2522 Lugdun.
424 2433 474 2516 ll,
504 2453 535 2502 a.
559 2431 652 2502 idid
683 2445 718 2502 et
744 2433 778 2503 in
810 2433 1001 2503 Florentino
1019 2454 1050 2502 a.
1074 2429 1182 2502 ttae.

247 2525 381 2596 Graecis
400 2526 482 2598 vitio
500 2526 589 2595 baud
608 2527 722 2597 datum
741 2527 805 2596 init
827 2528 861 2596 in
893 2527 956 2596 bac
985 2525 1180 2610 concordia,

247 2619 337 2709 quod
369 2620 479 2707 graeci
505 2619 647 2690 ministri
675 2619 744 2690 suis
775 2620 1005 2692 cohabitarent
1036 2632 1070 2690 et
1104 2640 1184 2689 cou-

251 2713 470 2800 iungerentur
484 2713 652 2798 uxoribus,
669 2735 730 2785 nec
743 2715 822 2804 ipsis
838 2716 889 2784 lex
907 2715 1073 2804 imposita,
1094 2724 1131 2782 ut
1151 2723 1185 2782 et

250 2805 408 2875 uxoribus
426 2819 676 2896 separarentur.
699 2806 784 2878 Sana
817 2808 955 2877 ecclesia
985 2807 1183 2898 neutiquam

155 2965 158 2970 ,
251 2898 337 2969 banc
355 2920 551 2989 graccorum
572 2902 847 2971 consuetudinem
861 2902 1051 2980 tolerasset}
1060 2901 1089 2970 si
1110 2919 1183 2990 eam

249 2993 374 3077 divino,
395 2994 444 3064 vel
470 2996 649 3084 apostolico
666 3008 843 3086 praecepto
862 2996 995 3065 vetitam
1028 3013 1102 3064 esse
1133 2996 1186 3063 in·

252 3086 440 3158 tellexisset.
457 3088 552 3157 Aliud
568 3101 802 3177 argumentum
815 3109 881 3159 non
898 3088 1037 3158 minoris
1052 3087 1185 3157 roboris

249 3180 369 3250 adduci
390 3201 408 3250 a
427 3181 596 3251 nonnullis
614 3184 710 3266 solet,
731 3183 820 3274 quod
839 3182 887 3252 sic
904 3203 940 3252 sc
957 3181 1069 3251 babet.
1086 3179 1185 3251 Siler

251 3288 433 3365 perpetuae
452 3275 676 3346 continentiae
687 3276 799 3346 divino
815 3289 872 3346 aut
887 3275 1069 3367 apostolico
1089 3291 1185 3366 prae·

248 3382 346 3457 cepto
361 3368 481 3439 fuisset
497 3369 600 3440 sacris
619 3369 780 3449 ministris
796 3369 962 3460 imposita,
984 3367 1185 3460 comperisti

241 3459 434 3552 ¹castitatem
463 3464 582 3533 saltam
610 3463 707 3533 tacite
727 3463 867 3554 professi
895 3463 1035 3533 luissent
1050 3478 1127 3531 cum
1145 3461 1185 3531 ad

247 3550 390 3623 Ordines
406 3575 517 3625 sauros
537 3556 809 3628 admittebantur.
824 3562 976 3628 attamen
997 3554 1031 3624 S.
1047 3554 1189 3626 Basilius
