2642 4175
607 370 721 423 mm
739 369 783 415 lv.

650 585 740 678 pro.

464 758 510 815 lle
534 757 695 815 otlootllm
728 757 930 815 matrimonii.

280 936 482 1011 llatrimonii⁴
497 936 604 1005 valide
620 935 778 1006 contracti
795 937 930 1005 effectus
943 935 1058 1025 plures
1074 947 1166 1019 suut,

232 1032 284 1100 vel
303 1052 341 1101 ex
360 1032 430 1120 ipsa
450 1030 596 1118 coniugii
616 1042 748 1114 natura,
764 1031 815 1099 rel
834 1050 871 1099 ex
892 1028 1102 1100 Sacramenti
1115 1051 1169 1099 re·

233 1124 370 1214 ligione,
387 1125 438 1194 tel
453 1145 490 1193 ex
511 1123 584 1193 iure
606 1124 753 1193 humano
773 1124 994 1194 dimanantes.
1014 1123 1167 1206 Quatuor

235 1218 405 1308 praecipui
420 1231 507 1300 sunt,
529 1217 586 1307 qui
605 1229 787 1307 utrumque
805 1217 981 1306 coniugem
1001 1229 1168 1307 spectant,

236 1313 299 1383 lroe
315 1324 366 1383 eet
383 1312 551 1381 uinculum
578 1311 808 1381 indissolubile
831 1312 972 1380 duorum
1007 1310 1042 1379 in
1065 1331 1172 1382 earne

235 1427 313 1490 una,
330 1406 381 1475 ius
402 1417 553 1475 mutuum
572 1405 608 1472 in
633 1425 772 1495 corpora
804 1406 844 1473 ad
876 1418 968 1474 notus
986 1425 1174 1494 procrean-

232 1502 296 1570 dae
326 1499 429 1590 prolis
461 1510 578 1588 aptos,
620 1499 779 1587 obligatio
804 1510 873 1567 tum
907 1500 947 1568 ad
977 1500 1168 1567 custodien-

234 1596 310 1662 dam
328 1592 392 1661 tori
411 1592 523 1674 fidem,
546 1603 616 1679 tum
640 1594 681 1661 ad
706 1591 906 1661 individuam
925 1592 1010 1661 vitae
1029 1612 1173 1662 eonsue-

236 1686 384 1756 tudiuem
404 1697 437 1754 et
456 1697 608 1755 mutuum
626 1686 852 1769 adiutorium,
882 1697 914 1761 et
934 1687 1067 1755 demum
1088 1706 1171 1775 gra·

236 1779 279 1849 tia
301 1778 560 1863 suoramentalir,
583 1801 648 1869 qua
670 1791 806 1858 mutuus
826 1800 942 1848 eorum
963 1800 1057 1853 amor
1089 1799 1168 1868 per·

237 1873 348 1943 licitur
363 1885 396 1942 et
414 1872 598 1953 adiuvatur,
617 1873 700 1943 fides
720 1872 922 1943 matrimonii
952 1874 1164 1956 sustinetur,

236 1980 269 2038 et
289 1965 492 2037 matrimonii
513 1987 550 2036 ao
569 1966 714 2036 familiae
734 1987 836 2037 onera
856 1966 997 2035 evadunt
1027 1965 1164 2035 leviora.

281 2059 456 2136 Praeterea
474 2072 550 2132 sunt
579 2061 681 2151 ntiqui
715 2060 959 2142 effeetus,site
992 2059 1065 2130 iura
1096 2080 1170 2129 non

232 2156 437 2240 eommunia,
454 2156 510 2224 sed
532 2155 694 2245 cuiusque
711 2154 862 2244 coniugis
878 2154 1024 2245 propria,
1043 2165 1078 2223 et
1090 2154 1168 2244 qui·

153 2255 157 2264 '
236 2251 311 2321 dem
328 2249 457 2319 ratione
472 2248 533 2318 viri
547 2250 667 2338 duplex
679 2259 835 2337 potestas,
852 2270 972 2338 nempe
991 2247 1167 2331 maritalis,

236 2344 266 2412 ui
295 2344 391 2414 ouius
411 2342 551 2412 maritus
571 2355 620 2412 est
654 2353 754 2432 eaput
785 2342 907 2425 uxoris,
929 2353 1089 2432 quantum
1125 2343 1168 2411 ad

237 2436 511 2527 gubernationem
539 2448 572 2506 et
600 2435 813 2506 domesticam
845 2435 1165 2505 administrationem

237 2529 393 2620 pertinet,
415 2541 448 2600 et
466 2528 585 2618 patria,
609 2550 708 2618 quarn
730 2529 763 2599 in
781 2530 903 2600 liberos
929 2550 966 2599 er
983 2528 1079 2606 iustis
1106 2549 1172 2598 nu-

237 2623 314 2713 ptiis
344 2633 513 2711 susceptos
534 2622 743 2711 adipiseitur.
775 2623 892 2693 idulier
909 2644 987 2692 vero
1005 2623 1045 2691 lit
1062 2621 1166 2712 parti·

237 2736 313 2805 ceps
332 2726 436 2785 status
454 2727 488 2785 et
505 2715 676 2804 dignitatis
696 2716 818 2806 mariti,
840 2717 959 2807 iusque
988 2716 1170 2806 consequi·

240 2823 292 2878 tur
311 2810 350 2879 ad
371 2809 540 2878 alimenta.
568 2808 711 2879 Effectus
736 2811 939 2880 matrimonii
959 2822 1037 2880 sunt
1064 2811 1165 2879 etiam

237 2904 363 2978 natales
381 2903 534 2992 legitimi:
557 2901 670 2994 itaque
688 2904 783 2973 liberi
810 2915 992 2978 naseuntur
1023 2901 1168 2991 legitimi

238 3018 304 3067 non
330 2999 439 3066 solum
460 3017 499 3070 er
518 2997 731 3068 matrimonio
758 2997 865 3068 valido
885 3050 894 3081 ‚
917 2996 1094 3067 sedetiam
1129 3016 1168 3066 ex

238 3091 448 3164 matrimonio
471 3091 513 3161 ob
545 3090 650 3162 lateus
689 3091 961 3181 impedimentum
998 3090 1188 3170 invalido,

239 3186 337 3256 modo
353 3185 439 3258 bona
458 3184 541 3254 fides
559 3185 737 3274 noningum
756 3183 1087 3256 interveneramus
1107 3204 1168 3252 au·

238 3293 305 3350 tem
330 3278 413 3350 lidos
442 3278 476 3348 iu
512 3278 585 3348 loro
618 3290 753 3348 externo
785 3278 1032 3367 praesumitur,
1067 3297 1174 3367 quau-

240 3374 281 3441 do
318 3371 568 3444 matrimonium
602 3372 734 3463 publioe
769 3371 802 3439 in
844 3372 962 3441 faeiem
1002 3370 1172 3439 Ecclesiae

240 3476 445 3535 contractum
466 3477 528 3548 est,
551 3466 633 3556 quin
666 3465 765 3535 unius
795 3465 946 3553 coniugis
973 3465 1060 3534 bona
1089 3463 1173 3532 tides

239 3558 382 3642 suffieit,
404 3572 441 3629 nt
463 3560 573 3648 proles
593 3559 740 3648 legitima
770 3571 956 3629 censeatur.
995 3559 1112 3647 ltaque
1141 3554 1170 3624 si
