2642 4175
255 376 321 437 sot
590 388 695 434 carun
713 388 759 433 ιν.

206 487 406 559 institutioni
440 507 643 577 repugnare,
677 507 742 556 nec
774 486 920 556 totaliter
950 487 1065 557 tollere
1092 510 1152 559 se-

207 581 402 651 cundarium
424 581 496 650 eius
515 580 629 663 finem,
651 579 738 648 bene
756 599 833 649 rero
864 580 972 648 eidem
992 600 1063 650 esse
1083 603 1151 670 ge·

206 675 366 745 neratiter
388 675 500 743 minus
519 685 787 744 consentaneam.
815 671 903 742 Clar.
926 673 1152 744 Liebermann

207 768 290 837 haec
306 768 424 839 habet:
461 767 629 836 uiduitum
650 786 750 855 saepe
772 764 942 834 difficilius
961 778 1010 857 est
1028 788 1150 857 pacem

207 861 421 932 domesticam
440 881 571 931 servare
590 881 666 929 cnm
685 880 752 928 une
771 879 872 928 uxore
892 860 1011 944 rixosa,
1031 882 1151 931 moro·

206 976 255 1040 sa,
277 968 335 1025 aut
353 955 541 1039 libidinosa,
576 974 677 1045 qnam
697 974 773 1022 curn
793 952 923 1022 duabus
944 953 1028 1023 bene
1045 955 1152 1024 mori·

207 1049 342 1136 geratis.
365 1042 491 1119 Deinde
509 1068 551 1118 an
580 1068 648 1117 non
668 1047 755 1116 bona
785 1045 969 1116 liberorum
993 1047 1149 1117 educatio

206 1142 308 1212 etiam
327 1140 508 1233 impeditur
525 1162 585 1232 per
604 1139 825 1231 polygamiam
846 1139 1086 1210 successivam?
1103 1142 1153 1212 Et

145 1266 152 1275 1
206 1234 235 1303 si
256 1258 295 1307 ex
312 1248 456 1326 utroque
477 1235 632 1324 coniugio
653 1233 753 1303 liberi
782 1247 978 1325 nascuntur,
1000 1247 1148 1324 quanta,

207 1350 344 1418 quaeso,
361 1329 602 1400 discordiarum
623 1346 730 1416 seges,
745 1346 813 1395 non
832 1326 920 1396 inter
935 1327 1057 1398 liberos
1070 1341 1151 1397 tan·

205 1433 290 1507 tum,
312 1424 424 1494 sedet
455 1443 571 1492 eorum
593 1442 632 1491 ex
651 1431 759 1489 matre
781 1419 954 1490 iamiiiasi
973 1421 1058 1510 Ergo
1076 1443 1149 1491 non

206 1515 297 1585 iiiioo
322 1516 388 1605 legi
409 1525 758 1605 naturaercpngnat,
789 1514 877 1603 quod
897 1514 984 1584 bono
1004 1514 1151 1584 familia·

205 1630 282 1677 rum
302 1621 361 1678 ant
389 1606 556 1679 societatis
587 1628 655 1677 uon
675 1607 756 1678 satis
773 1607 931 1677 consulit.
952 1608 1024 1677 Alio
1043 1609 1149 1678 modo

204 1701 316 1771 differt
335 1702 458 1769 malum
491 1723 510 1770 a
542 1701 654 1785 bono,
692 1700 757 1770 aiio
787 1700 898 1770 minus
923 1702 1148 1790 perfeetuma

204 1795 364 1883 perfecto.
383 1793 476 1874 Quod
498 1794 634 1884 proprie
665 1794 789 1864 maium
815 1805 900 1863 esta
929 1794 1023 1883 onipa
1044 1795 1149 1864 eximi

203 1887 296 1957 nulla
315 1887 446 1958 ratione
467 1900 593 1978 potest;
629 1899 664 1956 at
688 1887 837 1976 prudens
857 1887 1027 1976 legislator
1044 1907 1149 1977 saepe

205 2000 293 2070 quae
312 1980 424 2051 minus
442 1982 586 2070 perfecta
606 1991 708 2060 sunt,
731 1979 758 2049 si
779 1999 848 2048 non
868 1981 1045 2070 approbat,
1065 2002 1148 2070 per-

205 2074 309 2146 mittit
327 2085 465 2159 tamen,
500 2087 534 2145 et
553 2095 596 2145 ne
615 2073 768 2164 graviora
800 2074 917 2143 exinde
937 2074 1147 2145 incommoda

204 2181 399 2254 nascantur,
422 2182 538 2239 cantus
558 2168 721 2257 providet,
744 2167 861 2253 donec,
880 2179 1007 2238 mutato
1028 2171 1145 2257 popuii

203 2274 294 2332 statu
312 2283 351 2332 ao
369 2262 569 2346 conditione,
593 2262 731 2331 meliora
746 2281 784 2330 ac
804 2262 1000 2350 perfectiora
1017 2264 1148 2350 possint

205 2356 239 2424 in
271 2354 418 2445 priorem
450 2356 559 2425 locum
591 2353 795 2424 substitui.»
822 2353 885 2434 Qui
912 2355 957 2424 ita
982 2355 1142 2440 sentiunt,

206 2447 303 2517 facile
323 2448 506 2538 explicant,
542 2449 709 2539 quomodo
744 2447 930 2538 polygamia
950 2448 1039 2517 licita
1060 2449 1149 2518 oiim

205 2541 281 2610 init.
304 2539 389 2610 Sunt
406 2561 484 2611 tero
514 2541 573 2631 qui
602 2541 829 2611 affirmativam
856 2542 1054 2611 sententiam
1071 2563 1147 2610 om·
1234 2563 1242 2570 ·

205 2634 286 2702 nino
305 2645 518 2723 sequuntur,
548 2646 582 2704 et
599 2634 866 2725 patriarcharum
892 2635 1141 2725 polygamiam,

206 2726 452 2817 dispensatione
470 2727 580 2797 divina
598 2740 765 2817 peractam
782 2748 854 2797 esse
881 2728 1056 2818 explicant.
1076 2729 1144 2799 Nos

208 2819 322 2910 itaque
344 2820 524 2890 asserimus
557 2822 645 2912 qnod
671 2820 844 2911 pluralitas
872 2842 1012 2891 uxorum
1043 2823 1143 2892 simul

204 2926 370 3004 repugnet
390 2914 576 3004 primaevae
590 2914 790 2985 institutioni
808 2915 1023 3000 matrimonii,
1043 2930 1147 3006 prout

206 3026 245 3075 ea
262 3006 357 3076 nobis
386 3026 425 3076 ex
444 3008 563 3077 divinis
580 3006 761 3096 scripturis
780 3007 980 3092 innotescit,
1003 3008 1145 3101 eiusque

206 3099 328 3169 tinibus
349 3101 566 3186 secundariis,
586 3112 620 3172 et
639 3100 750 3170 minus
770 3102 970 3191 praecipuis.
990 3101 1143 3173 Proiecto

208 3194 296 3283 qnod
318 3206 481 3284 repugnet
509 3194 697 3284 primaevae
717 3192 917 3264 institutioni
938 3196 1144 3265 matrimonii

206 3297 297 3376 patet
312 3288 390 3358 satis
411 3309 450 3358 ex
463 3286 544 3358 Gen.
561 3287 603 3370 ll,
620 3285 678 3371 aa,
693 3286 750 3357 nbi
767 3287 949 3358 dietum'de
968 3300 1143 3379 proto-pa·

205 3380 368 3463 rentibus,
390 3381 528 3450 «Erunt
541 3382 608 3450 duo
624 3381 658 3449 in
679 3400 779 3450 carne
797 3402 898 3465 una,»
919 3381 1064 3451 duorum
1082 3395 1144 3453 sta·

206 3481 260 3538 tus
280 3471 313 3540 in
333 3492 397 3542 una
417 3493 517 3543 carne
536 3473 726 3545 coniunctio
744 3473 967 3565 polygamiam
984 3476 1140 3545 excludit.

205 3562 299 3641 Quod
317 3585 395 3634 vero
422 3580 586 3656 repugnet
604 3567 822 3652 secundariis,
846 3568 1027 3657 minusque
1046 3584 1143 3658 prae·
