2642 4175
363 329 407 372 ns
421 329 658 375 tunsurunurts
676 329 875 375 utantuonu
935 361 937 370 ,
976 320 1041 379 289

149 425 245 510 inita,
270 425 365 495 irrita
386 446 458 496 esse
477 448 486 511 ;
508 428 649 497 alterum
671 440 737 512 est,
760 427 899 499 valitura
922 452 1009 521 quae
1033 431 1092 502 de·

150 520 265 609 inceps
306 519 384 589 iniri
423 521 642 610 contingeret.
682 522 829 592 lamrecc
858 523 1004 614 primum
1040 525 1089 595 nil

148 615 309 701 prodesse
329 615 515 684 contrariae
539 614 725 685 sententiae
747 617 914 705 patronis,
942 617 1086 709 quisque

148 707 246 776 facile
277 706 341 776 sibi
371 710 571 797 persuadet,
594 709 621 779 si
647 721 762 799 pacato
794 710 905 779 auimo
934 712 1085 782 animad-

148 813 281 871 vertere
314 802 479 886 voluerit,
513 823 701 874 sermonem
735 824 807 873 esse
840 805 881 872 de
911 804 1088 894 provinciis

150 894 294 962 maxima
316 915 355 964 ex
373 908 468 984 parte
497 918 514 965 a
547 896 718 966 catholicis
743 896 959 981 inhabitatis,
982 910 1014 967 et
1035 920 1090 967 ce·

150 988 284 1057 tholicis
322 988 529 1079 principibus
550 1011 654 1080 usque
684 991 723 1059 ed
750 1011 876 1059 sunum
902 988 995 1060 1770
1014 992 1092 1060 suh·

152 1082 263 1165 ieetis,
287 1103 355 1172 quo
376 1083 519 1171 primum
550 1095 702 1174 tempore
723 1083 784 1152 suh
803 1082 903 1172 Regis
927 1083 1093 1153 Berussici

149 1174 330 1244 acatholici
346 1197 456 1266 ⁴usque
477 1179 517 1245 ad
551 1197 608 1245 an.
629 1174 721 1246 1798
752 1176 924 1248 dominatu
952 1179 1093 1248 devene-

152 1281 241 1337 runt.
264 1267 577 1359 Scimusprueteres
593 1291 631 1339 ex
645 1292 685 1341 eo
698 1283 847 1360 tempore
861 1290 969 1360 usque
984 1271 1022 1339 ad
1034 1292 1089 1340 an.

150 1359 248 1430 l8ll
274 1363 337 1431 suh
356 1361 525 1432 Gallorum
550 1364 715 1452 regimine
748 1364 928 1435 cassrolicos
947 1364 1090 1449 uixisse,

150 1468 251 1546 atque
260 1457 345 1526 adeo
356 1457 541 1527 haereticos
554 1457 599 1526 ihi
613 1470 858 1528 commorantes
870 1458 962 1528 valde
973 1479 1095 1548 paucos

150 1549 297 1631 numero
327 1551 456 1634 luisse,
492 1553 609 1620 saltem
636 1572 744 1642 usque
763 1554 803 1621 od
824 1572 948 1622 anuum
974 1548 1092 1634 l8h5,

151 1644 240 1712 unde
273 1643 396 1713 sautum
430 1657 504 1728 est,
539 1656 576 1713 ut
601 1645 713 1736 populi
746 1666 862 1716 omnes
896 1645 1091 1716 catholicam

150 1736 351 1825 religionem
383 1737 643 1827 profiterentur,
671 1750 704 1809 et
728 1739 755 1807 si
776 1738 962 1829 quiessent
981 1750 1093 1829 prote-

151 1841 291 1913 stantes
313 1831 363 1899 vel
387 1831 518 1900 nullum
534 1830 707 1920 religionis
734 1853 814 1902 suae
834 1832 1003 1921 publicum
1024 1832 1095 1904 eul-

21 1903 22 1958 ἦ
92 1975 95 1976 ⁷
152 1938 223 1993 tum
255 1922 438 2009 haherent,
472 1925 546 2014 lege
575 1924 607 1993 it
628 1937 775 2008 vetante,
804 1926 913 1994 relad
933 1926 1095 2010 nonnulla

153 2018 226 2086 loen
264 2028 465 2089 coarctatum
500 2030 533 2087 et
565 2038 623 2103 ea,
654 2038 722 2086 non
757 2017 867 2085 minus
900 2039 1000 2107 quum
1031 2016 1093 2086 alia

153 2131 393 2201 quaecunque,
416 2111 637 2182 iurisdictioni
658 2111 797 2180 Perochi
818 2110 964 2180 subiecta
986 2110 1095 2179 omni·

152 2226 195 2274 no
216 2205 479 2276 continerentur.
505 2205 677 2275 Neminem
694 2205 778 2274 latet
794 2224 880 2272 anno
901 2200 1006 2286 tuns,
1021 2203 1091 2293 pri-

154 2319 246 2366 mum
262 2298 301 2366 ad
317 2298 493 2369 Rhenanus
505 2297 690 2389 provincias
704 2300 812 2387 legem
829 2297 918 2366 illam
933 2294 1093 2365 celarium

154 2390 284 2461 Codicis
298 2391 464 2464 Borussici
482 2414 536 2463 an.
551 2389 750 2475 tratetis,
766 2390 868 2460 luisse
882 2389 1092 2481 applicatam,

156 2506 219 2574 qua
249 2487 480 2570 statuebatur,
516 2497 553 2555 ut
580 2485 614 2553 in
639 2485 861 2555 matrimoniis
884 2484 995 2554 mixtis
1027 2504 1096 2553 ma·

156 2579 237 2647 sculi
251 2579 379 2648 institui
389 2579 591 2649 deberentin
605 2579 767 2668 religione
775 2579 891 2669 patris,
907 2590 939 2649 et
953 2576 1095 2648 feminae

157 2672 190 2740 in
208 2673 372 2762 religione
391 2673 517 2754 matris,
542 2672 624 2762 quin
645 2672 712 2743 imo
728 2673 767 2741 ad
782 2672 914 2743 easdem
929 2685 1095 2741 extensam

157 2766 264 2854 legem
280 2766 333 2836 die
347 2764 387 2834 ll
406 2767 485 2836 Nov.
503 2763 607 2850 1803,
624 2787 690 2855 qua
710 2766 913 2836 declaratum
927 2766 1000 2849 suit,
1023 2764 1097 2833 uni·

156 2880 284 2928 versam
300 2860 432 2948 prolem
451 2860 579 2929 institui
600 2860 722 2928 debere
744 2849 958 2946 inreligiose
978 2857 1093 2947 patris,

159 2963 192 3022 et
209 2952 347 3042 insuper
364 2954 592 3024 sacerdotibus
611 2950 838 3033 interdictum,
857 2971 900 3019 ue
914 2971 932 3019 n
946 2949 1096 3038 personis

159 3046 408 3116 matrimonium
420 3046 639 3117 contracturis
656 3044 757 3112 ullam
773 3042 1099 3132 erigerentspcnsio·

160 3158 237 3208 nem
253 3160 355 3230 super
370 3141 526 3229 religiosa
544 3139 733 3208 nasciturae
753 3136 856 3225 prolis
876 3134 1097 3203 institutione.

160 3231 197 3298 lu
212 3231 264 3301 his
277 3253 392 3303 rerum
406 3255 445 3302 ac
458 3234 607 3303 locorum
624 3230 801 3312 adiunctis,
818 3228 938 3297 mirum
950 3246 1020 3295 ,non
1035 3238 1096 3310 est,

160 3326 247 3413 quod
265 3325 345 3396 Pius
363 3326 433 3395 lllll
460 3328 500 3396 de
528 3326 660 3395 illorum
682 3344 780 3393 causa
801 3321 1020 3412 respondens,
1040 3318 1099 3410 qui

161 3417 259 3488 mixta
282 3419 493 3489 matrimonia
514 3419 600 3488 inire
619 3417 689 3487 ausi
704 3418 847 3501 fuerant,
867 3414 1027 3484 catholico
1041 3414 1100 3482 Pu·

160 3511 263 3583 rocho
287 3534 354 3584 non
374 3526 562 3603 praesente,
586 3512 673 3582 iuxta
700 3510 782 3581 iuris
806 3509 955 3581 canonici
975 3505 1099 3598 princi-

259 3645 297 3699 Dc
315 3643 477 3698 Molrimour‘o
999 3643 1031 3689 ⁴9
