2642 4175
363 323 408 367 nn
423 322 659 368 mrnnncnmma
675 321 875 369 mramorur
970 308 1037 368 829

158 418 286 508 tingere
314 420 539 489 declararunt.
565 421 682 490 Nonne
710 418 921 489 haecomnia
941 430 1091 509 apertam

157 512 306 601 ipsorum
324 511 517 602 Principum
536 512 777 583 confessionem
798 512 980 597 involvant,
1000 512 1092 602 quod

157 604 291 695 propria
322 617 357 675 et
374 606 482 676 nativa
512 617 678 696 potestate
703 615 805 695 queat
823 604 968 675 Ecclesia
987 606 1093 694 «leges

157 698 247 767 serre
265 698 352 767 cirea
372 699 633 784 matrimonium,
649 719 713 770 nac
727 720 766 769 ex
782 698 977 769 eorumdem
997 695 1094 767 Prin·

160 790 272 880 cipum
293 791 492 882 privilegio,
513 803 573 862 aut
591 792 797 882 indulgentia
817 790 1008 862 huiusmodi
1034 811 1094 860 au·

157 884 292 953 claritas
310 906 371 974 per
404 887 508 975 ipsam
527 886 750 956 exerceatur?
764 884 850 955 Sanc
868 885 944 974 quis
960 904 1029 952 non
1047 882 1095 951 vi·

158 978 224 1056 det,
244 979 334 1067 quod
352 978 405 1048 ius
422 979 584 1049 condendi
604 980 707 1069 leges,
723 999 810 1069 quae
821 987 974 1067 spectant
990 996 1097 1045 sacra·

157 1081 349 1140 meatorum
369 1072 717 1156 administrationem,
735 1091 802 1141 non
823 1092 840 1139 a
861 1068 1094 1156 Principibus,

156 1164 214 1232 sed
234 1184 254 1232 a
273 1163 405 1234 Christo
430 1166 570 1235 Domino
599 1166 766 1256 acceperit
785 1162 954 1233 Ecclesia‘l
980 1160 1097 1230 Merito

158 1255 266 1343 igitur
295 1257 479 1328 Concilium
509 1259 741 1329 Tridentinnm
773 1256 923 1327 definivit
954 1274 984 1323 c.
1010 1250 1033 1322 3
1057 1255 1098 1322 ad

157 1348 339 1418 Ecclesiam
361 1364 511 1441 spectare
537 1352 591 1423 ius
618 1351 840 1421 constituendi
860 1347 1098 1439 impedimenta

159 1442 378 1514 matrimonii.
402 1444 463 1515 Sed
483 1457 631 1536 praestat
649 1445 768 1515 audire
787 1443 882 1513 Pium
903 1442 941 1511 Vl
966 1441 1001 1509 in
1030 1439 1099 1509 suis

159 1534 281 1605 litteris
303 1561 317 1603 ι
338 1555 421 1607 rosa
446 1557 578 1609 reorent
600 1563 616 1606 r
647 1540 688 1608 ad
709 1538 918 1609 Gardinalem
940 1534 1095 1623 Archiop.

158 1628 447 1715 mechliniensem,
467 1632 522 1703 die
541 1631 563 1700 E
583 1633 665 1702 Eeb.
686 1630 778 1702 1782
795 1631 899 1715 datis,
920 1629 954 1697 in
975 1628 1100 1718 quibus

160 1721 206 1789 ita
223 1721 374 1792 disserit:
395 1725 517 1797 Notum
538 1739 589 1796 est
613 1726 714 1795 etiam
732 1780 742 1811 ,
763 1726 853 1816 quod
874 1744 947 1793 mn.
969 1719 991 1789 3
1010 1720 1100 1790 aius·

160 1815 236 1883 dem
264 1836 349 1886 sess.
379 1817 473 1887 XXIV
502 1818 677 1889 definitum
698 1830 769 1902 est,
792 1836 888 1908 posse
918 1814 1100 1883 Ecclesiam

162 1908 378 1996 constituere,
400 1924 439 1981 ut
462 1913 577 2002 plures
594 1912 720 1999 gradus
738 1910 939 2000 impediant,
961 1927 1000 1976 ac
1019 1906 1101 1974 diri-

162 2013 266 2070 mant.
285 2002 368 2071 Com
388 2023 468 2095 erpo
483 2006 576 2077 nullo
591 2024 740 2095 unquam
757 2016 909 2093 tempore
929 2000 1047 2087 dogma
1067 1997 1103 2065 li·

162 2095 216 2164 dei
236 2096 357 2166 salsum
380 2118 452 2169 esse
472 2098 597 2189 possit,
620 2116 755 2167 necesse
774 2107 847 2179 est,
872 2103 909 2162 nt
925 2092 967 2161 ab
991 2090 1103 2160 Ecole·
1192 2138 1195 2145 «

162 2188 232 2258 siae
260 2190 416 2279 origine,
439 2205 471 2262 et
501 2191 592 2262 omni
623 2201 774 2261 anteacto
808 2200 958 2276 tempore
987 2204 1103 2252 rernm

165 2282 280 2364 inerit,
299 2296 333 2353 et
352 2285 443 2354 omni
461 2284 678 2376 consequenti
699 2293 806 2354 aetate
820 2300 933 2350 verum
951 2277 996 2347 sit
1014 2277 1105 2344 lotu-

164 2395 254 2459 rum,
276 2376 456 2447 Ecclesiam
477 2399 529 2462 ea,
552 2399 638 2468 quae
658 2399 677 2446 a
695 2377 842 2447 Concilio
858 2371 1030 2455 asseritur,
1049 2390 1106 2459 po·

164 2481 284 2539 testate
302 2471 441 2559 pollere.
464 2473 504 2541 dt
525 2472 551 2542 si
574 2471 672 2541 tacita
695 2472 811 2541 saltem
836 2464 1029 2556 Principum
1042 2481 1105 2570 ‘rc-

165 2563 359 2651 quireretm·
385 2564 426 2633 ad
458 2563 646 2635 habendam
677 2574 873 2654 potestatem
903 2577 1102 2638 concessio,

165 2669 365 2746 sequeretur
401 2657 510 2742 illud,
533 2659 650 2747 primis
671 2657 836 2727 Ecclesiae
870 2652 1101 2743 temporibus,

165 2752 227 2820 sub
260 2748 470 2839 Principibus
505 2751 665 2820 nimirum
699 2749 858 2830 ethnicis,
889 2766 1003 2816 aarum
1033 2763 1106 2812 esse

165 2864 234 2913 non
252 2843 413 2931 potuisse,
435 2864 546 2935 neque
565 2845 629 2912 hoc
646 2856 796 2932 tempore
812 2858 926 2908 rerem
946 2856 1019 2907 esse
1032 2856 1107 2925 pes·

166 2957 224 3020 se,
245 2935 312 3004 illis
331 2937 365 3004 in
384 2936 490 3022 locis,
512 2938 546 3005 in
579 2936 701 3025 quibus
721 2931 961 3021 Christilidelcs
980 2930 1108 3019 degunt

166 3032 227 3099 sub
248 3029 434 3099 infidelium
456 3029 695 3112 dominatione,
716 3038 750 3098 et
778 3026 805 3096 si
826 3025 869 3094 ob
886 3024 1046 3113 aliquam,
1069 3031 1108 3089 ut

165 3134 305 3205 vocant,
334 3123 498 3193 rationem
526 3133 633 3192 status
656 3119 824 3211 principes
841 3170 850 3202 ,
869 3125 1020 3185 revocata
1039 3133 1105 3195 aa,

166 3237 254 3307 quae
275 3216 492 3301 obtenditur,
515 3214 722 3304 indulgentia
744 3224 777 3283 et
800 3207 1026 3288 concessione,
1046 3205 1108 3274 ab·

166 3328 290 3398 rogare
306 3309 432 3379 sancita
449 3308 491 3378 ab
512 3307 658 3379 Ecclesia
681 3305 917 3395 impedimenta
934 3301 1105 3383 valerent,

166 3402 241 3472 lieri
262 3414 385 3492 posset,
408 3413 446 3471 ut
463 3423 579 3472 rerum
596 3422 670 3472 esse
687 3399 868 3481 desineret,
892 3395 1019 3487 quoda
1039 3392 1110 3461 'l'ri-
1166 3444 1168 3447 .

167 3496 304 3565 dentino
321 3495 498 3568 delinitum
515 3507 577 3580 est,
599 3495 701 3586 idque
718 3491 864 3584 portenti
885 3489 1052 3571 existeret,
1072 3493 1111 3554 ut
