2642 4175
477 315 746 363 nnsnonsnumus
991 308 1030 368 61

143 412 245 482 etiam
264 433 304 481 ex
319 411 390 500 ipsa
409 413 457 482 rei
475 426 605 498 natura,
625 415 703 505 quia
723 416 827 505 priori
846 416 989 503 vinculo,
1001 420 1079 489 dum

141 506 263 575 lortius
283 505 452 576 vinculum
479 509 694 597 supervenit,
715 510 822 617 eique·
838 510 1081 600 impedimento

143 610 216 678 est,
236 600 419 705 quominus
439 600 630 689 impleatur,
654 604 700 671 vis
719 601 841 692 prioris
868 605 989 674 vinculi
1010 627 1077 676 non

142 692 390 780 exstinguitur,
413 694 469 762 scd
485 695 626 763 durante
645 695 882 786 impedimento
901 700 1080 806 suspendi·

145 798 223 869 tur,
257 786 358 855 veluti
380 807 454 854 cnm
476 787 551 877 quis
578 800 690 858 votnm
725 791 898 878 religionis
918 791 1030 862 emisit
1047 805 1079 862 ct

145 890 258 969 postea
281 879 533 950 matrimonium
549 884 720 965 contraxit,
741 896 991 973 consumatque,
1012 905 1078 955 non

144 972 370 1061 exstinguitur
389 973 453 1042 voti
473 974 642 1062 obligatio,
662 976 719 1046 sed
739 977 847 1048 soluto
867 977 1080 1047 matrimonio

146 1077 321 1135 teneretur
341 1067 469 1173 ingredi
491 1067 712 1157 religionem,
735 1072 873 1159 Argum
895 1091 967 1159 cap
997 1068 1082 1139 3de

143 1180 293 1228 convers.
320 1160 454 1249 coniug

563 1384 652 1474 guo.

194 1499 259 1595 ’lie'
271 1538 475 1596 dissolutione
494 1539 533 1596 ob
551 1539 727 1609 posteriora
747 1541 906 1610 sponsalis
926 1542 1017 1603 luite.

191 1715 312 1797 Quinta
344 1729 418 1801 est,
446 1717 475 1786 si
496 1716 583 1807 quis,
596 1717 719 1807 primis
739 1714 947 1808 sponsalibus
964 1719 1083 1790 validis

144 1821 178 1879 et
197 1809 308 1879 adhuc
326 1810 476 1899 integris,
498 1832 566 1882 non
586 1812 721 1901 quidem
736 1812 997 1897 matrimonium,
1021 1817 1080 1884 sed

144 1904 289 1972 secunda
310 1905 476 1992 sponsalia
497 1905 640 1988 iniverit;
662 1925 739 1975 nam
761 1926 799 1973 ex
826 1917 913 1974 certa
936 1918 969 1975 et
994 1928 1082 1977 com·

145 1997 241 2079 moni
262 1997 439 2065 Doctorum
460 1998 624 2067 sententia
646 1997 829 2086 posteriora
847 2000 1012 2087 sponsalia
1034 2000 1082 2068 ir-

143 2091 209 2161 rita
230 2102 264 2160 et
287 2092 377 2160 nulla
398 2105 485 2173 sunt,
504 2113 566 2161 nec
586 2093 691 2160 ullum
720 2112 758 2159 en
778 2093 825 2160 eis
845 2091 999 2180 publicae
1018 2094 1085 2161 lio-

144 2185 284 2255 nestatis
304 2184 579 2274 impedimentum
613 2183 735 2254 oritur.
762 2183 876 2273 Neque
896 2184 996 2252 ctiam
1029 2206 1082 2253 se·

147 2279 255 2347 cunda
276 2278 463 2366 sponsalia,
484 2279 511 2346 si
534 2278 722 2348 iuramento
748 2276 877 2346 firmata
896 2275 984 2357 sint,
1007 2278 1079 2347 offi-

148 2372 243 2440 ciunt
275 2371 468 2460 prioribns;
492 2371 654 2461 siquidem
685 2370 850 2460 posterior
877 2371 1077 2459 promissio,

146 2484 222 2534 cum
241 2465 285 2532 sit
306 2464 429 2548 illicita,
450 2487 489 2534 eo
509 2467 596 2554 quod
613 2465 646 2533 in
665 2464 905 2554 praeiudicium
925 2464 1078 2543 alterius,

147 2571 180 2627 et
192 2559 462 2646 adversuslegem
479 2560 607 2648 primae
623 2557 887 2646 desponsationis
901 2558 995 2639 lacta,
1009 2560 1081 2627 nul·

146 2653 212 2720 lam
233 2651 299 2720 vina
321 2673 359 2721 cx
392 2654 579 2721 iuramento
600 2663 789 2734 mutuatur,
812 2651 888 2741 quia
907 2651 1077 2720 iuramen-

38 2752 45 2760 '
148 2758 217 2814 tum
237 2766 309 2814 esse
327 2745 446 2835 nequit
462 2744 629 2813 vinculum
651 2744 850 2834 iniquitatis.
864 2745 930 2814 Nec
943 2747 1078 2814 demum
1168 2826 1171 2833 f

145 2838 332 2929 posteriora
352 2838 516 2928 sponsalia
538 2840 669 2922 valent,
700 2838 828 2907 etiamsi
863 2839 1005 2907 secunda
1030 2840 1079 2905 le-

146 2933 236 3000 mina
269 2931 420 3020 priorum
449 2932 652 3021 sponsalium
673 2930 787 3018 ignara
808 2932 942 3019 decepta
962 2931 1026 3014 sit,
1046 2943 1080 2998 et

144 3026 263 3095 violata
284 3025 346 3093 sub
364 3047 421 3114 spe
435 3023 592 3113 coniugii,
606 3025 763 3115 quoniam
779 3024 899 3092 iniuria
914 3024 1003 3091 illata
1017 3032 1078 3113 po·-

146 3118 280 3188 steriori
298 3119 442 3188 laminae
457 3140 522 3187 non
542 3118 677 3189 anlert'
669 3140 721 3186 ms
741 3139 837 3185 suum
856 3116 971 3222 priori:
994 3117 1080 3184 hanc

145 3223 259 3281 tamen
284 3213 422 3281 caritate
446 3224 480 3282 et
497 3212 665 3302 nequitate
685 3213 827 3317 quadam
862 3207 926 3277 iuri
946 3229 1006 3276 suo
1025 3230 1078 3277 rc·

144 3306 301 3375 nuntiare
322 3306 445 3375 debere
482 3305 660 3396 opinantur
696 3304 816 3393 passim
853 3301 1076 3383 Canonistae,

146 3399 304 3487 quando
295 3420 366 3489 ipsa
386 3399 501 3470 leviter
521 3398 721 3482 laederetur,
744 3408 857 3465 contra
881 3406 993 3464 autem
1020 3396 1078 3464 dc·

145 3491 262 3563 llorata
284 3513 384 3583 grove
403 3490 560 3562 damnum
581 3511 802 3582 magnamque
822 3487 959 3560 honoris
978 3486 1079 3556 iactu
