2642 4175
436 370 481 414 un
499 369 627 415 rsruna
647 372 846 418 unrarnouu
1011 361 1054 422 87

589 599 681 691 rao.

290 760 336 815 lle
349 756 545 816 matrimonio
562 758 713 829 quomam
732 760 975 820 Sacramentum

207 936 457 1008 Matrimonium
479 950 590 1009 autem
606 940 694 1028 apud
711 938 915 1009 Christianos
934 949 982 1007 est
1002 939 1100 1009 etiam

159 1051 275 1101 rerum
296 1032 498 1123 proprieque
523 1033 649 1103 dictum
669 1054 773 1104 novae
794 1034 878 1121 legis
911 1031 1103 1103 Sacramen-

160 1137 252 1207 tum,
267 1127 549 1214 quemadmodum
563 1125 726 1196 catholica
739 1120 887 1197 Ecclesia
905 1146 1038 1215 semper
1049 1126 1104 1195 do·

159 1219 243 1303 cuit,
260 1220 523 1310 solemniterque
539 1221 686 1309 professa
701 1234 764 1291 est.
780 1220 842 1290 Sed
858 1231 1004 1310 praestat
1018 1219 1104 1289 inter

159 1326 312 1384 caeteras
328 1313 494 1383 Ecclesiae
515 1313 727 1385 definitiones
747 1315 782 1383 in
803 1312 951 1384 medium
973 1312 1102 1402 proser-

159 1427 196 1476 re
216 1406 386 1477 Cononem
408 1407 436 1475 l.
457 1407 548 1476 Trid.
572 1406 651 1499 Syn.
674 1408 707 1477 in
722 1430 803 1479 sess.
820 1408 914 1478 xxtv
930 1407 1033 1476 latum
1050 1404 1101 1476 bis

160 1500 296 1570 verbis:
322 1526 337 1568 r
357 1500 390 1569 Si
413 1502 488 1591 quis
510 1500 629 1572 dixerit
650 1503 901 1572 matrimonium
931 1522 998 1571 non
1031 1521 1102 1570 csse

159 1614 237 1663 vere
267 1607 301 1663 et
321 1596 458 1684 proprie
480 1616 583 1663 unum
605 1617 643 1664 ex
673 1608 798 1686 septem
828 1595 910 1686 legis
931 1595 1102 1682 Evangeli-

156 1708 216 1757 cae
236 1685 458 1757 Sacramentis
480 1711 498 1758 a
520 1688 650 1759 Christo
676 1689 879 1773 institutum,
902 1690 959 1758 sed
980 1690 1022 1758 ab
1037 1687 1098 1758 ho·

155 1780 305 1851 minibus
318 1780 511 1942 iniicclesia
533 1782 714 1865 inventum;
734 1805 843 1875 neque
857 1783 999 1872 gratiam
1017 1802 1097 1851 con·

155 1876 258 1959 terre,
281 1886 357 1945 anat
383 1896 456 1945 ema
473 1875 551 1945 sit.»
574 1877 619 1947 b'r
639 1897 706 1966 quo
723 1876 856 1948 Conone
877 1875 1091 1966 perspicuum

155 1980 221 2052 est,
245 1989 313 2037 non
332 1969 597 2040 benedictionem
611 1969 808 2054 Sacerdotis,
828 1970 1092 2059 necquidquam

154 2062 246 2132 aliud
269 2083 341 2133 esse
366 2062 629 2147 Sacramentum,
649 2064 738 2153 quod
755 2064 938 2134 contractui
959 2063 1099 2132 accedat

75 2161 79 2170 '
155 2178 303 2247 eumque
323 2157 515 2240 sanctificet,
528 2158 586 2227 sed
600 2158 708 2246 ipsum
724 2156 1001 2226 matrimonialem
1022 2175 1105 2230 con.

155 2262 300 2320 tractum
317 2272 391 2320 vere
409 2262 443 2321 et
463 2251 597 2340 proprie
612 2250 862 2321 Sacramentum
888 2269 972 2319 esse.
993 2247 1094 2316 Nam·

155 2365 221 2433 que
241 2343 428 2414 Concilium
448 2345 565 2413 desiuit
586 2344 835 2414 matrimonium
869 2363 942 2413 esse
977 2340 1097 2410 Sacra·

156 2452 321 2520 mentum;
343 2437 478 2510 nomine
498 2450 609 2508 autem
643 2437 847 2508 matrimonii
872 2436 956 2510 nihil
975 2434 1096 2506 inteili-

152 2531 186 2619 gi
208 2531 299 2600 aliud
321 2542 438 2620 potest,
462 2553 563 2621 quam
579 2553 677 2602 verus
697 2544 730 2601 et
758 2552 844 2601 unus
865 2528 1094 2599 matrimonia·

154 2625 195 2694 lis
215 2637 416 2709 contractus,
438 2625 501 2695 nisi
534 2626 612 2715 velis
632 2625 743 2715 inepte
768 2626 904 2707 dicere,
925 2623 1095 2694 matrimo-

155 2717 202 2787 nii
217 2718 354 2790 uomine
370 2719 476 2808 ipsum
499 2718 749 2790 Sacramentum
771 2718 951 2808 designari,
971 2731 1007 2786 ut
1021 2737 1096 2785 sen·

154 2833 212 2881 sus
232 2813 294 2881 sit:
325 2810 458 2903 Siquis
490 2813 610 2882 dixerit
646 2812 896 2883 Sacramentum
923 2809 1096 2880 matrimo-

154 2905 202 2975 nii
224 2925 291 2975 non
325 2927 397 2978 ease
417 2905 689 2990 Sacramentum,
709 2905 884 2976 anathema
905 2905 960 2975 sit.
980 2904 1096 2994 ltaque

155 2998 317 3081 Consilia,
340 2998 454 3071 Patres
472 3013 518 3069 et
537 2999 693 3070 Doctores
717 2999 871 3069 catholici
900 3018 1014 3067 omnes
1035 2995 1117 3068 mit

157 3091 252 3162 rilice
279 3094 509 3173 consentiunt,
527 3092 784 3164 Sacramentalia
805 3092 1027 3162 Ecclesiarum
1041 3109 1098 3159 oc·

155 3184 397 3271 cidentalium,
428 3199 460 3257 et
480 3186 675 3274 euchologia
702 3186 868 3256 Ecclesiae
894 3202 1033 3272 graecae
1064 3192 1098 3251 et

154 3277 328 3350 orientalis
349 3282 543 3351 solemniter
568 3280 787 3362 confirmant,
815 3273 1095 3348 matrimonialem
1185 3301 1187 3304 ·

154 3383 364 3443 contractum
381 3375 422 3446 ad
443 3373 638 3463 dignitatem
659 3370 864 3440 Sacramenti
880 3365 1028 3439 eveclum
1045 3387 1097 3437 cs·

154 3486 202 3535 se.
222 3466 292 3537 Hac
311 3477 421 3537 sunto
446 3466 640 3551 elevatione,
663 3486 778 3537 omnes
810 3465 961 3534 doctores
993 3460 1027 3527 in
1056 3479 1096 3530 eo

162 3559 340 3631 convenire
372 3559 525 3631 ridentur
559 3560 648 3651 quod
681 3579 812 3650 semper
845 3555 1098 3640 obstringamur
