2642 4175
343 375 388 418 ou
405 375 642 420 runnuruuums
659 376 856 422 musmonem
954 365 1018 422 273
1120 437 1125 444 η

135 493 231 561 quam
254 473 425 541 decretum
447 471 582 541 Concilii
602 473 826 544 observatum
850 473 886 543 3·
907 474 973 545 Ubi
995 497 1071 547 con·

136 578 196 636 stat
217 565 402 637 Concilium
417 586 488 636 esse
506 566 722 657 publicatum,
739 569 789 640 rel
817 568 928 660 aliquo
942 581 1070 660 tempo·

136 661 217 731 rein
237 659 395 751 parochia
414 671 580 750 tamquam
603 663 772 730 decretum
795 661 932 732 Concilii
954 664 1068 734 obser-

136 767 258 838 vatum,
281 755 338 824 sed
359 752 558 844 parochialis
591 755 736 825 Ecclesia
753 768 894 845 ,utpote
927 777 1065 842 vacans,

136 848 273 938 proprio
295 848 439 936 parocho
461 862 581 933 careat,
602 855 635 918 e't
654 849 860 919 Gatbedralis
880 849 1007 933 itidem,
1027 850 1070 918 E·

136 942 270 1032 piscopo
291 953 391 1031 atque
410 941 561 1031 Capitulo
587 941 786 1013 habentibus
812 964 829 1010 a
851 943 997 1012 Concilio
1022 944 1071 1013 ia-

136 1037 291 1106 cultatem
314 1037 416 1103 alium
438 1034 647 1105 Sacerdotem
677 1036 717 1104 ad
738 1035 773 1103 id
792 1035 978 1125 delegandi,
999 1037 1071 1106 uul-

136 1132 254 1220 lusque
275 1129 361 1197 alius
381 1128 426 1197 ibi
445 1128 498 1210 sit,
520 1129 577 1218 qui
597 1129 683 1202 tices
700 1128 836 1218 parochi
852 1131 899 1198 vel
916 1129 1070 1220 Episcopi

135 1224 314 1313 suppleat,
336 1222 586 1291 matrimonium
606 1223 715 1291 valere
737 1223 862 1314 absque
881 1223 1068 1311 praesentia

136 1315 283 1406 parochi,
307 1329 433 1384 serrata
455 1326 566 1385 amen
587 1316 620 1382 in
641 1337 700 1398 eo
723 1314 757 1385 in
778 1337 844 1406 quo
861 1327 980 1405 potest
1006 1317 1072 1385 lor·

136 1432 186 1479 ma
207 1408 360 1493 Concilii,
378 1430 498 1498 nempe
519 1408 676 1478 adhibitis
692 1368 810 1478 bultem
831 1410 960 1478 duobus
980 1408 1070 1480 testi-

137 1504 211 1573 bus.
233 1502 272 1569 4⁰
292 1501 324 1571 Si
346 1513 456 1571 extent
475 1501 608 1591 quidem
641 1502 806 1591 parochus
823 1517 856 1573 et
874 1502 1068 1596 Episcopus,

137 1609 168 1665 el
189 1608 334 1685 uterque
350 1595 441 1664 nullo
460 1596 638 1664 constituto
658 1594 797 1678 licerio,
829 1610 919 1665 metu
949 1598 1069 1666 haere-

137 1691 278 1759 ticorum
310 1689 422 1772 lateat,
443 1689 487 1757 ita
505 1702 542 1756 ut
558 1710 634 1758 vere
661 1688 835 1779 ignoretur
859 1689 992 1758 ubinam
1014 1690 1068 1775 sit,

139 1784 187 1852 rel
209 1783 327 1853 eodem
349 1794 438 1850 metu
461 1804 480 1850 a
503 1782 646 1850 dioecesi
679 1783 764 1853 absit
750 1794 781 1867 t,
804 1804 866 1852 nec
890 1785 929 1852 ad
952 1787 1073 1853 alteru·

142 1888 228 1945 trum
251 1875 294 1945 sit
311 1887 400 1944 tutus
419 1896 581 1958 accessus,
597 1874 739 1944 validum
759 1888 808 1946 cst
822 1878 1070 1948 matrimonium

142 1981 349 2040 contractum
369 1969 495 2058 absque
514 1969 631 2053 forma,
653 1968 810 2038 adhibitis
831 1982 952 2052 tamen,
972 1983 1008 2038 ut
1027 1970 1073 2039 di·

138 2075 226 2133 etum
249 2074 309 2146 est,
333 2062 462 2132 duobus
481 2062 636 2133 testibus
654 2087 668 2128 ι
690 2062 734 2130 Ex
756 2062 877 2151 quibus
905 2064 1074 2152 colligitur

139 2157 360 2240 matrimonia,
379 2178 464 2247 quae
481 2178 549 2225 non
566 2169 692 2225 serrata
712 2156 816 2224 forma
837 2177 855 2223 a
877 2155 1070 2226 Tridentino

136 2250 337 2340 praescripta
358 2250 611 2332 contrahuntur,
631 2249 735 2317 valida
750 2269 822 2317 esse
835 2247 932 2317 tuln
923 2267 958 2316 tn
972 2249 1067 2333 locis,

137 2345 192 2413 ubi
213 2346 383 2413 decretum
401 2345 442 2413 de
459 2337 733 2412 clandestinitatis
751 2341 991 2430 impedimento
1004 2362 1071 2411 non

139 2449 186 2507 est
204 2436 422 2527 publicatum,
445 2457 555 2525 neque
587 2448 801 2543 susceptum,
822 2449 893 2504 tum
915 2433 1015 2504 etiam
1034 2435 1070 2504 in

132 2530 230 2626 locis,
256 2530 310 2599 ubi
333 2530 411 2599 licet
427 2530 674 2620 promulgatum
695 2528 825 2612 luerit,
831 2549 959 2619 usuque
977 2549 1070 2597 rece·

140 2637 245 2713 ptum,
268 2623 350 2692 nulli
371 2635 483 2693 tamen
499 2621 623 2712 proprii
645 2625 763 2692 adsunt
777 2635 937 2712 pastores,
964 2643 1070 2712 quan·

140 2718 317 2808 doquidem
337 2717 393 2785 ubi
412 2716 660 2806 impossibilitas
685 2716 879 2785 universalis
903 2727 935 2785 et
954 2737 1073 2806 perpe·

142 2823 196 2881 tua
217 2812 313 2893 loret
339 2823 508 2900 totamque
526 2809 783 2899 rempublicam
807 2811 991 2916 regionem,
1015 2820 1073 2879 aut

142 2905 412 2973 communitatem
435 2904 580 2993 aliquam
607 2904 768 2981 alliceret,
793 2903 943 2992 aequitas
961 2916 1073 2992 postu·

139 2998 196 3083 lat,
220 3011 255 3066 ut
273 2998 376 3066 forma
391 2998 583 3079 tridentina
607 2997 717 3086 quoad
738 2996 818 3063 illud
850 3016 1069 3086 personarum

141 3112 257 3178 genus,
280 3091 331 3158 oui
353 3090 597 3175 difficillimum,
617 3092 754 3160 autlere
773 3084 976 3177 impossihile
996 3089 1073 3157 red-

141 3184 231 3253 ditur
250 3205 323 3254 eam
344 3206 486 3265 servare,
505 3205 572 3252 non
592 3195 766 3253 censeatur
785 3183 932 3251 inducta

188 3278 387 3346 llonendum
409 3277 624 3345 hicestcum
641 3277 700 3344 Pio
722 3276 771 3358 Vl,
807 3274 900 3343 Brevi
935 3273 973 3341 ad
1001 3271 1075 3359 Epi·

142 3391 278 3478 scopum
303 3369 525 3439 Geuevensem
555 3370 608 3438 die
628 3367 649 3436 5
670 3367 837 3456 Septemb
859 3363 951 3436 1793
982 3364 1070 3448 dato,
1139 3447 1142 3453 ι

145 3464 386 3552 «quotiesduo
408 3465 522 3532 saltem
544 3473 643 3532 testes
661 3460 984 3543 minimeadlucrint,
1005 3479 1074 3525 ma-

15 3534 16 3543 *
103 3626 109 3630 ,
142 3556 297 3627 trimonia
318 3577 389 3626 esse
409 3557 562 3641 invalida,
599 3568 631 3625 et
667 3567 829 3646 quatenus
864 3554 936 3623 lieri
956 3551 1070 3643 possit,

245 3687 281 3740 Dc
297 3687 458 3747 Matrimonia
976 3683 1006 3731 te
