2642 4175
280 336 323 391 94
623 343 727 389 carun
744 343 779 386 11.

230 444 361 513 diflert:
383 442 420 510 l⁰
441 442 529 531 qnod
559 439 810 511 matrimonium
828 462 845 507 a
877 440 951 509 iure
973 442 1118 510 naturali
1137 456 1173 510 et

232 538 343 606 divino
360 536 524 625 originem
546 546 580 604 et
598 534 840 605 institutionem
867 533 984 618 babet,
1020 534 1118 624 eique
1152 558 1171 603 a

233 631 300 699 Deo
321 630 393 720 ipso
417 649 476 700 seu
501 628 554 697 ins
581 641 721 699 naturae
752 627 957 717 explicante,
979 648 1039 697 sen
1060 630 1169 716 legem

235 724 406 814 positivam
437 725 564 792 ferente
592 722 754 812 quaedam
787 721 1016 802 conditiones,
1054 723 1173 811 quales

235 816 414 906 praecipue
433 817 643 903 monogamia
659 826 693 884 et
706 814 939 897 insolubilitas,
955 814 1068 883 affixae
1082 829 1173 899 snut,

235 911 411 1001 inquibus
432 908 683 978 matrimonium
710 908 793 977 nulli
826 908 981 978 subditur
1000 910 1168 998 potestati,

235 1027 322 1094 quoe
340 1004 449 1074 diuina
469 1002 608 1071 inferior
626 1002 682 1084 sit;
704 1002 826 1071 caeteri
846 1014 956 1071 antem
977 1013 1170 1073 contractus

234 1121 254 1167 a
275 1103 348 1167 iure
365 1098 528 1184 gentium,
543 1097 593 1164 vel
610 1095 744 1184 speciali
766 1096 840 1165 iure
869 1095 1031 1184 cuiusque
1063 1097 1172 1168 natio·

235 1192 288 1261 nis
310 1190 446 1281 profecti
467 1202 557 1259 sunt.
578 1187 667 1270 Quin
696 1189 860 1278 primaeva
886 1189 997 1284 viriet
1021 1191 1173 1259 mulieris

235 1286 438 1366 coniunctio,
460 1284 556 1352 cuius
576 1283 663 1352 Deus
681 1295 796 1352 auctor
815 1283 889 1364 luit,
911 1283 1107 1353 sanctissimi
1129 1285 1172 1352 il-

236 1380 301 1447 lius
319 1376 452 1461 vinculi,
474 1397 541 1466 qno
561 1375 712 1446 Gbristns
732 1397 807 1445 cum
824 1377 968 1446 Ecclesia
988 1398 1047 1446 sna
1067 1399 1168 1466 copn·

237 1473 323 1541 latus
344 1484 405 1554 est,
427 1469 601 1561 mysticum
624 1470 757 1560 signnm
785 1471 961 1559 praetulit,
981 1492 1017 1540 cx
1036 1493 1102 1561 quo
1121 1473 1175 1539 la-

235 1576 325 1634 otnm
348 1576 408 1643 est,
427 1575 464 1632 nt
493 1586 510 1632 a
531 1562 588 1631 SS.
612 1564 778 1633 Ecclesiae
807 1563 961 1632 Patribus
988 1585 1025 1633 ea
1056 1565 1175 1633 matri-

238 1660 362 1740 monia,
386 1679 472 1747 quae
493 1670 569 1726 ante
589 1659 699 1746 legem
719 1658 941 1746 evangelicam
971 1658 1048 1726 iniri
1080 1660 1171 1727 sole·

141 1744 147 1769 '
239 1753 331 1836 baut,
355 1750 566 1820 Sacramenta
594 1752 661 1820 lato
694 1751 838 1840 quodam
868 1771 968 1820 seusu
1007 1753 1174 1841 appellata

238 1846 316 1929 sint,
337 1865 444 1935 eoque
464 1845 599 1914 nominc
632 1844 702 1933 ipsa
733 1842 918 1913 infidelium
952 1845 1166 1914 matrimonia

238 1941 412 2009 honestata
431 1939 533 2008 fnisse
552 1940 717 2026 legamus.
739 1937 793 2006 Sic
805 1938 1018 2007 Innocentius
1031 1937 1074 2006 lll
1094 1960 1173 2028 cap.

237 2032 438 2118 Gtunnuus,
461 2034 502 2103 de
522 2032 644 2101 Dirort.
669 2032 750 2101 baec
770 2032 886 2102 babet:
912 2055 927 2099 r
951 2032 1034 2101 Gnm
1055 2031 1175 2102 Sacra-

240 2140 389 2199 mentum
405 2126 551 2216 couiugii
567 2127 654 2216 apud
674 2127 788 2196 fideles
805 2138 838 2195 et
851 2126 1002 2195 infideles
1016 2127 1171 2197 existat.»

239 2222 325 2292 lllud
340 2223 440 2293 etiam
462 2220 750 2290 animadversione
768 2220 904 2308 dignum
936 2233 1008 2303 est,
1031 2223 1118 2311 qnod
1138 2221 1176 2289 in

240 2316 378 2384 humani
398 2313 531 2403 generis
552 2312 730 2382 diffusione
763 2334 830 2381 non
865 2315 971 2383 solum
1006 2315 1093 2403 apud
1119 2314 1178 2382 lu·

240 2409 341 2477 dacos
362 2406 581 2475 caeremoniis
606 2417 640 2475 et
658 2406 779 2475 ritibus
800 2408 902 2476 sacris
927 2409 1063 2497 nuptiae
1088 2408 1177 2476 cela-

241 2502 356 2569 bratae
373 2511 463 2580 snat,
485 2499 542 2567 sed
564 2498 662 2567 etiam
685 2500 770 2589 apud
794 2500 956 2590 Paganos3
988 2502 1083 2591 quasi
1104 2523 1177 2569 ma·

241 2592 400 2661 trimonio
421 2591 522 2660 divini
551 2592 678 2681 aliquid
711 2594 820 2662 inesse
851 2595 1105 2666 arbitrarentur.
1140 2594 1180 2663 2⁰

242 2686 367 2768 llillert
391 2686 479 2775 qnod
500 2706 681 2755 consensus
701 2687 956 2757 matrimonialis
975 2702 1092 2758 natura
1112 2709 1175 2757 stra

242 2781 392 2861 solutus,
412 2800 547 2868 expers,
571 2791 604 2847 et
636 2780 722 2848 liber
756 2793 805 2851 cst
826 2781 867 2849 ab
886 2782 996 2852 alieno
1016 2782 1170 2871 imperio,

244 2893 353 2962 neque
385 2873 452 2942 ulla
486 2884 647 2961 potestate
682 2873 827 2943 bumana
860 2876 1007 2965 suppleri
1042 2886 1175 2965 potest;

245 2978 410 3055 repugnat
430 2967 518 3035 euim
540 2966 611 3049 fini,
635 2988 695 3035 sen
715 2979 831 3037 mutno
872 2968 996 3052 amori,
1018 2990 1084 3058 qno
1104 2967 1179 3036 ani-

243 3081 316 3129 mos
336 3060 485 3149 copulari
507 3071 639 3148 oportet
657 3061 691 3129 lu
710 3062 935 3143 matrimonio,
955 3074 992 3131 ut
1012 3064 1084 3131 siue
1099 3082 1180 3151 pro-

246 3153 317 3242 prio
338 3174 501 3222 consensu
521 3154 679 3236 ineatur;
702 3155 758 3223 sed
782 3155 815 3222 iu
837 3156 976 3225 caeteris
996 3156 1179 3225 contracti·

245 3248 318 3332 bus,
341 3247 489 3336 quamvis
514 3258 716 3336 spontaneus
736 3258 770 3316 et
790 3247 874 3317 liber
891 3251 1087 3338 postuletur,
1110 3248 1177 3317 ali-

243 3341 378 3427 qnando
396 3353 508 3409 tamen
526 3341 658 3430 publica
680 3352 825 3430 potestas
846 3342 935 3427 cogit
954 3343 1041 3411 cives
1060 3344 1109 3411 vel
1127 3343 1182 3409 in·

245 3434 328 3502 ritos
348 3434 387 3501 ad
409 3450 536 3503 eertum
555 3445 764 3503 contractum
784 3435 993 3520 ineundum,
1020 3436 1126 3526 quin,
1150 3437 1182 3504 si

245 3526 353 3596 nolint
383 3528 582 3612 consentire,
605 3540 664 3597 ant
682 3541 862 3618 nequeant,
887 3551 1085 3600 consensum
1107 3530 1201 3620 ipsa·
