2642 4175
266 344 307 402 68
616 356 718 401 canna
736 357 758 400 1.

217 456 419 544 obligatione
439 473 474 523 se
494 452 664 543 expediat,
684 473 788 543 seque
809 452 998 542 implendae
1028 454 1155 544 obliga·

218 551 300 621 tioni
324 548 504 619 inhabilem
533 558 695 637 perpetuo
715 547 855 631 reddat,
887 548 1024 617 omnino
1047 548 1155 620 teneri

219 647 259 714 ad
281 663 439 734 expensas
459 653 492 711 et
510 642 629 710 damna
655 641 874 731 praestanda,
894 640 921 710 si
944 662 1008 730 qua
1028 641 1158 714 ratione

220 752 252 808 et
271 758 330 827 spe
359 734 563 806 matrimonii
595 755 714 824 sponsa
744 734 914 804 sustinuit.
941 735 1013 804 Non
1046 748 1158 805 autem

219 854 279 921 per
310 829 553 919 susceptionem
590 827 750 898 Ordinum
788 828 954 898 minorum
992 828 1159 918 sponsalia

219 925 443 994 dissolvuntur
459 922 552 1012 prius
564 934 744 1005 eontracta,
761 922 838 1011 quia
858 922 1004 992 minores
1016 920 1159 991 Ordines

219 1039 262 1087 ne
282 1017 469 1107 impediunt
486 1016 634 1106 quidem,
654 1019 833 1105 quominus
855 1014 1103 1085 matrimonium
1122 1015 1162 1084 li·

221 1112 285 1181 cite
305 1111 383 1179 iniri
405 1110 520 1200 possit.
537 1112 578 1178 At
591 1109 713 1178 verosi
731 1110 817 1198 quis,
833 1110 1042 1198 sponsalibus
1057 1109 1159 1186 initis,

220 1217 330 1275 votum
351 1204 490 1294 simplex
509 1202 639 1272 emittat
655 1204 835 1272 servandae
856 1203 890 1272 in
911 1204 1043 1274 saeculo
1062 1203 1160 1271 casti-

221 1300 308 1382 tatis,
330 1309 387 1366 aut
405 1297 490 1366 sacri
511 1294 643 1364 Ordinis
674 1296 887 1386 suscipiendi,
909 1310 987 1366 tunc
1006 1317 1049 1365 ex
1068 1308 1162 1365 ntra·

224 1414 290 1481 que
322 1402 416 1480 parte
444 1388 576 1458 dissolvi
605 1390 774 1458 vinculum
806 1391 1065 1479 sponsalitium,
1098 1388 1161 1459 etsi

225 1486 412 1553 iuramento
433 1483 626 1566 firmatum,
654 1484 890 1553 nonnullorum
912 1484 1076 1554 sententia
1098 1496 1161 1567 est,

226 1578 284 1668 qui
303 1578 406 1656 aiunl,
419 1579 551 1645 tacitam
567 1576 790 1645 conditionem
809 1578 1016 1668 sponsalibus
1031 1598 1166 1666 semper

227 1671 389 1740 adiectam
403 1691 473 1739 essa
492 1695 505 1736 a
523 1669 587 1738 nisi
601 1682 722 1739 statum
741 1671 972 1760 perlectionem
987 1673 1131 1759 elegero:
1146 1694 1161 1735 n

224 1762 1159 1854 etproleruntauctoritatemS.C.C.inBamberg.Spons.

224 1878 324 1947 quam
345 1858 447 1927 refert
461 1857 630 1927 Monacelli
650 1858 748 1926 form.
764 1859 830 1942 leg.
848 1870 951 1949 pract.
967 1881 1000 1948 p.
1023 1858 1056 1941 l,
1078 1870 1104 1927 t.
1126 1856 1162 1941 8,

225 1965 307 2019 tom.
324 1948 381 2033 td,
403 1948 459 2018 dd.
482 1951 601 2019 Verum
617 1973 635 2018 e
652 1964 764 2021 contra
780 1972 846 2019 non
862 1953 1019 2042 utrinque
1031 1972 1168 2042 sponsa·

225 2046 269 2115 lia
291 2044 369 2115 solvi
387 2046 499 2135 plures
519 2044 716 2115 Canonistae
742 2046 874 2116 docent.
895 2046 974 2116 Nam
994 2067 1032 2115 ex
1048 2066 1165 2115 earum

224 2138 389 2209 sententia
410 2160 528 2209 vovens
546 2139 644 2208 tacite
664 2139 834 2208 renuntiat
853 2140 917 2208 iuri
937 2162 1010 2222 suo,
1030 2152 1088 2208 aut
1104 2141 1167 2208 sal·

224 2248 291 2304 tem
314 2234 356 2303 ob
374 2233 472 2301 fidem
491 2232 644 2302 violatam
665 2234 802 2322 praebet
821 2234 915 2302 alteri
937 2233 1021 2322 parti
1044 2233 1166 2302 iustam

226 2348 360 2396 cansam
383 2326 554 2395 resiliendi
575 2348 592 2394 a
610 2326 832 2415 sponsalibus,
853 2327 880 2396 si
900 2328 989 2397 velit.
1012 2327 1076 2396 Sed
1096 2327 1167 2416 ipse

225 2440 345 2489 vovens
369 2441 392 2486 a
426 2418 631 2507 sponsalium
666 2419 868 2507 obligatione
899 2442 965 2490 nnn
995 2420 1164 2502 eximitur,

226 2513 390 2602 quianon
412 2523 520 2601 potest
552 2524 683 2582 mutare
715 2514 912 2583 sententiam
942 2515 975 2582 in
997 2514 1167 2604 praeiudi·

227 2608 317 2675 cium
339 2605 475 2674 alterius
497 2607 623 2694 partis,
645 2627 707 2675 nec
727 2607 856 2677 videtur
884 2607 970 2676 Deus
991 2620 1164 2698 acceptare
1217 2650 1219 2655 >

226 2698 481 2788 promissionem
502 2700 563 2784 rei,
584 2721 670 2789 qnae
690 2701 784 2770 alteri
807 2722 846 2770 ex
866 2701 991 2770 iustitia
1010 2702 1164 2771 debetur.

226 2791 450 2880 Obstringitur
470 2805 582 2862 tamen
615 2793 719 2882 ipsius
752 2794 817 2862 voti
851 2795 1014 2883 religione
1046 2795 1081 2862 in
1112 2793 1164 2863 sui

227 2885 493 2976 praeiudicium,
516 2887 579 2955 boc
598 2897 648 2956 est
669 2886 696 2953 si
716 2909 834 2976 sponsa
856 2888 955 2956 tidem
976 2890 1086 2957 datam
1109 2908 1175 2957 ref

228 2979 354 3064 mittat,
377 2992 434 3048 ant
455 2991 595 3049 mortem
615 2979 761 3064 obierit,
791 2994 848 3050 aut
873 2981 993 3051 exalia
1014 2981 1164 3070 legitima

229 3094 325 3142 causa
335 3074 500 3163 sponsalia
514 3075 695 3157 solvantur,
706 3096 824 3144 vovens
834 3086 966 3144 tenetur
976 3096 1108 3145 servare
1118 3096 1168 3142 ca-

227 3167 384 3238 stitatem.
400 3167 604 3237 Confirmant
619 3168 818 3236 sententiam
840 3169 974 3239 decreto
989 3166 1164 3237 Alexandri

228 3261 271 3339 lll
287 3261 320 3329 in
334 3282 406 3351 cap.
418 3259 440 3329 5
452 3260 513 3342 Qut
528 3279 656 3331 cenaret
669 3281 731 3329 van
744 3281 926 3345 verennes,
943 3263 997 3330 ubi
1012 3262 1169 3338 feminae,

230 3375 315 3443 qnae
336 3367 410 3443 post
429 3355 508 3422 inita
530 3354 696 3445 sponsalia
717 3356 941 3426 continentiae
957 3366 1067 3424 votnm
1090 3352 1169 3424 erni·

231 3458 346 3530 serat,
377 3447 564 3536 iniungitur
594 3470 700 3538 poena
721 3451 760 3518 de
778 3450 842 3538 fida
861 3451 997 3518 mentita
1008 3473 1023 3533 ,·
1044 3471 1081 3519 ex
1102 3467 1169 3536 quo

232 3540 446 3631 perspicuum
466 3554 539 3628 est,
562 3563 627 3612 non
649 3543 799 3614 obstante
818 3558 911 3629 voto,
933 3543 1167 3631 obligationem
