2642 4175
477 385 749 435 nnsrouosmnus
994 379 1033 438 31

567 622 583 713 p
604 622 661 689 tr.

414 776 460 833 lle
485 777 591 833 errhls
610 776 814 852 sponpelltlls.

191 954 285 1022 Nunc
302 953 450 1024 breviter
469 955 511 1023 de
530 955 644 1024 arrhis
660 954 838 1022 dicendum
868 967 932 1024 est.
959 956 1084 1025 Arrhe-

149 1067 220 1115 rum
240 1048 380 1116 nomine
399 1049 537 1119 veniunt
556 1069 629 1134 res,
660 1068 744 1137 quas
763 1067 850 1117 uuus
881 1068 920 1117 ex
938 1049 1080 1139 sponsis,

151 1142 193 1210 rel
213 1153 358 1230 uterque
375 1141 473 1211 altori
493 1142 596 1211 tradit
622 1142 656 1210 in
685 1152 930 1211 contractorum
952 1163 1085 1231 sponsa·

152 1233 225 1303 ham
246 1246 420 1319 tesseram,
443 1248 477 1304 et
497 1235 532 1304 in
552 1236 673 1325 pignus
693 1234 901 1304 matrimonii
932 1235 1082 1305 ineundi.

152 1326 247 1398 Plane
264 1327 366 1397 ouius
384 1328 540 1417 generis,
572 1328 791 1418 quantitatis,
813 1342 872 1398 aut
902 1328 1002 1419 pretii
1031 1349 1085 1399 res

149 1422 234 1506 sint,
268 1422 355 1490 nihil
387 1423 514 1505 refert,
536 1443 640 1511 quum
661 1422 792 1512 legibus
814 1422 1085 1512 permittentibus

150 1515 264 1585 arrhas
285 1516 378 1584 nullo
394 1517 598 1605 praescripta
616 1517 659 1585 sit
676 1519 725 1586 rei
746 1517 889 1605 qualitas
908 1529 966 1586 aut
978 1538 1085 1607 quan·

150 1608 233 1678 titas.
258 1608 408 1699 Sequuto
429 1610 654 1694 matrimonio,
682 1610 781 1679 arrha
811 1611 1016 1680 restituenda
1036 1612 1085 1679 illi

151 1704 272 1793 estqui
292 1702 448 1786 tradidit,
469 1705 752 1792 quemadmodum
777 1703 915 1793 pignora
948 1704 983 1774 in
1006 1725 1085 1774 con·

151 1796 308 1867 tractibus
326 1797 495 1866 reddenda
511 1812 602 1881 suut,
622 1798 733 1868 statim
763 1819 802 1865 ac
829 1818 883 1868 res
901 1798 1082 1887 praestita,

152 1903 207 1960 aut
221 1891 399 1979 promissio
420 1890 556 1980 impleta
576 1905 639 1960 est.
659 1892 742 1959 ltem
760 1892 965 1961 restituenda
981 1891 1081 1961 arrha

151 1982 178 2051 si
196 1983 447 2054 matrimonium
469 1985 595 2073 absque
609 1986 677 2053 ulla
691 1986 960 2054 contrahentium
974 1986 1082 2073 culpa,

80 2090 83 2099 '
150 2089 227 2166 puta
247 2079 386 2148 alterius
411 2091 530 2161 morte,
551 2079 712 2147 celebrari
729 2100 796 2147 nou
812 2078 974 2166 potuerit:
999 2100 1084 2148 ‹ar-

150 2173 222 2240 rbis
240 2173 442 2259 sponsalium
464 2173 602 2240 nomine
621 2172 718 2253 datis,
738 2172 764 2239 si
785 2172 912 2239 interea
931 2192 1083 2259 sponsos,

149 2267 198 2335 rel
230 2285 350 2354 sponsa
372 2265 576 2348 decesserit,
600 2285 687 2354 quae
707 2266 780 2332 data
802 2275 898 2345 suut,
933 2264 1086 2334 iubemus

149 2358 295 2442 restitui,
315 2383 330 2425 o
353 2359 398 2428 ita
419 2360 453 2427 L.
478 2357 500 2427 3
518 2361 592 2428 cod.
610 2361 651 2428 de
671 2357 821 2447 Sponsal.
842 2359 986 2426 ethrrb.
1000 2357 1086 2428 Con·

148 2454 266 2522 cinunt
285 2453 386 2521 etlam
409 2453 566 2522 Doctores
585 2473 720 2536 omnes,
740 2453 873 2521 arrham
893 2473 960 2521 uon
993 2453 1085 2523 arnit-

146 2558 226 2625 tere,
247 2547 304 2636 qui
321 2567 358 2614 er
375 2547 460 2615 iusta
479 2566 576 2615 causa
595 2546 713 2614 resilit
732 2568 750 2614 a
769 2545 998 2636 sponsalibus,
1017 2549 1083 2617 vel·

148 2640 194 2707 uti
213 2640 243 2708 si
262 2640 460 2728 religionem
482 2640 710 2728 ingrediatur:
730 2641 901 2709 nonenim
919 2641 1082 2711 mulctan-

148 2734 207 2802 dus
227 2745 397 2823 est'poena
415 2734 472 2823 qui
492 2734 575 2801 nihil
595 2733 749 2822 deliquit,
765 2755 827 2803 nec
844 2733 903 2802 ulli
923 2734 1081 2803 iniuriam

149 2826 235 2910 lacit,
255 2829 335 2895 dum
357 2827 464 2896 utitur
491 2827 564 2895 iure
584 2849 656 2896 suo.
687 2827 834 2917 Denique
868 2828 1080 2917 perspicuum

150 2910 335 2989 est'arrhas
353 2921 447 2989 reddi
466 2933 639 3009 oportere,
663 2922 741 2988 dum
771 2921 935 3010 sponsalia
966 2933 1081 2990 mutuo

149 3032 310 3084 consensu
330 3014 567 3083 dissolvuntur.
584 3018 713 3083 Atvero
732 3014 759 3082 si
779 3014 821 3083 ob
835 3016 964 3104 culpam
982 3015 1081 3085 unius

149 3125 184 3173 ex
197 3107 483 3190 contrahentibus,
505 3109 609 3176 altero
625 3108 868 3178 rationabiliter
880 3108 993 3190 invito,
1011 3130 1080 3177 ma·

148 3200 340 3272 trimonium
361 3221 428 3269 uon
448 3213 632 3291 sequatur,
660 3213 740 3270 tunc
763 3202 902 3271 violator
938 3201 1015 3277 [idei
1049 3212 1082 3270 et

149 3311 221 3362 suas
239 3294 496 3383 arrhasperdit,
519 3306 553 3365 et
578 3307 729 3382 acceptas
758 3296 898 3363 reddere
932 3305 1078 3363 tenetur.

148 3384 236 3464 ouoa
256 3389 286 3479 si
308 3389 417 3457 nullas
444 3388 514 3477 ipse
533 3388 732 3470 tradiderat,
756 3407 824 3455 nou
852 3389 959 3458 solum
987 3408 1081 3458 acce·

150 3491 216 3565 ptas
238 3482 430 3564 restituere,
452 3483 508 3551 sed
530 3482 619 3550 uliud
649 3481 854 3550 tantumdem
887 3503 924 3551 ex
944 3481 1079 3571 proprio

148 3575 371 3658 patrimonio,
393 3595 451 3645 seu
487 3597 602 3646 earum
640 3575 906 3646 aestimationem
934 3574 1080 3643 adiicere
