2642 4175
30 2565 73 2624 ξ.
167 2509 336 2603 t.lt,p.3

531 351 731 398 matous„
986 341 1052 400 458

163 449 385 541 proauiaequa
403 451 514 521 tonum
532 470 646 520 eoruru
666 463 792 535 tenent,
807 450 1014 543 proindeque
1028 465 1100 523 turn
1119 522 1126 543 ⁴

164 545 317 627 musculi,
331 558 400 615 tum
420 546 564 614 famina
579 546 618 613 ad
634 560 760 614 annum
780 566 888 637 usque
903 546 1099 635 vigesimum

164 638 337 726 orianum,
360 659 477 709 eorum
509 648 705 709 oomursutn
738 640 862 710 nauare
893 640 1026 724 debent,
1054 653 1098 725 et,

164 732 231 801 iltis
247 732 492 815 definientibus,
506 752 568 803 neo
581 743 730 803 exstante
749 734 937 823 adoptante,
960 750 1101 805 wosen-

163 845 222 893 sts
244 827 373 897 consilii
394 827 538 897 familiae
556 827 755 916 requiritur.
777 827 870 897 Unde
888 827 1101 916 sequitur,ii·

165 919 251 1003 iios,
271 921 496 1009 praemortuis
529 920 747 1010 parentibus,
770 922 899 1010 trotuo
930 922 994 989 inm
1015 941 1101 991 anno

166 1010 223 1096 20,
247 1013 321 1083 fieri
340 1014 392 1083 sui
416 1014 510 1098 iuris,
532 1030 592 1084 sau
612 1026 721 1084 uetute
742 1015 896 1090 naiores.
916 1026 1016 1103 atoue
1036 1034 1103 1083 rna-

167 1107 375 1192 trimonium,
399 1108 524 1199 absque
542 1109 611 1177 ullo
631 1127 806 1191 consensu,
823 1108 928 1177 libere
948 1120 1027 1176 tuno
1043 1107 1103 1176 ini·

166 1221 203 1269 re
223 1221 330 1289 posse.
360 1272 363 1277 ,

213 1293 246 1362 Si
267 1315 344 1364 vero
373 1292 433 1362 titii
463 1308 541 1365 sunt
572 1314 664 1363 mere
696 1295 890 1378 naturales,
920 1286 1103 1364 distinctio·

165 1407 208 1455 ne
229 1409 314 1476 opus
332 1400 408 1456 est:
430 1389 479 1457 vet
500 1388 588 1458 enim
620 1400 698 1457 sunt
724 1388 875 1477 legaiiter
905 1386 1031 1475 agniti,
1050 1388 1102 1457 rel

166 1500 244 1549 non.
268 1481 303 1550 tn
323 1481 428 1569 priori
450 1498 540 1567 anso,
562 1481 713 1571 indigent
728 1495 903 1571 parentum
924 1500 1099 1563 canusso,

163 1595 204 1642 ae
222 1574 251 1643 si
271 1575 410 1664 iegitiuti
432 1588 554 1658 essent,
576 1584 620 1660 et,
644 1576 838 1667 parentibus
860 1574 1023 1659 mortuis,
1046 1586 1104 1644 aut

165 1668 321 1738 facultate
339 1666 506 1739 destitutis
524 1669 728 1741 voluntatem
756 1691 852 1740 suam
881 1668 1099 1757 exprimendi,

165 1752 367 1832 consensuri
388 1762 519 1832 oonsitii
549 1765 673 1832 tutelae
691 1762 813 1834 habere
832 1783 969 1852 prorsus
988 1775 1103 1833 tenen·

163 1868 232 1940 tur,
254 1856 384 1927 etiamsi
403 1857 459 1926 atii
481 1857 696 1926 ascendentes
714 1857 864 1939 existant,
885 1860 965 1945 quia
985 1876 1103 1945 pareu-

166 1963 237 2018 tum
269 1950 459 2035 dumtaxat,
481 1971 547 2020 non
576 1969 654 2018 vero
676 1971 810 2019 avorum
827 2002 835 2033 ‚
852 1949 1028 2110 groprinnr
1051 1959 1104 2017 est

875 2062 893 2111 o
917 2058 1007 2124 casu,
1034 2061 1103 2111 roa·

161 2136 247 2207 souti
268 2150 345 2207 unte
362 2160 487 2208 annum
529 2129 551 2207 5
570 2135 784 2227 completum,
807 2149 842 2206 et
861 2135 1004 2206 feminae
1025 2147 1102 2204 ante

163 2252 290 2301 aunum
311 2229 352 2299 ut
374 2233 500 2322 puriter
514 2233 693 2321 expletum,
710 2232 835 2321 ubsque
847 2249 1011 2297 oouseusu
1027 2248 1103 2297 orn·

163 2324 231 2394 siiii
253 2326 399 2410 tutatae,
421 2328 549 2396 nubere
568 2333 732 2395 rotantur.
757 2329 826 2393 Art.
847 2320 906 2392 oo.
928 2321 1006 2391 Vide
1024 2321 1103 2390 Cur·

72 2449 75 2455 <
167 2418 254 2487 ridre
272 2421 447 2581 oomffind.
468 2443 502 2510 p.
523 2416 603 2504 303,
624 2431 658 2489 et
677 2418 817 2489 Bourier
837 2427 932 2487 trent.
951 2417 993 2485 de
1009 2415 1104 2485 Matr.

164 2661 167 2670 Δ
213 2603 319 2675 Porro
339 2606 366 2675 si
388 2618 540 2696 parentes
564 2607 598 2676 in
619 2628 780 2677 consensu
802 2599 984 2676 enittendo
1015 2603 1103 2676 inter

162 2690 203 2768 ‘se
224 2700 430 2784 dissentiant,
446 2701 566 2770 suffidt
582 2701 685 2790 patris
702 2715 894 2783 eonsensus,
910 2699 989 2788 quia
1007 2710 1103 2787 pater

167 2793 523 2883 inordinationes,
546 2806 610 2863 art.
626 2789 697 2863 63:
730 2793 758 2862 si
787 2793 838 2861 avi
858 2793 1016 2880 aviaeque
1036 2791 1103 2860 die·

167 2887 325 2971 sentiant,
342 2888 392 2956 avi
411 2903 591 2958 consensus
611 2886 744 2970 suflicit
761 2885 836 2956 etsi
857 2883 973 2953 ambae
995 2884 1104 2952 lineae

169 2975 308 3050 inter'se
329 2982 534 3067 dissentiant,
554 2979 722 3050 dissensus
742 3000 801 3070 pro
821 2998 984 3046 eouseusu
1004 2976 1105 3045 habe·

171 3084 237 3156 tur;
251 3085 318 3143 art.
334 3073 391 3144 64.
407 3074 510 3145 Filius
521 3074 582 3165 qui
600 3073 796 3163 vigesimum
814 3070 961 3161 prinum
979 3089 1104 3140 sunum

170 3166 234 3234 iam
254 3168 403 3256 explerit,
418 3190 494 3237 eum
507 3181 614 3240 netote
630 3168 737 3237 muior
750 3167 857 3237 foetus
871 3164 927 3243 sit,
941 3173 1003 3234 artu
1022 3160 1103 3244 did,

147 3335 150 3342 Ι
172 3260 223 3331 ius
242 3261 343 3329 tanet
361 3255 503 3331 adennffl
524 3263 671 3332 suberat
688 3260 823 3331 secund
843 3259 987 3349 gradus,
1009 3268 1047 3324 nt
1064 3256 1104 3325 de

169 3352 341 3423 dissensus
361 3371 458 3425 eausa
478 3358 691 3426 decernatur.
709 3348 743 3424 Si
774 3366 891 3443 agatur
908 3347 949 3422 de
970 3344 1103 3433 minori,

171 3450 365 3540 omnesqui
385 3471 460 3519 oum
482 3472 522 3522 eo
541 3449 704 3538 sanguine
736 3459 814 3518 sunt
832 3441 1023 3528 coniuncti,
1043 3466 1105 3534 pu-

172 3533 365 3633 blicumque
385 3544 485 3612 etiam
505 3543 755 3624 ministerium,
787 3551 960 3611 recursum
992 3551 1105 3609 eontra
1182 3611 1184 3618 s

164 2041 357 2133 illegitimos
373 2038 459 2115 iiiios
479 2056 673 2207 affznoseere.
693 2040 730 2113 in
748 2062 848 2113 secun
