<?xml version="1.0" encoding="UTF-8"?>
<!DOCTYPE html PUBLIC "-//W3C//DTD XHTML 1.0 Transitional//EN"
    "http://www.w3.org/TR/xhtml1/DTD/xhtml1-transitional.dtd">
<html xmlns="http://www.w3.org/1999/xhtml" xml:lang="en" lang="en">
 <head>
  <title>
</title>
<meta http-equiv="Content-Type" content="text/html;charset=utf-8" />
  <meta name='ocr-system' content='tesseract 3.04.00' />
  <meta name='ocr-capabilities' content='ocr_page ocr_carea ocr_par ocr_line ocrx_word'/>
</head>
<body>
  <div class='ocr_page' id='page_1' title='image "./septimiimariaev00veccgoog_0087.png"; bbox 0 0 2642 4175; ppageno 0'>
   <div class='ocr_carea' id='block_1_1' title="bbox 458 310 1019 366">
    <p class='ocr_par' dir='ltr' id='par_1_1' title="bbox 458 310 1019 366">
     <span class='ocr_line' id='line_1_1' title="bbox 458 310 1019 366; baseline 0.007 -4"><span class='ocrx_word' id='word_1_1' title='bbox 458 320 501 363; x_wconf 85' lang='lat' dir='ltr'><strong>un</strong></span> <span class='ocrx_word' id='word_1_2' title='bbox 522 319 736 365; x_wconf 80' lang='lat' dir='ltr'><strong>srensnnraus</strong></span> <span class='ocrx_word' id='word_1_3' title='bbox 977 310 1019 366; x_wconf 76' lang='lat'><strong>79</strong></span> 
     </span>
    </p>
   </div>
   <div class='ocr_carea' id='block_1_2' title="bbox 128 411 1072 788">
    <p class='ocr_par' dir='ltr' id='par_1_2' title="bbox 128 411 1072 788">
     <span class='ocr_line' id='line_1_2' title="bbox 128 411 1068 505; baseline 0 -15"><span class='ocrx_word' id='word_1_4' title='bbox 128 420 218 490; x_wconf 92' lang='lat' dir='ltr'><strong>mine</strong></span> <span class='ocrx_word' id='word_1_5' title='bbox 238 428 414 498; x_wconf 77' lang='lat' dir='ltr'><strong>versetur,</strong></span> <span class='ocrx_word' id='word_1_6' title='bbox 442 425 476 484; x_wconf 91' lang='lat' dir='ltr'><strong>et</strong></span> <span class='ocrx_word' id='word_1_7' title='bbox 497 416 607 504; x_wconf 86' lang='lat' dir='ltr'><strong>proies</strong></span> <span class='ocrx_word' id='word_1_8' title='bbox 633 417 848 505; x_wconf 77' lang='lat' dir='ltr'><strong>legitimanda</strong></span> <span class='ocrx_word' id='word_1_9' title='bbox 869 411 941 502; x_wconf 87' lang='grc'><strong>331,</strong></span> <span class='ocrx_word' id='word_1_10' title='bbox 966 431 1023 488; x_wconf 83' lang='grc'><strong>331</strong></span> <span class='ocrx_word' id='word_1_11' title='bbox 1041 424 1068 490; x_wconf 89' lang='lat' dir='ltr'><strong>si</strong></span> 
     </span>
     <span class='ocr_line' id='line_1_3' title="bbox 129 509 1070 602; baseline 0.001 -20"><span class='ocrx_word' id='word_1_12' title='bbox 129 534 224 583; x_wconf 89' lang='lat' dir='ltr'><strong>casus</strong></span> <span class='ocrx_word' id='word_1_13' title='bbox 245 509 622 580; x_wconf 86' lang='lat' dir='ltr'><strong>occurrat-revaiidendi</strong></span> <span class='ocrx_word' id='word_1_14' title='bbox 646 512 872 595; x_wconf 72' lang='lat' dir='ltr'><strong>matrimonii,</strong></span> <span class='ocrx_word' id='word_1_15' title='bbox 894 514 983 602; x_wconf 87' lang='lat' dir='ltr'><strong>quod</strong></span> <span class='ocrx_word' id='word_1_16' title='bbox 1011 533 1070 583; x_wconf 89' lang='lat' dir='ltr'><strong>an-</strong></span> 
     </span>
     <span class='ocr_line' id='line_1_4' title="bbox 129 602 1072 688; baseline -0.001 -10"><span class='ocrx_word' id='word_1_17' title='bbox 129 621 180 678; x_wconf 92' lang='lat' dir='ltr'><strong>tea</strong></span> <span class='ocrx_word' id='word_1_18' title='bbox 203 605 375 674; x_wconf 84' lang='lat' dir='ltr'><strong>infaciem</strong></span> <span class='ocrx_word' id='word_1_19' title='bbox 397 602 563 672; x_wconf 73' lang='lat' dir='ltr'><strong>Ecclesiae</strong></span> <span class='ocrx_word' id='word_1_20' title='bbox 583 615 788 673; x_wconf 81' lang='lat' dir='ltr'><strong>contractum</strong></span> <span class='ocrx_word' id='word_1_21' title='bbox 809 617 894 674; x_wconf 88' lang='lat' dir='ltr'><strong>erat.</strong></span> <span class='ocrx_word' id='word_1_22' title='bbox 912 605 947 675; x_wconf 78' lang='lat'><strong>3⁰</strong></span> <span class='ocrx_word' id='word_1_23' title='bbox 963 605 1072 688; x_wconf 83' lang='lat' dir='ltr'><strong>Quali·</strong></span> 
     </span>
     <span class='ocr_line' id='line_1_5' title="bbox 129 695 1069 788; baseline 0.002 -19"><span class='ocrx_word' id='word_1_24' title='bbox 129 712 178 769; x_wconf 88' lang='grc'><strong>133</strong></span> <span class='ocrx_word' id='word_1_25' title='bbox 201 716 394 788; x_wconf 87' lang='lat' dir='ltr'><strong>personae,</strong></span> <span class='ocrx_word' id='word_1_26' title='bbox 413 695 461 764; x_wconf 86' lang='lat' dir='ltr'><strong>uti</strong></span> <span class='ocrx_word' id='word_1_27' title='bbox 483 697 511 766; x_wconf 91' lang='lat' dir='ltr'><strong>si</strong></span> <span class='ocrx_word' id='word_1_28' title='bbox 531 697 662 785; x_wconf 79' lang='lat' dir='ltr'><strong>Reges,</strong></span> <span class='ocrx_word' id='word_1_29' title='bbox 685 698 809 788; x_wconf 87' lang='lat' dir='ltr'><strong>aliique</strong></span> <span class='ocrx_word' id='word_1_30' title='bbox 828 700 986 771; x_wconf 88' lang='lat' dir='ltr'><strong>Proceres</strong></span> <span class='ocrx_word' id='word_1_31' title='bbox 1006 724 1069 771; x_wconf 90' lang='lat' dir='ltr'><strong>nu-</strong></span> 
     </span>
    </p>
   </div>
   <div class='ocr_carea' id='block_1_3' title="bbox 19 791 1071 884">
    <p class='ocr_par' dir='ltr' id='par_1_3' title="bbox 19 791 1071 884">
     <span class='ocr_line' id='line_1_6' title="bbox 19 791 1071 884; baseline 0.002 -21"><span class='ocrx_word' id='word_1_32' title='bbox 19 797 24 806; x_wconf 87' lang='lat'>&#39;</span> <span class='ocrx_word' id='word_1_33' title='bbox 131 794 217 883; x_wconf 92' lang='lat' dir='ltr'><strong>ptias</strong></span> <span class='ocrx_word' id='word_1_34' title='bbox 238 792 377 869; x_wconf 88' lang='lat' dir='ltr'><strong>ineant,</strong></span> <span class='ocrx_word' id='word_1_35' title='bbox 406 810 548 879; x_wconf 85' lang='lat' dir='ltr'><strong>quorum</strong></span> <span class='ocrx_word' id='word_1_36' title='bbox 581 791 791 861; x_wconf 90' lang='lat' dir='ltr'><strong>matrimonia</strong></span> <span class='ocrx_word' id='word_1_37' title='bbox 812 812 994 884; x_wconf 88' lang='lat' dir='ltr'><strong>numquam</strong></span> <span class='ocrx_word' id='word_1_38' title='bbox 1014 796 1071 865; x_wconf 89' lang='lat' dir='ltr'><strong>de·</strong></span> 
     </span>
    </p>
   </div>
   <div class='ocr_carea' id='block_1_4' title="bbox 131 884 1083 2375">
    <p class='ocr_par' dir='ltr' id='par_1_4' title="bbox 131 884 1083 2375">
     <span class='ocr_line' id='line_1_7' title="bbox 131 884 1070 977; baseline 0.003 -22"><span class='ocrx_word' id='word_1_39' title='bbox 131 885 282 955; x_wconf 87' lang='lat' dir='ltr'><strong>nuntiari</strong></span> <span class='ocrx_word' id='word_1_40' title='bbox 307 885 438 966; x_wconf 90' lang='lat' dir='ltr'><strong>solent,</strong></span> <span class='ocrx_word' id='word_1_41' title='bbox 460 884 538 974; x_wconf 88' lang='lat' dir='ltr'><strong>quia</strong></span> <span class='ocrx_word' id='word_1_42' title='bbox 559 884 749 953; x_wconf 89' lang='lat' dir='ltr'><strong>suntvalde</strong></span> <span class='ocrx_word' id='word_1_43' title='bbox 768 897 869 971; x_wconf 91' lang='lat' dir='ltr'><strong>nota,</strong></span> <span class='ocrx_word' id='word_1_44' title='bbox 893 899 1070 977; x_wconf 79' lang='lat' dir='ltr'><strong>antequem</strong></span> 
     </span>
     <span class='ocr_line' id='line_1_8' title="bbox 132 977 1074 1070; baseline 0.002 -21"><span class='ocrx_word' id='word_1_45' title='bbox 132 978 389 1060; x_wconf 83' lang='lat' dir='ltr'><strong>concludantur,</strong></span> <span class='ocrx_word' id='word_1_46' title='bbox 409 980 498 1047; x_wconf 93' lang='lat' dir='ltr'><strong>unde</strong></span> <span class='ocrx_word' id='word_1_47' title='bbox 518 977 705 1067; x_wconf 83' lang='lat' dir='ltr'><strong>periculum</strong></span> <span class='ocrx_word' id='word_1_48' title='bbox 724 980 954 1048; x_wconf 73' lang='lat' dir='ltr'><strong>nominationis</strong></span> <span class='ocrx_word' id='word_1_49' title='bbox 972 981 1074 1070; x_wconf 93' lang='lat' dir='ltr'><strong>impe·</strong></span> 
     </span>
     <span class='ocr_line' id='line_1_9' title="bbox 132 1071 1075 1159; baseline 0 -17"><span class='ocrx_word' id='word_1_50' title='bbox 132 1073 361 1142; x_wconf 88' lang='lat' dir='ltr'><strong>dimentorum</strong></span> <span class='ocrx_word' id='word_1_51' title='bbox 382 1090 512 1140; x_wconf 88' lang='lat' dir='ltr'><strong>cessere</strong></span> <span class='ocrx_word' id='word_1_52' title='bbox 528 1071 674 1140; x_wconf 90' lang='lat' dir='ltr'><strong>videtur.</strong></span> <span class='ocrx_word' id='word_1_53' title='bbox 695 1071 731 1138; x_wconf 78' lang='lat' dir='ltr'><strong>lt·</strong></span> <span class='ocrx_word' id='word_1_54' title='bbox 750 1071 877 1159; x_wconf 80' lang='lat' dir='ltr'><strong>Urgeus</strong></span> <span class='ocrx_word' id='word_1_55' title='bbox 896 1074 1075 1143; x_wconf 81' lang='lat' dir='ltr'><strong>necessitas</strong></span> 
     </span>
     <span class='ocr_line' id='line_1_10' title="bbox 134 1165 1074 1255; baseline -0.002 -19"><span class='ocrx_word' id='word_1_56' title='bbox 134 1178 192 1236; x_wconf 90' lang='grc'><strong>331</strong></span> <span class='ocrx_word' id='word_1_57' title='bbox 210 1184 435 1255; x_wconf 86' lang='lat' dir='ltr'><strong>quaecunque</strong></span> <span class='ocrx_word' id='word_1_58' title='bbox 455 1185 552 1233; x_wconf 89' lang='lat' dir='ltr'><strong>eausa</strong></span> <span class='ocrx_word' id='word_1_59' title='bbox 584 1165 662 1233; x_wconf 90' lang='lat' dir='ltr'><strong>boni</strong></span> <span class='ocrx_word' id='word_1_60' title='bbox 684 1165 881 1245; x_wconf 89' lang='lat' dir='ltr'><strong>communis,</strong></span> <span class='ocrx_word' id='word_1_61' title='bbox 901 1166 951 1235; x_wconf 89' lang='lat' dir='ltr'><strong>vei</strong></span> <span class='ocrx_word' id='word_1_62' title='bbox 975 1166 1074 1235; x_wconf 89' lang='lat' dir='ltr'><strong>etiem</strong></span> 
     </span>
     <span class='ocr_line' id='line_1_11' title="bbox 133 1258 1076 1348; baseline 0.001 -20"><span class='ocrx_word' id='word_1_63' title='bbox 133 1259 292 1330; x_wconf 91' lang='lat' dir='ltr'><strong>notabilis</strong></span> <span class='ocrx_word' id='word_1_64' title='bbox 312 1258 580 1327; x_wconf 86' lang='lat' dir='ltr'><strong>contrahentium</strong></span> <span class='ocrx_word' id='word_1_65' title='bbox 599 1259 815 1329; x_wconf 83' lang='lat' dir='ltr'><strong>commoditas</strong></span> <span class='ocrx_word' id='word_1_66' title='bbox 835 1260 901 1328; x_wconf 89' lang='lat' dir='ltr'><strong>sive</strong></span> <span class='ocrx_word' id='word_1_67' title='bbox 920 1259 1076 1348; x_wconf 88' lang='lat' dir='ltr'><strong>spiritua·</strong></span> 
     </span>
     <span class='ocr_line' id='line_1_12' title="bbox 132 1352 1077 1440; baseline 0.001 -19"><span class='ocrx_word' id='word_1_68' title='bbox 132 1354 184 1438; x_wconf 91' lang='grc'><strong>113,</strong></span> <span class='ocrx_word' id='word_1_69' title='bbox 207 1353 277 1422; x_wconf 84' lang='grc'><strong>3113</strong></span> <span class='ocrx_word' id='word_1_70' title='bbox 294 1352 508 1440; x_wconf 85' lang='lat' dir='ltr'><strong>temporalis,</strong></span> <span class='ocrx_word' id='word_1_71' title='bbox 530 1352 702 1421; x_wconf 89' lang='lat' dir='ltr'><strong>autetiam</strong></span> <span class='ocrx_word' id='word_1_72' title='bbox 725 1352 873 1422; x_wconf 84' lang='grc'><strong>1131311113</strong></span> <span class='ocrx_word' id='word_1_73' title='bbox 893 1352 1077 1422; x_wconf 89' lang='lat' dir='ltr'><strong>incommo-</strong></span> 
     </span>
     <span class='ocr_line' id='line_1_13' title="bbox 134 1444 1077 1536; baseline 0.001 -21"><span class='ocrx_word' id='word_1_74' title='bbox 134 1448 239 1530; x_wconf 91' lang='lat' dir='ltr'><strong>dum,</strong></span> <span class='ocrx_word' id='word_1_75' title='bbox 262 1445 352 1536; x_wconf 85' lang='lat' dir='ltr'><strong>quod</strong></span> <span class='ocrx_word' id='word_1_76' title='bbox 375 1444 471 1513; x_wconf 88' lang='grc'><strong>311131</strong></span> <span class='ocrx_word' id='word_1_77' title='bbox 491 1445 586 1515; x_wconf 90' lang='lat' dir='ltr'><strong>vitari</strong></span> <span class='ocrx_word' id='word_1_78' title='bbox 608 1467 675 1515; x_wconf 89' lang='lat' dir='ltr'><strong>non</strong></span> <span class='ocrx_word' id='word_1_79' title='bbox 692 1446 807 1535; x_wconf 87' lang='lat' dir='ltr'><strong>possit.</strong></span> <span class='ocrx_word' id='word_1_80' title='bbox 831 1445 867 1515; x_wconf 83' lang='lat'><strong>5⁰</strong></span> <span class='ocrx_word' id='word_1_81' title='bbox 895 1446 1077 1516; x_wconf 89' lang='lat' dir='ltr'><strong>Imminens</strong></span> 
     </span>
     <span class='ocr_line' id='line_1_14' title="bbox 134 1536 1078 1629; baseline 0 -21"><span class='ocrx_word' id='word_1_82' title='bbox 134 1541 295 1608; x_wconf 88' lang='lat' dir='ltr'><strong>adventus</strong></span> <span class='ocrx_word' id='word_1_83' title='bbox 314 1559 352 1607; x_wconf 89' lang='lat' dir='ltr'><strong>ae</strong></span> <span class='ocrx_word' id='word_1_84' title='bbox 371 1536 652 1628; x_wconf 81' lang='lat' dir='ltr'><strong>Ouedregesimae</strong></span> <span class='ocrx_word' id='word_1_85' title='bbox 671 1551 813 1629; x_wconf 89' lang='lat' dir='ltr'><strong>tempus,</strong></span> <span class='ocrx_word' id='word_1_86' title='bbox 834 1551 868 1610; x_wconf 91' lang='grc'><strong>31</strong></span> <span class='ocrx_word' id='word_1_87' title='bbox 885 1562 1010 1629; x_wconf 79' lang='lat' dir='ltr'><strong>urgens</strong></span> <span class='ocrx_word' id='word_1_88' title='bbox 1030 1540 1078 1609; x_wconf 91' lang='lat' dir='ltr'><strong>in·</strong></span> 
     </span>
     <span class='ocr_line' id='line_1_15' title="bbox 135 1632 1078 1722; baseline 0 -19"><span class='ocrx_word' id='word_1_89' title='bbox 135 1633 374 1722; x_wconf 83' lang='lat' dir='ltr'><strong>continentiae,</strong></span> <span class='ocrx_word' id='word_1_90' title='bbox 398 1632 545 1720; x_wconf 83' lang='lat' dir='ltr'><strong>gravisve</strong></span> <span class='ocrx_word' id='word_1_91' title='bbox 565 1632 643 1700; x_wconf 91' lang='lat' dir='ltr'><strong>mali</strong></span> <span class='ocrx_word' id='word_1_92' title='bbox 664 1633 863 1721; x_wconf 84' lang='lat' dir='ltr'><strong>periculum,</strong></span> <span class='ocrx_word' id='word_1_93' title='bbox 882 1634 909 1703; x_wconf 91' lang='lat' dir='ltr'><strong>si</strong></span> <span class='ocrx_word' id='word_1_94' title='bbox 929 1635 987 1702; x_wconf 91' lang='lat' dir='ltr'><strong>diu</strong></span> <span class='ocrx_word' id='word_1_95' title='bbox 1009 1654 1078 1703; x_wconf 91' lang='lat' dir='ltr'><strong>ma·</strong></span> 
     </span>
     <span class='ocr_line' id='line_1_16' title="bbox 136 1723 1077 1817; baseline 0.001 -22"><span class='ocrx_word' id='word_1_96' title='bbox 136 1726 332 1795; x_wconf 89' lang='lat' dir='ltr'><strong>trimonium</strong></span> <span class='ocrx_word' id='word_1_97' title='bbox 356 1725 542 1794; x_wconf 84' lang='lat' dir='ltr'><strong>ditieratur.</strong></span> <span class='ocrx_word' id='word_1_98' title='bbox 563 1723 599 1793; x_wconf 80' lang='lat'><strong>6⁰</strong></span> <span class='ocrx_word' id='word_1_99' title='bbox 621 1725 653 1793; x_wconf 87' lang='lat' dir='ltr'><strong>Si</strong></span> <span class='ocrx_word' id='word_1_100' title='bbox 674 1727 783 1816; x_wconf 90' lang='lat' dir='ltr'><strong>sponsi</strong></span> <span class='ocrx_word' id='word_1_101' title='bbox 814 1728 919 1817; x_wconf 87' lang='lat' dir='ltr'><strong>parati</strong></span> <span class='ocrx_word' id='word_1_102' title='bbox 947 1728 1013 1797; x_wconf 89' lang='lat' dir='ltr'><strong>sint</strong></span> <span class='ocrx_word' id='word_1_103' title='bbox 1037 1730 1077 1796; x_wconf 91' lang='lat' dir='ltr'><strong>ad</strong></span> 
     </span>
     <span class='ocr_line' id='line_1_17' title="bbox 137 1819 1079 1908; baseline -0.001 -20"><span class='ocrx_word' id='word_1_104' title='bbox 137 1820 249 1889; x_wconf 87' lang='grc'><strong>3111133</strong></span> <span class='ocrx_word' id='word_1_105' title='bbox 267 1820 393 1887; x_wconf 88' lang='grc'><strong>1313133</strong></span> <span class='ocrx_word' id='word_1_106' title='bbox 410 1819 606 1908; x_wconf 87' lang='lat' dir='ltr'><strong>implendas,</strong></span> <span class='ocrx_word' id='word_1_107' title='bbox 627 1830 659 1888; x_wconf 92' lang='lat' dir='ltr'><strong>et</strong></span> <span class='ocrx_word' id='word_1_108' title='bbox 680 1819 928 1889; x_wconf 77' lang='lat' dir='ltr'><strong>matrimonium</strong></span> <span class='ocrx_word' id='word_1_109' title='bbox 952 1820 1079 1889; x_wconf 82' lang='lat' dir='ltr'><strong>differri</strong></span> 
     </span>
     <span class='ocr_line' id='line_1_18' title="bbox 137 1911 1080 2002; baseline 0 -20"><span class='ocrx_word' id='word_1_110' title='bbox 137 1913 316 2002; x_wconf 84' lang='lat' dir='ltr'><strong>expediens</strong></span> <span class='ocrx_word' id='word_1_111' title='bbox 336 1933 403 1981; x_wconf 92' lang='lat' dir='ltr'><strong>non</strong></span> <span class='ocrx_word' id='word_1_112' title='bbox 430 1913 484 1982; x_wconf 86' lang='lat' dir='ltr'><strong>sit.</strong></span> <span class='ocrx_word' id='word_1_113' title='bbox 507 1911 624 1981; x_wconf 91' lang='lat' dir='ltr'><strong>Utrum</strong></span> <span class='ocrx_word' id='word_1_114' title='bbox 645 1924 779 2001; x_wconf 88' lang='lat' dir='ltr'><strong>praeter</strong></span> <span class='ocrx_word' id='word_1_115' title='bbox 798 1915 978 1984; x_wconf 80' lang='lat' dir='ltr'><strong>recensitas</strong></span> <span class='ocrx_word' id='word_1_116' title='bbox 998 1915 1080 1983; x_wconf 87' lang='lat' dir='ltr'><strong>den·</strong></span> 
     </span>
     <span class='ocr_line' id='line_1_19' title="bbox 136 2004 1079 2095; baseline 0 -20"><span class='ocrx_word' id='word_1_117' title='bbox 136 2019 191 2075; x_wconf 91' lang='lat' dir='ltr'><strong>tur</strong></span> <span class='ocrx_word' id='word_1_118' title='bbox 218 2006 305 2075; x_wconf 90' lang='grc'><strong>31133</strong></span> <span class='ocrx_word' id='word_1_119' title='bbox 326 2004 494 2094; x_wconf 77' lang='lat' dir='ltr'><strong>legitimae</strong></span> <span class='ocrx_word' id='word_1_120' title='bbox 516 2026 659 2089; x_wconf 86' lang='lat' dir='ltr'><strong>causae,</strong></span> <span class='ocrx_word' id='word_1_121' title='bbox 688 2005 838 2095; x_wconf 87' lang='lat' dir='ltr'><strong>quaestio</strong></span> <span class='ocrx_word' id='word_1_122' title='bbox 860 2020 930 2091; x_wconf 87' lang='lat' dir='ltr'><strong>est,</strong></span> <span class='ocrx_word' id='word_1_123' title='bbox 953 2008 993 2074; x_wconf 87' lang='lat' dir='ltr'><strong>de</strong></span> <span class='ocrx_word' id='word_1_124' title='bbox 1014 2028 1079 2095; x_wconf 90' lang='lat' dir='ltr'><strong>qua</strong></span> 
     </span>
     <span class='ocr_line' id='line_1_20' title="bbox 139 2100 1076 2188; baseline -0.003 -19"><span class='ocrx_word' id='word_1_125' title='bbox 139 2100 276 2170; x_wconf 87' lang='grc'><strong>3333313</strong></span> <span class='ocrx_word' id='word_1_126' title='bbox 294 2113 447 2169; x_wconf 86' lang='grc'><strong>33313133</strong></span> <span class='ocrx_word' id='word_1_127' title='bbox 461 2100 501 2168; x_wconf 91' lang='lat' dir='ltr'><strong>de</strong></span> <span class='ocrx_word' id='word_1_128' title='bbox 523 2120 560 2168; x_wconf 90' lang='grc'><strong>13</strong></span> <span class='ocrx_word' id='word_1_129' title='bbox 576 2100 709 2167; x_wconf 88' lang='grc'><strong>3131311.</strong></span> <span class='ocrx_word' id='word_1_130' title='bbox 729 2101 801 2167; x_wconf 89' lang='lat' dir='ltr'><strong>Non</strong></span> <span class='ocrx_word' id='word_1_131' title='bbox 820 2100 1000 2168; x_wconf 83' lang='grc'><strong>1131331331</strong></span> <span class='ocrx_word' id='word_1_132' title='bbox 1018 2101 1076 2188; x_wconf 89' lang='lat' dir='ltr'><strong>qui</strong></span> 
     </span>
     <span class='ocr_line' id='line_1_21' title="bbox 137 2190 1083 2282; baseline -0.006 -18"><span class='ocrx_word' id='word_1_133' title='bbox 137 2194 326 2282; x_wconf 83' lang='lat' dir='ltr'><strong>generatim</strong></span> <span class='ocrx_word' id='word_1_134' title='bbox 345 2193 505 2264; x_wconf 89' lang='lat' dir='ltr'><strong>docerent</strong></span> <span class='ocrx_word' id='word_1_135' title='bbox 525 2193 646 2261; x_wconf 89' lang='lat' dir='ltr'><strong>iustam</strong></span> <span class='ocrx_word' id='word_1_136' title='bbox 667 2191 739 2260; x_wconf 86' lang='lat' dir='ltr'><strong>dari</strong></span> <span class='ocrx_word' id='word_1_137' title='bbox 768 2190 803 2259; x_wconf 91' lang='lat' dir='ltr'><strong>in</strong></span> <span class='ocrx_word' id='word_1_138' title='bbox 823 2191 1083 2260; x_wconf 89' lang='lat' dir='ltr'><strong>denuntiationi·</strong></span> 
     </span>
     <span class='ocr_line' id='line_1_22' title="bbox 139 2285 1080 2375; baseline -0.001 -19"><span class='ocrx_word' id='word_1_139' title='bbox 139 2290 202 2356; x_wconf 88' lang='lat' dir='ltr'><strong>bus</strong></span> <span class='ocrx_word' id='word_1_140' title='bbox 233 2287 446 2375; x_wconf 89' lang='lat' dir='ltr'><strong>dispensandi</strong></span> <span class='ocrx_word' id='word_1_141' title='bbox 478 2306 638 2369; x_wconf 90' lang='lat' dir='ltr'><strong>causam,</strong></span> <span class='ocrx_word' id='word_1_142' title='bbox 663 2285 796 2375; x_wconf 89' lang='lat' dir='ltr'><strong>quando</strong></span> <span class='ocrx_word' id='word_1_143' title='bbox 816 2296 946 2354; x_wconf 88' lang='lat' dir='ltr'><strong>cessant</strong></span> <span class='ocrx_word' id='word_1_144' title='bbox 970 2286 1080 2355; x_wconf 91' lang='lat' dir='ltr'><strong>omnia</strong></span> 
     </span>
    </p>
   </div>
   <div class='ocr_carea' id='block_1_5' title="bbox 34 2378 1081 2470">
    <p class='ocr_par' dir='ltr' id='par_1_5' title="bbox 34 2378 1081 2470">
     <span class='ocr_line' id='line_1_23' title="bbox 34 2378 1081 2470; baseline 0 -22"><span class='ocrx_word' id='word_1_145' title='bbox 34 2398 37 2403; x_wconf 87' lang='lat'><em>·</em></span> <span class='ocrx_word' id='word_1_146' title='bbox 138 2382 193 2449; x_wconf 91' lang='grc'><strong>1113</strong></span> <span class='ocrx_word' id='word_1_147' title='bbox 214 2380 447 2460; x_wconf 87' lang='lat' dir='ltr'><strong>incommoda,</strong></span> <span class='ocrx_word' id='word_1_148' title='bbox 467 2381 507 2448; x_wconf 90' lang='lat' dir='ltr'><strong>ad</strong></span> <span class='ocrx_word' id='word_1_149' title='bbox 537 2399 624 2470; x_wconf 90' lang='lat' dir='ltr'><strong>quae</strong></span> <span class='ocrx_word' id='word_1_150' title='bbox 649 2379 780 2448; x_wconf 90' lang='lat' dir='ltr'><strong>vitanda</strong></span> <span class='ocrx_word' id='word_1_151' title='bbox 814 2378 1081 2449; x_wconf 87' lang='lat' dir='ltr'><strong>denuntiationes</strong></span> 
     </span>
    </p>
   </div>
   <div class='ocr_carea' id='block_1_6' title="bbox 139 2473 1150 3307">
    <p class='ocr_par' dir='ltr' id='par_1_6' title="bbox 139 2473 1150 3307">
     <span class='ocr_line' id='line_1_24' title="bbox 141 2473 1081 2563; baseline 0 -21"><span class='ocrx_word' id='word_1_152' title='bbox 141 2474 406 2563; x_wconf 86' lang='lat' dir='ltr'><strong>praemittendae</strong></span> <span class='ocrx_word' id='word_1_153' title='bbox 425 2485 521 2556; x_wconf 89' lang='lat' dir='ltr'><strong>sunt,</strong></span> <span class='ocrx_word' id='word_1_154' title='bbox 544 2494 581 2543; x_wconf 92' lang='lat' dir='ltr'><strong>ea</strong></span> <span class='ocrx_word' id='word_1_155' title='bbox 603 2473 798 2563; x_wconf 89' lang='lat' dir='ltr'><strong>praesertim</strong></span> <span class='ocrx_word' id='word_1_156' title='bbox 830 2474 978 2556; x_wconf 85' lang='lat' dir='ltr'><strong>ratione,</strong></span> <span class='ocrx_word' id='word_1_157' title='bbox 1002 2474 1081 2563; x_wconf 88' lang='lat' dir='ltr'><strong>quia</strong></span> 
     </span>
     <span class='ocr_line' id='line_1_25' title="bbox 139 2566 1081 2657; baseline -0.001 -20"><span class='ocrx_word' id='word_1_158' title='bbox 139 2579 288 2637; x_wconf 82' lang='lat' dir='ltr'><strong>cessante</strong></span> <span class='ocrx_word' id='word_1_159' title='bbox 308 2567 375 2635; x_wconf 86' lang='grc'><strong>11113</strong></span> <span class='ocrx_word' id='word_1_160' title='bbox 394 2566 488 2654; x_wconf 84' lang='lat' dir='ltr'><strong>legis,</strong></span> <span class='ocrx_word' id='word_1_161' title='bbox 518 2566 601 2635; x_wconf 89' lang='grc'><strong>13313</strong></span> <span class='ocrx_word' id='word_1_162' title='bbox 623 2567 834 2657; x_wconf 85' lang='lat' dir='ltr'><strong>dispensandi</strong></span> <span class='ocrx_word' id='word_1_163' title='bbox 855 2589 952 2637; x_wconf 89' lang='grc'><strong>33333</strong></span> <span class='ocrx_word' id='word_1_164' title='bbox 974 2568 1081 2637; x_wconf 86' lang='lat' dir='ltr'><strong>exori·</strong></span> 
     </span>
     <span class='ocr_line' id='line_1_26' title="bbox 141 2657 1082 2747; baseline -0.001 -18"><span class='ocrx_word' id='word_1_165' title='bbox 141 2672 195 2729; x_wconf 93' lang='lat' dir='ltr'><strong>tur</strong></span> <span class='ocrx_word' id='word_1_166' title='bbox 220 2681 260 2728; x_wconf 91' lang='lat' dir='ltr'><strong>ac</strong></span> <span class='ocrx_word' id='word_1_167' title='bbox 285 2661 458 2747; x_wconf 87' lang='lat' dir='ltr'><strong>probatur.</strong></span> <span class='ocrx_word' id='word_1_168' title='bbox 493 2657 694 2743; x_wconf 86' lang='lat' dir='ltr'><strong>Caeterum,</strong></span> <span class='ocrx_word' id='word_1_169' title='bbox 717 2661 901 2729; x_wconf 89' lang='lat' dir='ltr'><strong>curandum</strong></span> <span class='ocrx_word' id='word_1_170' title='bbox 941 2672 1014 2742; x_wconf 89' lang='lat' dir='ltr'><strong>est,</strong></span> <span class='ocrx_word' id='word_1_171' title='bbox 1044 2672 1082 2728; x_wconf 90' lang='grc'><strong>31</strong></span> 
     </span>
     <span class='ocr_line' id='line_1_27' title="bbox 141 2754 1082 2844; baseline 0.001 -22"><span class='ocrx_word' id='word_1_172' title='bbox 141 2766 254 2844; x_wconf 88' lang='lat' dir='ltr'><strong>partes</strong></span> <span class='ocrx_word' id='word_1_173' title='bbox 274 2765 453 2841; x_wconf 88' lang='lat' dir='ltr'><strong>antequam</strong></span> <span class='ocrx_word' id='word_1_174' title='bbox 475 2754 727 2822; x_wconf 89' lang='lat' dir='ltr'><strong>matrimonium</strong></span> <span class='ocrx_word' id='word_1_175' title='bbox 754 2755 961 2837; x_wconf 85' lang='lat' dir='ltr'><strong>contrahant,</strong></span> <span class='ocrx_word' id='word_1_176' title='bbox 984 2775 1082 2823; x_wconf 90' lang='lat' dir='ltr'><strong>aecu-</strong></span> 
     </span>
     <span class='ocr_line' id='line_1_28' title="bbox 140 2846 1081 2936; baseline 0.001 -21"><span class='ocrx_word' id='word_1_177' title='bbox 140 2860 212 2916; x_wconf 89' lang='lat' dir='ltr'><strong>rate</strong></span> <span class='ocrx_word' id='word_1_178' title='bbox 228 2846 461 2915; x_wconf 83' lang='lat' dir='ltr'><strong>examinentur</strong></span> <span class='ocrx_word' id='word_1_179' title='bbox 479 2899 488 2930; x_wconf 91' lang='lat'><strong>,</strong></span> <span class='ocrx_word' id='word_1_180' title='bbox 511 2858 545 2915; x_wconf 95' lang='grc'><strong>31</strong></span> <span class='ocrx_word' id='word_1_181' title='bbox 563 2848 603 2916; x_wconf 92' lang='lat' dir='ltr'><strong>ad</strong></span> <span class='ocrx_word' id='word_1_182' title='bbox 619 2847 842 2936; x_wconf 88' lang='lat' dir='ltr'><strong>poenitentiae</strong></span> <span class='ocrx_word' id='word_1_183' title='bbox 863 2847 1009 2916; x_wconf 85' lang='lat' dir='ltr'><strong>tribunal</strong></span> <span class='ocrx_word' id='word_1_184' title='bbox 1028 2868 1081 2916; x_wconf 89' lang='grc'><strong>33-</strong></span> 
     </span>
     <span class='ocr_line' id='line_1_29' title="bbox 141 2939 1082 3027; baseline 0.002 -20"><span class='ocrx_word' id='word_1_185' title='bbox 141 2941 272 3010; x_wconf 89' lang='lat' dir='ltr'><strong>cedent.</strong></span> <span class='ocrx_word' id='word_1_186' title='bbox 308 2939 341 3007; x_wconf 91' lang='lat' dir='ltr'><strong>Si</strong></span> <span class='ocrx_word' id='word_1_187' title='bbox 362 2951 530 3027; x_wconf 88' lang='lat' dir='ltr'><strong>utraque,</strong></span> <span class='ocrx_word' id='word_1_188' title='bbox 551 2941 606 3008; x_wconf 72' lang='grc'><strong>’131</strong></span> <span class='ocrx_word' id='word_1_189' title='bbox 626 2942 786 3009; x_wconf 87' lang='lat' dir='ltr'><strong>alterutra</strong></span> <span class='ocrx_word' id='word_1_190' title='bbox 813 2953 961 3021; x_wconf 87' lang='grc'><strong>1333331,</strong></span> <span class='ocrx_word' id='word_1_191' title='bbox 981 2940 1082 3009; x_wconf 85' lang='lat' dir='ltr'><strong>Paro·</strong></span> 
     </span>
     <span class='ocr_line' id='line_1_30' title="bbox 141 3033 1081 3123; baseline 0.002 -24"><span class='ocrx_word' id='word_1_192' title='bbox 141 3033 223 3102; x_wconf 90' lang='grc'><strong>31133</strong></span> <span class='ocrx_word' id='word_1_193' title='bbox 244 3054 283 3103; x_wconf 85' lang='grc'><strong>33</strong></span> <span class='ocrx_word' id='word_1_194' title='bbox 305 3045 454 3122; x_wconf 82' lang='lat' dir='ltr'><strong>peraget,</strong></span> <span class='ocrx_word' id='word_1_195' title='bbox 477 3054 562 3122; x_wconf 91' lang='lat' dir='ltr'><strong>quae</strong></span> <span class='ocrx_word' id='word_1_196' title='bbox 583 3055 684 3123; x_wconf 90' lang='lat' dir='ltr'><strong>penes</strong></span> <span class='ocrx_word' id='word_1_197' title='bbox 705 3046 858 3103; x_wconf 87' lang='lat' dir='ltr'><strong>auctores</strong></span> <span class='ocrx_word' id='word_1_198' title='bbox 877 3035 926 3102; x_wconf 90' lang='lat' dir='ltr'><strong>rei</strong></span> <span class='ocrx_word' id='word_1_199' title='bbox 946 3034 1081 3103; x_wconf 86' lang='lat' dir='ltr'><strong>moralis</strong></span> 
     </span>
     <span class='ocr_line' id='line_1_31' title="bbox 142 3126 1082 3216; baseline 0.001 -24"><span class='ocrx_word' id='word_1_200' title='bbox 142 3126 334 3209; x_wconf 89' lang='lat' dir='ltr'><strong>hahentur,</strong></span> <span class='ocrx_word' id='word_1_201' title='bbox 357 3126 538 3216; x_wconf 87' lang='lat' dir='ltr'><strong>Episcopus</strong></span> <span class='ocrx_word' id='word_1_202' title='bbox 564 3149 641 3196; x_wconf 90' lang='lat' dir='ltr'><strong>vero</strong></span> <span class='ocrx_word' id='word_1_203' title='bbox 663 3148 701 3196; x_wconf 91' lang='lat' dir='ltr'><strong>ea</strong></span> <span class='ocrx_word' id='word_1_204' title='bbox 721 3139 867 3209; x_wconf 88' lang='lat' dir='ltr'><strong>statuet,</strong></span> <span class='ocrx_word' id='word_1_205' title='bbox 890 3147 977 3216; x_wconf 88' lang='lat' dir='ltr'><strong>quae</strong></span> <span class='ocrx_word' id='word_1_206' title='bbox 996 3128 1050 3194; x_wconf 88' lang='lat' dir='ltr'><strong>ref</strong></span> <span class='ocrx_word' id='word_1_207' title='bbox 1068 3164 1082 3176; x_wconf 94' lang='lat'><strong>·</strong></span> 
     </span>
     <span class='ocr_line' id='line_1_32' title="bbox 143 3216 1150 3307; baseline -0.001 -22"><span class='ocrx_word' id='word_1_208' title='bbox 143 3231 265 3288; x_wconf 93' lang='lat' dir='ltr'><strong>runtur</strong></span> <span class='ocrx_word' id='word_1_209' title='bbox 279 3220 312 3287; x_wconf 91' lang='lat' dir='ltr'><strong>in</strong></span> <span class='ocrx_word' id='word_1_210' title='bbox 329 3219 476 3288; x_wconf 86' lang='lat' dir='ltr'><strong>thesaur.</strong></span> <span class='ocrx_word' id='word_1_211' title='bbox 493 3221 592 3291; x_wconf 87' lang='grc'><strong>13331.</strong></span> <span class='ocrx_word' id='word_1_212' title='bbox 612 3220 645 3288; x_wconf 91' lang='lat' dir='ltr'><strong>S.</strong></span> <span class='ocrx_word' id='word_1_213' title='bbox 662 3219 698 3288; x_wconf 82' lang='lat' dir='ltr'><strong>G.</strong></span> <span class='ocrx_word' id='word_1_214' title='bbox 716 3219 753 3289; x_wconf 88' lang='lat' dir='ltr'><strong>C.</strong></span> <span class='ocrx_word' id='word_1_215' title='bbox 771 3220 918 3307; x_wconf 76' lang='lat' dir='ltr'><strong>Mogunt</strong></span> <span class='ocrx_word' id='word_1_216' title='bbox 934 3216 978 3286; x_wconf 73' lang='grc'><strong>18</strong></span> <span class='ocrx_word' id='word_1_217' title='bbox 994 3220 1080 3306; x_wconf 78' lang='lat' dir='ltr'><strong>Aug.</strong></span> <span class='ocrx_word' id='word_1_218' title='bbox 1148 3227 1150 3231; x_wconf 82' lang='grc'><strong>“</strong></span> 
     </span>
    </p>
   </div>
   <div class='ocr_carea' id='block_1_7' title="bbox 143 3310 1078 3473">
    <p class='ocr_par' dir='ltr' id='par_1_7' title="bbox 143 3310 1078 3473">
     <span class='ocr_line' id='line_1_33' title="bbox 143 3310 1078 3473; baseline 0 -93"><span class='ocrx_word' id='word_1_219' title='bbox 143 3310 248 3473; x_wconf 41' lang='grc'><strong>1321,</strong></span> <span class='ocrx_word' id='word_1_220' title='bbox 272 3323 307 3381; x_wconf 88' lang='grc'><strong>31</strong></span> <span class='ocrx_word' id='word_1_221' title='bbox 326 3312 360 3380; x_wconf 92' lang='lat' dir='ltr'><strong>in</strong></span> <span class='ocrx_word' id='word_1_222' title='bbox 381 3334 437 3401; x_wconf 88' lang='lat' dir='ltr'><strong>op.</strong></span> <span class='ocrx_word' id='word_1_223' title='bbox 458 3314 604 3381; x_wconf 79' lang='grc'><strong>11131331.</strong></span> <span class='ocrx_word' id='word_1_224' title='bbox 635 3312 723 3380; x_wconf 89' lang='grc'><strong>13113</strong></span> <span class='ocrx_word' id='word_1_225' title='bbox 742 3313 840 3382; x_wconf 89' lang='lat' dir='ltr'><strong>Pont.</strong></span> <span class='ocrx_word' id='word_1_226' title='bbox 862 3333 929 3381; x_wconf 88' lang='lat' dir='ltr'><strong>ser.</strong></span> <span class='ocrx_word' id='word_1_227' title='bbox 949 3311 981 3396; x_wconf 94' lang='grc'><strong>1,</strong></span> <span class='ocrx_word' id='word_1_228' title='bbox 1004 3313 1078 3381; x_wconf 90' lang='grc'><strong>3311.</strong></span> 
     </span>
    </p>
   </div>
   <div class='ocr_carea' id='block_1_8' title="bbox 190 3497 1082 3590">
    <p class='ocr_par' dir='ltr' id='par_1_8' title="bbox 190 3497 1082 3590">
     <span class='ocr_line' id='line_1_34' title="bbox 190 3497 1082 3590; baseline -0.002 -24"><span class='ocrx_word' id='word_1_229' title='bbox 190 3497 251 3567; x_wconf 91' lang='lat' dir='ltr'><strong>Ubi</strong></span> <span class='ocrx_word' id='word_1_230' title='bbox 273 3497 540 3581; x_wconf 89' lang='lat' dir='ltr'><strong>matrimonium,</strong></span> <span class='ocrx_word' id='word_1_231' title='bbox 564 3499 665 3569; x_wconf 89' lang='lat' dir='ltr'><strong>nullis</strong></span> <span class='ocrx_word' id='word_1_232' title='bbox 685 3498 824 3589; x_wconf 89' lang='lat' dir='ltr'><strong>praeviis</strong></span> <span class='ocrx_word' id='word_1_233' title='bbox 847 3498 1082 3590; x_wconf 89' lang='lat' dir='ltr'><strong>proclamatio·</strong></span> 
     </span>
    </p>
   </div>
   <div class='ocr_carea' id='block_1_9' title="bbox 0 0 1348 4175">
    <p class='ocr_par' dir='ltr' id='par_1_9' title="bbox 0 0 1348 4175">
     <span class='ocr_line' id='line_1_35' title="bbox 0 0 1348 4175; baseline 0 0"><span class='ocrx_word' id='word_1_234' title='bbox 0 0 1348 4175; x_wconf 95' lang='lat' dir='ltr'><strong> </strong></span> 
     </span>
    </p>
   </div>
  </div>
 </body>
</html>
