2642 4175
419 547 745 650 truncum
779 558 857 651 111

178 772 240 833 DE
264 770 538 834 SAORAMENTIS
561 773 603 833 IN
627 774 791 835 GENERE
814 777 865 836 ET
887 778 930 838 IN
952 778 1088 839 SPECIE
1163 814 1166 821 ·

207 1386 257 1456 De
281 1385 502 1467 sacramentis
529 1387 626 1455 verba
646 1387 778 1470 facturi,
814 1387 962 1476 ipsorum
989 1408 1102 1456 essen·

156 1481 257 1564 tiam,
283 1480 456 1548 materiam
477 1491 509 1549 et
525 1479 679 1564 sormam,
701 1494 772 1550 tum
794 1493 963 1551 auctorem
979 1531 989 1562 ,
1008 1481 1104 1549 mini·

155 1586 285 1654 strum,
305 1586 404 1663 atque
422 1572 621 1657 subiectum,
643 1596 681 1643 ac
699 1574 844 1664 denique
870 1596 1050 1644 numerum
1070 1584 1104 1644 at

160 1668 304 1738 effectus
333 1666 477 1736 breviter
507 1689 733 1758 exponemus3
757 1669 1049 1759 inquisitionibus,
1073 1679 1107 1737 et

162 1761 433 1852 quaestionibus,
453 1781 538 1850 qnae
563 1764 602 1829 ad
624 1762 810 1850 'theologos
830 1767 999 1851 pertinent
1016 1761 1108 1851 peni·

161 1867 218 1925 tus
237 1853 497 1946 praetermissis.
520 1854 668 1924 lamveru
689 1855 965 1938 Sacramentum,
989 1869 1026 1923 ut
1045 1855 1107 1924 sub

162 1949 305 2018 numine
325 1946 500 2036 Augustini
531 1947 649 2015 definit
679 1947 854 2017 Gratianus
884 1969 956 2017 can.
993 1946 1038 2021 32
1065 1949 1106 2017 de
1200 1978 1204 1987 ⁴

155 2042 325 2113 consecr.
354 2041 432 2111 dist.
454 2039 488 2124 b,
519 2052 569 2110 est
590 2041 796 2111 «invisibilis
816 2041 943 2130 gratiae
967 2041 1107 2111 visibitis
1215 2117 1219 2128 ,

159 2138 288 2219 turma,
309 2160 325 2201 r
346 2138 395 2205 vel
413 2147 450 2204 ut
466 2135 688 2203 communiter
704 2136 872 2218 definitur,
895 2160 910 2202 t
927 2146 977 2203 est
1000 2135 1107 2204 invisi-

161 2230 244 2299 bilis
266 2229 392 2318 gratiae
412 2228 539 2297 visibile
559 2230 690 2316 signnm
711 2231 750 2298 ad
771 2241 918 2298 nostram
948 2229 1105 2299 iustifica-

160 2324 296 2393 tinnem
316 2322 474 2393 divinitus
491 2322 716 2392 institutum.»
734 2322 850 2412 ltaque
864 2322 925 2391 tria
940 2323 980 2390 ad
996 2321 1108 2391 Sacra·

165 2417 275 2487 menti
295 2429 450 2486 naturam
467 2415 602 2507 proprie
617 2417 796 2505 pertinent,
815 2426 853 2485 ut
869 2437 989 2506 nempe
1006 2437 1024 2484 a
1041 2416 1106 2485 Deo

163 2510 361 2580 institutum
381 2510 446 2594 sit,
481 2521 517 2578 nt
536 2507 654 2579 visibili
675 2510 771 2598 signo
791 2531 851 2580 seu
882 2531 920 2579 re
950 2509 1102 2579 sensibus

163 2604 319 2673 subiecta
344 2604 560 2695 perficiatur,
589 2615 627 2672 ut
650 2605 792 2693 gratiam
814 2604 918 2693 ipsam
939 2604 1109 2672 contineat

49 2711 53 2716 ’
165 2719 271 2788 quam
290 2698 466 2786 significat,
485 2717 626 2786 eamque
647 2699 802 2768 omnibus
819 2719 886 2767 nun
906 2698 1107 2786 ponentibus

164 2792 300 2860 nbicem
321 2812 360 2859 ex
380 2812 480 2880 opere
509 2803 646 2880 operato
675 2813 807 2881 semper
832 2790 1002 2871 conserat,
1025 2791 1105 2858 dum

167 2884 254 2953 illud
277 2884 473 2973 suscipiunt.
490 2884 530 2953 Et
547 2884 697 2953 sensibili
716 2885 852 2974 quidem
871 2882 997 2971 gratiae
1011 2882 1106 2971 siguo

171 2977 316 3046 efficitur
345 2976 595 3048 Sacramentum
624 2978 667 3046 ob
694 2978 867 3047 materiam
889 2989 922 3046 et
940 2976 1104 3060 formam,

166 3071 295 3160 quibus
321 3072 422 3141 veluti
455 3071 605 3161 partibus
625 3070 799 3155 coalescit,
835 3070 974 3141 scilicet·
992 3069 1105 3139 omnia

172 3162 383 3235 Sacramenta
404 3176 556 3235 constant
591 3166 729 3236 materia
761 3176 795 3234 et
827 3166 945 3235 forma.
968 3162 1107 3233 Materia

170 3271 223 3327 est
240 3258 310 3347 ipsa
329 3259 496 3330 sensibilis
515 3280 586 3342 res,
610 3281 675 3349 qua
698 3259 946 3329 Sacramentum
970 3256 1106 3325 confici·

167 3362 238 3435 tur,
263 3352 309 3422 uti
327 3374 412 3444 aqua
432 3353 467 3422 in
492 3352 668 3444 baptismo,
689 3354 796 3441 formu
815 3363 924 3422 autem
941 3361 1019 3420 sunt
1034 3372 1106 3419 ver·

169 3444 211 3513 ba
233 3467 250 3513 a
273 3447 425 3516 'ministro
444 3447 598 3535 prolata,
637 3447 717 3515 dum
750 3446 883 3516 conficit
908 3444 1103 3515 Sacramen-

170 3550 254 3623 tum,
278 3539 326 3609 uti
343 3541 415 3629 Epo
434 3549 462 3608 te
482 3540 634 3629 baptizo,
656 3560 742 3630 quae
762 3540 897 3631 quidem
918 3538 1015 3609 verba
1034 3559 1105 3607 ma·
1146 3617 1149 3626 ⁵
