2642 4175
388 378 431 421 nn
447 377 682 422 menumnums
699 378 897 424 unrnmouu
992 366 1057 424 363

171 485 244 543 rato
262 487 375 544 ortum
394 472 537 543 habeat:
559 495 704 564 namque
735 474 770 543 iu
790 474 897 562 primo
929 496 1007 545 casu
1028 498 1105 566 gra·

173 566 253 636 dum
274 566 437 656 explicare
454 585 520 635 non
547 579 701 655 oportet,
723 588 827 656 quum
845 568 976 657 publica
1002 569 1107 639 hone·
1131 563 1151 606 ·’

174 671 240 728 stas
267 661 413 748 primurn
444 660 583 747 gradum
614 680 682 730 uon
713 660 871 745 excedat3
897 672 930 729 at
948 662 982 730 in
1002 663 1107 732 altero

175 772 251 821 casu
273 753 396 839 gradus
408 752 511 841 probe
530 753 699 842 explanari
715 753 984 842 debet-itemque
1003 754 1104 836 linea;

175 865 243 935 quo
260 845 349 913 enim
366 845 488 933 gradus
505 845 724 936 propinquior
741 857 801 928 est,
823 866 862 915 eo
882 847 1048 916 difficilior
1062 848 1110 916 di·

175 943 355 1028 spensatio.

598 1158 688 1249 too.
910 1163 913 1172 ¹

391 1316 437 1372 uo
452 1270 645 1374 neumam
661 1316 898 1374 rumulone.

222 1491 313 1560 llaec
332 1502 442 1560 autem
473 1492 583 1564 omnia
616 1493 795 1582 praecipue
826 1504 976 1582 spectant
994 1491 1110 1561 matri·

178 1584 329 1653 monium
348 1586 624 1654 contrahendum.
645 1590 765 1655 Verum
780 1607 846 1654 uon
857 1607 932 1654 raro
940 1585 1117 1674 contingit,

176 1689 213 1746 ut
227 1689 303 1766 post
315 1688 519 1747 contractum
539 1679 961 1766 matrimoniumdirimens
976 1679 1110 1768 aliquod

176 1769 452 1859 impedimentum
468 1770 654 1859 detegatur.
672 1771 775 1841 Porro
790 1772 818 1840 si
837 1771 1110 1861 impedimentum

177 1863 250 1931 eius
266 1861 399 1951 generis
412 1862 467 1945 sit,
484 1873 519 1930 ut
533 1865 624 1931 nulla
638 1863 840 1952 dispensatio
853 1864 923 1934 dari
942 1876 1043 1953 queat
1056 1877 1113 1931 aut
1225 1877 1228 1882 ’

175 1957 293 2037 soleat,
321 1955 467 2024 medium
483 1957 572 2045 quod
592 1955 760 2024 ordinarie
787 1967 916 2042 praesto
938 1968 998 2038 est,
1019 1955 1052 2029 iu
1074 1976 1113 2023 eo

177 2046 339 2127 consistit,
359 2059 396 2118 ut
412 2047 615 2118 matrimonii
636 2048 772 2117 nullitas
792 2046 997 2130 declaratum
1015 2046 1114 2115 coha-

177 2140 295 2210 bitatio
315 2140 415 2220 enim,
431 2153 589 2230 tanquam
608 2141 712 2210 frater
730 2150 763 2209 et
779 2159 875 2208 soror
893 2151 965 2208 tum
980 2150 1109 2208 tantum

176 2234 383 2323 permittitur
411 2255 450 2302 ac
476 2233 669 2315 inducitur,
701 2252 805 2322 quum
840 2252 913 2300 eam
944 2232 1114 2300 moraliter

177 2338 269 2396 ‘certo
290 2338 453 2395 servatum
480 2326 521 2393 iri
540 2337 708 2395 noscatur.
729 2323 762 2393 Si
783 2345 802 2394 e
830 2335 943 2392 contra
974 2324 1113 2412 impedi·

93 2497 97 2499 a
177 2431 328 2489 mentum
345 2419 388 2488 sit
406 2418 609 2501 huiusmodi,
629 2430 667 2488 ut
683 2416 866 2508 dispensari
882 2418 923 2485 ab
940 2438 980 2486 eo
996 2417 1110 2506 possit,

177 2512 228 2581 rei
249 2514 497 2601 componendae
529 2512 674 2601 triplex,
705 2513 885 2582 secuudum
917 2511 1023 2580 uarias
1048 2511 1112 2579 cir-

178 2605 417 2687 cumstantias,
441 2603 587 2673 medium
608 2605 759 2674 adhiberi
780 2606 886 2688 solet,
911 2625 1031 2693 nempe
1055 2615 1112 2672 aut

165 2697 382 2768 *matrimonii
402 2697 536 2766 nullitas
555 2699 753 2781 declaratur,
783 2710 841 2768 aut
861 2696 1109 2768 matrimonium

179 2811 242 2879 ope
259 2790 514 2878 dispensationis
530 2791 742 2873 reralidatur,
762 2803 820 2859 aut
840 2804 949 2878 partes
968 2791 1002 2857 in
1023 2790 1108 2857 bonu

179 2883 246 2952 tide
261 2882 510 2973 relinquuntur.
530 2882 638 2951 Priori
656 2883 765 2950 medio
778 2883 870 2950 loeus
883 2882 991 2962 datur,
1007 2902 1111 2969 quum

180 2987 291 3064 partes
319 2976 479 3064 pacifice,
506 2986 618 3043 sancte
644 2974 855 3063 fideliterque
880 2994 946 3041 non
974 2972 1109 3055 vivunt,

180 3069 281 3138 itaut
299 3069 410 3137 tristes
432 3069 623 3158 nuptiarum
645 3066 751 3136 exitus
772 3066 1034 3154 praevideantur.
1055 3064 1112 3133 Se·

181 3162 327 3231 cundum
347 3161 492 3230 medium
512 3160 606 3230 enixe
629 3159 813 3227 curandum
831 3170 863 3226 et
882 3178 948 3226 non
968 3178 1045 3225 raro
1064 3168 1111 3224 et·

180 3254 247 3322 iam
276 3255 513 3344 imponendum
536 3266 598 3322 est.
619 3251 767 3321 Tertium
788 3250 955 3320 interdum
981 3248 1113 3318 adhihe-

179 3358 253 3431 tur,
275 3347 343 3416 sive
363 3368 466 3437 quum
485 3346 624 3415 monitio
643 3366 711 3413 nou
727 3345 835 3413 solum
852 3342 898 3410 nil
918 3343 1109 3431 profutura,

179 3461 294 3510 verum
314 3440 413 3509 etiam
429 3440 574 3527 ingentia
587 3438 795 3508 incommoda
812 3437 952 3507 allatura
969 3447 1029 3520 est,
1045 3433 1112 3503 sive

182 3534 314 3621 quaudo
334 3533 445 3621 agitur
464 3533 504 3602 de
525 3531 778 3621 impedimento,
801 3551 818 3599 a
840 3551 906 3621 quo
926 3524 1111 3618 dispensari
