2642 4175
494 374 659 421 aeream
678 376 700 421 1.
952 366 1018 424 441

131 469 379 562 pmnmietnr.
402 471 440 541 ln
458 473 603 542 aeeunda
624 475 786 544 sententia
802 494 820 544 e
838 477 1070 557 autumnalia

131 566 230 654 piene
249 563 451 634 haeredibus
472 565 586 635 iiaevii
618 565 758 637 iuridiea
779 564 864 638 aetio
893 568 1069 661 spectabit.

131 658 288 728 dioatrum
304 674 371 726 noa
392 670 454 740 eat,
474 659 517 729 de
536 658 599 728 hae
614 662 823 749 quaestione,
843 678 904 750 pro
924 664 973 732 rei
994 683 1070 752 gra·

132 751 231 820 ritate
246 750 426 821 disserere.
441 751 625 822 iiiaorimen
639 754 729 824 inter
741 766 920 844 utramque
938 765 1070 826 senten·

132 844 233 927 tiam,
257 845 367 934 quoad
389 847 554 934 eaqneiae,
578 866 665 936 quae
688 847 805 917 exinde
824 850 991 932 eduntur,
1010 866 1071 917 no·

131 948 219 1007 tatae
236 936 389 1007 suffiei'at.
410 937 457 1008 De
476 958 592 1008 errore
612 939 752 1010 inieritis
769 956 879 1010 sermo
896 941 1069 1029 speciatim

132 1030 280 1114 redibit,
303 1031 361 1099 ubi
391 1032 552 1102 nonnuiia
574 1051 760 1122 erponem,
781 1054 819 1103 er
839 1033 962 1123 quibus
982 1033 1071 1101 iirciii

132 1142 213 1193 eane
231 1123 358 1192 indicio
375 1124 539 1194 deduoere
558 1125 702 1217 quisque
719 1127 865 1215 peterit,
888 1125 941 1194 cui
962 1125 1072 1215 potius

131 1216 318 1287 eontentiae
334 1216 583 1287 adhaerendum
603 1218 660 1289 eit.

80 1392 82 1395 ,
178 1309 385 1379 eonsensum
410 1311 547 1379 omnino
569 1310 725 1400 requiri,
759 1325 796 1382 nt
816 1310 1070 1380 matrimonium

133 1402 227 1472 airiio
257 1404 362 1492 poeait
387 1404 553 1487 existere,
575 1405 749 1494 hueusque
768 1404 925 1473 vidimus.
949 1404 1071 1473 Verum

133 1495 274 1585 simplex
291 1516 471 1565 oonaensua
501 1516 568 1565 non
595 1498 733 1567 auiiieit.
753 1498 950 1588 Requiritur
973 1517 1069 1585 prae·

132 1601 247 1671 terea,
269 1602 308 1660 ut
337 1588 584 1658 matrimonium
605 1610 718 1661 eoram
741 1592 937 1661 administro
957 1590 1073 1661 Statue

21 1768 22 1771 Ἴ
136 1676 255 1751 Canidi}
268 1682 469 1752 celebretur.
489 1680 680 1754 Praesentia
701 1685 844 1756 ministri
859 1686 943 1754 adeo
961 1704 1074 1753 neees-

133 1775 219 1845 aarie
241 1787 308 1859 eat,
331 1787 386 1859 nt,
405 1775 433 1844 ei
453 1775 524 1865 ipae
543 1776 640 1860 absit,
662 1776 911 1847 matrimonium
933 1776 1075 1846 civiliter

132 1869 225 1939 auiio
240 1869 342 1937 modo
356 1868 527 1938 oonaiatat.
542 1869 658 1960 itaque
674 1889 741 1939 non
759 1871 871 1958 agitur
885 1869 941 1938 hie
957 1871 999 1939 de
1014 1870 1075 1937 mi·

135 1963 230 2030 nietri
264 1960 518 2040 iurisdictione,
537 1980 600 2031 nee
625 1963 669 2032 de
702 1961 834 2052 publiea
868 1962 1073 2030 matrimonii

134 2055 265 2140 notitia3
285 2076 348 2126 neo
367 2057 408 2126 da
426 2054 579 2125 formiae
600 2055 674 2125 iure
689 2054 915 2145 praescriptis,
935 2054 976 2123 de
996 2054 1073 2143 qui-

135 2148 197 2218 bus
214 2149 372 2218 omnibus
390 2148 531 2219 inieriua
550 2146 615 2218 erit
635 2149 767 2218 dicendi
787 2149 894 2228 iocum
916 2148 974 2216 aed
998 2153 1071 2216 ae'r·

136 2262 190 2311 mo
207 2242 417 2312 aoiummodo
443 2241 632 2312 instituitur
651 2242 693 2311 de
713 2241 906 2310 omnimoda
928 2238 1073 2309 ministri

135 2335 432 2425 ementiumque
453 2335 728 2423 impedimentum
747 2335 892 2403 aiteram
914 2331 1074 2402 radicitus

135 2448 174 2497 ae
190 2428 308 2498 etrieto
327 2449 426 2499 aenan
446 2429 606 2498 dirimeea
627 2427 788 2516 exsurgit.
801 2426 880 2495 Vide
897 2426 939 2496 de
960 2426 1022 2494 heo
1035 2445 1072 2495 re

136 2518 285 2590 Mercede
304 2533 330 2591 t.
349 2544 383 2610 p.
405 2518 498 2604 574,
521 2519 661 2590 Portaiie
693 2521 781 2591 Cede
800 2531 834 2590 et
850 2519 958 2589 diotiis
976 2529 1001 2588 t.
1023 2516 1072 2603 2,

138 2637 171 2704 p.
189 2613 270 2698 255,
298 2625 332 2684 et
350 2615 465 2683 iieriin
487 2610 681 2705 Repertoire
700 2615 793 2684 retii.
811 2609 955 2702 iiariage
975 2607 1040 2705 (i).

196 2711 238 2778 at
261 2709 415 2798 quianam
436 2707 471 2777 in
492 2709 566 2777 iure
592 2708 752 2778 dicendus
772 2720 822 2778 est
840 2708 988 2778 iiinister
1009 2704 1079 2776 Ste-

169 2945 210 3016 (ii
225 2945 333 2998 Portaiia
347 2960 477 3013 exponent
489 2941 554 3011 legia
566 2941 663 2995 motiva
674 2939 761 2993 eoram
773 2948 849 2993 coetu
861 2940 1005 3010 laginiativo
1015 2942 1078 2993 haee

136 3026 294 3095 proferebat:
316 3049 328 3073 ι
340 3025 363 3077 ii
376 3024 421 3093 tr'y
439 3043 453 3077 a
473 3040 517 3094 paa
535 3024 660 3091 mariage,
679 3021 744 3073 maia
761 3037 905 3073 commerce
923 3019 1015 3072 iiiieite
1033 3035 1079 3073 tu·

137 3114 177 3156 tre
195 3099 264 3156 deux
282 3117 423 3173 pertenues
439 3105 485 3172 qui
505 3100 579 3154 n’ont
596 3099 670 3168 paint
687 3096 769 3151 iortne
786 3097 845 3149 ieur
862 3106 1033 3167 engagement
1046 3114 1078 3151 en

137 3177 261 3249 patenae
279 3180 312 3233 de
329 3179 454 3233 infitier
480 3179 543 3232 eirii
563 3180 735 3246 competent,
757 3175 855 3229 tdtaoit
877 3173 1021 3227 momine
1042 3172 1079 3227 dn

137 3268 250 3312 enatam.
267 3258 340 3311 nana
356 3266 432 3312 notre
448 3257 593 3324 idgiaiation
610 3254 734 3317 dermite,
751 3253 777 3305 ie
794 3251 884 3307 tetam
900 3250 933 3306 ie
955 3252 1080 3319 pretam

136 3334 170 3387 tie
187 3334 304 3392 i'effieier
318 3335 383 3388 uitii
401 3333 550 3403 competent
565 3350 580 3387 a
598 3332 635 3388 iet
653 3334 749 3386 memet
766 3329 840 3382 edeta
856 3327 978 3399 qu'areit
993 3335 1081 3380 netre-

138 3412 192 3466 ioia'
204 3414 229 3464 ie
247 3411 337 3466 de'iaut
354 3403 387 3464 de
405 3407 528 3481 presente
555 3409 590 3462 du
609 3425 706 3479 propre
729 3411 802 3460 anre.
828 3403 864 3457 Le
881 3406 995 3473 mariage
1018 3405 1081 3458 tuit

138 3488 309 3542 radieaiment
325 3490 390 3555 nui,
414 3491 432 3541 ii
450 3487 570 3542 n'oiirait
585 3489 628 3557 qu'
641 3497 678 3539 nar·
705 3492 816 3539 attentat
839 3501 889 3537 aux
906 3481 988 3535 droita
1005 3479 1037 3534 de
1055 3482 1080 3534 ie

137 3566 243 3630 mind,
260 3573 287 3618 at
303 3577 356 3619 naa
374 3563 512 3618 inimetioa
528 3563 664 3617 manime
679 3561 727 3615 dea
744 3563 792 3615 ioia
808 3559 843 3613 de
857 3560 938 3613 i'itat.
955 3571 966 3607 e
