2642 4175
174 421 178 430 ,
278 353 344 415 2⁷4
614 358 718 428 corun
730 358 776 402 111.

233 462 456 545 revalidanda,
480 460 524 529 ita
545 471 654 528 tamen
675 470 723 541 ut,
743 456 768 525 si
787 457 895 526 obstet
914 454 1048 545 aliquod
1066 453 1170 544 impe·

233 562 416 631 dimentum
442 554 524 623 iuris
545 551 778 635 ecclesiastici,
799 549 1009 638 dispensetur
1030 548 1071 617 ab
1090 549 1170 637 Epi·

232 674 351 743 scopo,
375 648 506 740 quoties
539 644 750 736 dispensandi
782 645 936 712 lacullate
977 642 1100 731 polleat
1130 663 1169 710 ex

199 825 206 835 .
233 744 444 817 concessione
459 740 551 810 Sedis
570 738 790 830 Apostolisae,
813 738 970 826 adquam
991 756 1170 805 recurren-

233 843 311 910 dum
333 837 409 920 erit,
433 835 459 905 si
481 836 521 903 de
544 831 789 923 impedimentis
817 843 959 919 agatur,
979 830 1012 897 in
1048 829 1171 919 quilius

232 933 423 1004 facultatem
442 949 509 997 nun
529 927 649 996 lrabeat
669 948 707 995 ex
728 926 876 994 eiusdem
899 921 992 993 Sedis
1009 922 1172 1012 Apostoli·

233 1050 290 1097 cae
309 1022 530 1113 delegatione.
551 1045 565 1088 r
590 1019 670 1088 Vide
702 1019 802 1090 etiam
835 1018 960 1087 declar.
981 1016 1168 1086 Cardinalis

232 1122 374 1210 Caprara
393 1115 446 1186 dic
465 1113 510 1183 16
530 1113 602 1183 Maii
627 1110 731 1181 1803.

527 1408 533 1414 ’
656 1418 673 1506 ᾗ
690 1415 747 1486 61.

326 1579 371 1635 lta
390 1571 597 1633 clandestinis
615 1571 844 1628 haereticorum
863 1568 1082 1627 nutrimentis.

282 1754 431 1821 Praestat
444 1750 498 1819 hic
513 1751 553 1818 de
573 1750 786 1820 clandestinis
801 1749 1045 1817 haereticorum
1064 1748 1179 1818 matri-

235 1846 356 1916 moniis
386 1844 546 1913 uonnulla
580 1844 753 1934 speciatim
785 1844 963 1912 disserere.
996 1843 1176 1931 deprimo

236 1940 371 2031 quidam
390 1939 456 2007 duo
476 1950 647 2027 tamquam
670 1936 828 2027 explorati
849 1934 1003 2026 principii
1021 1936 1095 2004 loco
1113 1953 1178 2005 no-

124 2100 126 2103 ,
236 2034 333 2104 tanda
355 2040 458 2116 sunt,
478 2053 618 2122 quorum
647 2031 790 2101 alterurn
812 2042 886 2099 est:
908 2028 941 2099 Si
963 2028 1176 2099 matrimonia

235 2129 324 2197 inter
340 2128 424 2195 duos
443 2126 629 2195 haereticus
660 2125 732 2194 sine
751 2123 892 2193 Perochi
912 2123 1100 2214 praesentia
1120 2146 1178 2193 va·

166 2288 173 2297 ,
236 2221 301 2289 lida
324 2220 532 2298 iudicantur,
554 2219 659 2287 valida
691 2218 790 2288 etiam
821 2216 886 2287 diui
918 2217 1178 2286 debentmatri-

241 2312 379 2395 monia,
404 2334 489 2403 quac
510 2313 597 2380 inter
617 2313 700 2380 duas
719 2322 855 2400 partes,
877 2311 1014 2380 alteram
1036 2309 1178 2379 catholi-

236 2427 307 2476 cam
328 2418 361 2475 et
373 2407 511 2476 alteram
526 2405 727 2474 haereticam
743 2406 858 2474 eodem
870 2403 1179 2473 modocoutrahun·

238 2511 308 2568 tur.
330 2523 345 2564 r
365 2498 528 2580 Quoniam
551 2519 627 2566 cum
646 2497 828 2586 coniugum
845 2500 940 2580 alter,
962 2497 1009 2566 ait
1024 2496 1178 2566 nen.er

237 2594 278 2662 de
299 2593 379 2681 Syn.
400 2593 424 2659 l.
449 2589 482 2675 6,
505 2612 534 2658 c.
559 2589 604 2673 6,
630 2612 668 2659 n.
691 2590 758 2674 16,
781 2604 852 2659 tum
880 2591 1010 2661 ratione
1029 2590 1116 2672 luci,
1140 2591 1176 2659 iri

238 2707 304 2776 quo
325 2684 464 2762 habitat,
484 2696 553 2753 tum
576 2684 706 2754 ratione
723 2684 915 2768 societatis,
937 2684 970 2753 in
991 2706 1056 2775 qua
1074 2683 1174 2766 vivit,

239 2789 410 2868 exemptus
429 2778 472 2846 sit
492 2799 509 2846 a
532 2778 623 2846 Trid.
656 2776 778 2868 Synodi
799 2777 884 2867 lege,
914 2778 1090 2869 exemptio,
1110 2800 1178 2867 qua

237 2871 309 2960 ipse
340 2871 490 2952 fruitur,
510 2871 606 2939 alteri
636 2872 722 2960 parti
755 2872 996 2941 communicata
1026 2883 1179 2940 remanet

237 2976 375 3055 propter
396 2964 659 3033 individuitatem
680 2975 880 3049 contractus,
901 2966 931 3032 vi
951 2965 1046 3035 ouius
1066 2985 1178 3034 exem-

222 3058 332 3146 ptio,
359 3079 444 3149 quae
464 3056 521 3125 uni
542 3078 581 3125 en
602 3057 752 3146 partibus
772 3058 952 3147 competit,
976 3060 1015 3127 ad
1037 3059 1179 3127 alteram

133 3154 136 3161 '
238 3153 420 3221 secundum
455 3153 554 3219 etiam
585 3151 677 3228 leges
709 3151 820 3220 civiles
841 3150 1054 3233 extenditur,
1077 3150 1180 3241 cique

238 3245 553 3335 communicatur.»
591 3242 669 3312 Vide
709 3244 812 3313 Clam.
843 3243 915 3312 Xlll
947 3245 987 3314 ad
1016 3245 1176 3334 drchiep.

237 3338 391 3406 Mechliu.
414 3357 470 3406 an.
501 3332 603 3404 1767.
621 3334 737 3426 itaquo
761 3337 905 3406 validum
932 3350 982 3407 est
1000 3338 1178 3408 matrimo-

164 3438 166 3443 ’
239 3430 331 3497 nium
353 3430 594 3501 clandestinum
615 3429 704 3499 inter
724 3432 806 3499 duas
827 3451 1003 3521 personas,
1032 3453 1181 3523 quarum

241 3541 306 3609 una
320 3533 445 3592 tantum
461 3545 479 3591 a
498 3524 572 3612 lege
592 3522 788 3606 tridentina,
803 3525 933 3594 ratione
953 3525 1029 3610 loci,
1050 3526 1101 3596 vel
1116 3526 1182 3595 alia
