2642 4175
1000 11 1256 120 eam

1011 145 1106 296 at
1119 149 1256 308 153⁶?

396 381 399 384 -
591 373 626 390 a
694 373 745 414 .
1060 323 1199 452 ast

162 475 238 635 151³.
284 472 615 627 ‘runcinus
653 528 931 628 canonicus
995 289 1181 582 ‘iiim

1034 759 1038 766 1

191 807 335 1011 uu
403 801 1055 1010 urrunnun

1094 721 1099 728 a

163 903 173 914 Δ.

13 1044 18 1058 t

201 1833 304 1903 'lotus
323 1832 378 1901 hio
392 1842 549 1901 tractatus
567 1831 608 1901 de
621 1832 827 1904 Matrimonio
841 1833 920 1923 agit,
940 1854 1008 1925 quo
1021 1834 1099 1925 qui·
1154 1911 1159 1920 ,

155 1927 232 1996 dem
262 1926 393 1996 nullum
426 1925 548 1996 arctius
577 1925 745 1996 vinculum
772 1940 830 1997 aut
847 1929 993 1998 sanctius
1012 1929 1101 1999 inter

155 2020 313 2090 homines
333 2041 405 2091 esse
424 2031 546 2110 potest.
567 2019 649 2089 Nam
671 2040 710 2090 ex
729 2021 883 2111 Apostolo
904 2020 1100 2092 Sacramen-

157 2126 229 2184 tum
252 2115 317 2184 hoc
335 2135 493 2203 magnum
516 2125 577 2197 est,
600 2134 667 2203 quo
684 2133 751 2182 non
782 2116 890 2183 solum
909 2116 1100 2184 coniunctio

155 2208 283 2278 Christi
317 2219 350 2277 et
374 2207 541 2277 Ecclesiae
570 2204 796 2296 significatur,
816 2208 873 2276 sed
903 2206 1102 2296 coniugibus

45 2308 48 2315 “
157 2303 262 2372 etiarn
283 2321 321 2370 ex
348 2301 453 2390 ipsius
485 2298 607 2371 Christi
625 2300 754 2369 meritis
773 2311 873 2391 atque
892 2300 1101 2387 institutione

157 2395 268 2484 gratia
286 2396 477 2475 confertur,
507 2414 567 2484 per
588 2414 686 2484 quam
704 2395 863 2465 naturalis
889 2415 982 2464 amor
1001 2395 1102 2487 perli-

158 2489 262 2572 citur,
280 2500 313 2557 et
332 2487 572 2558 indissolubilis
594 2488 673 2557 unio
694 2488 923 2559 confirmatur.
1088 2554 1090 2561 ,

206 2582 255 2650 lta
276 2581 313 2652 fit
337 2581 533 2651 honorabile
554 2582 589 2650 in
610 2581 763 2651 omnibus
784 2583 973 2672 coniugium
996 2576 1030 2651 et
1049 2593 1100 2652 to·

158 2692 220 2745 rats
242 2674 483 2759 immaculatus,
505 2674 650 2744 tiliorum
678 2675 864 2746 educationi
885 2676 1097 2766 prospicitur,

159 2780 195 2838 et
220 2768 401 2838 dulcissimi
423 2769 680 2859 propinquitatis
698 2789 799 2838 nexus
826 2770 860 2839 in
880 2770 1025 2839 humana
1046 2790 1100 2838 so-

159 2861 281 2931 cietate
301 2862 517 2951 colliguntur.
540 2861 586 2930 Ex
607 2861 728 2952 quihus
750 2864 828 2932 satis
848 2863 1046 2952 intelligitur
1065 2862 1101 2932 in

159 2955 226 3024 hoc
259 2954 470 3027 Sacramento
512 2956 682 3024 tractando
711 2969 743 3025 et
773 2958 964 3047 exponendo
1001 2976 1101 3026 omne

157 3048 310 3118 studium
324 3062 474 3118 nostrum
489 3051 679 3138 ponendum
695 3071 780 3119 esse.
792 3049 875 3119 Sunt
887 3064 998 3120 autem
1012 3049 1047 3118 in
1061 3070 1101 3119 eo

158 3163 264 3232 quam
283 3143 425 3231 plurima
446 3154 479 3211 et
495 3143 535 3211 ad
554 3143 666 3225 fidem,
687 3145 777 3212 etad
799 3165 920 3226 mores,
940 3143 1028 3212 etad
1047 3144 1101 3213 ius

159 3236 367 3305 Canopicum
398 3236 575 3326 forumque
602 3236 1097 3327 ecclesiasticumpertinentia.

155 3318 204 3396 Et
223 3349 262 3397 ea
282 3330 417 3418 quidem
437 3350 523 3418 quae
543 3330 582 3398 ad
604 3329 704 3398 fidem
735 3343 767 3400 et
788 3352 896 3400 mores
918 3328 1097 3418 pertinent,

158 3420 214 3489 vix
232 3423 457 3512 attingemus,
477 3423 558 3492 haee
578 3423 667 3492 enim
698 3423 770 3493 iure
790 3446 849 3494 suo
871 3446 888 3493 a
907 3422 1100 3510 Theologis,

159 3527 196 3584 et
214 3515 314 3604 etiam
336 3537 354 3584 a
379 3515 601 3605 Scriptoribus
626 3516 711 3587 luris
738 3517 861 3608 publici
881 3515 1103 3587 Ecclesiastioi

596 3754 644 3884 lJ
713 3785 912 3883 uns
