2642 4175
500 432 661 479 urrunnun
681 433 702 488 1.
952 418 1015 474 471

137 530 280 599 notanda
313 541 401 598 sunt.
433 530 628 620 lmpotentia
660 542 710 600 est
731 556 746 597 a
769 529 967 622 incapacitas
987 548 1065 597 eou-

139 624 326 692 summandi
347 623 612 706 matrimonium,
633 646 690 694 seu
717 624 859 694 habendi
886 624 1064 712 perlectam

139 719 292 806 copulam
322 718 574 806 coniugalema
604 719 800 807 lmpoteutia
831 717 1002 808 multiplex
1020 716 1068 784 di·

137 810 317 898 stinguiur,
337 810 393 879 sed
415 830 451 879 aa
472 815 713 895 tautummodo,
734 814 807 900 lege
833 811 931 894 civili,
953 811 1067 878 dissol-

137 903 182 971 vit
211 904 477 988 matrimonium,
515 927 600 995 quae
621 905 805 989 manifesta,
830 916 1011 993 perpetua,
1035 915 1068 970 ct

137 998 337 1066 antecedens
355 1009 416 1076 est,
430 999 579 1087 quamvis
604 1022 642 1068 ex
662 1010 756 1089 parte
776 999 875 1067 unius
900 998 1069 1064 dumtaxat

136 1111 175 1158 ex
194 1090 466 1161 contrahentibus
484 1113 519 1161 se
540 1104 661 1162 teneat.
680 1092 809 1162 Etenim
830 1092 987 1159 statuitur
1002 1101 1065 1158 art.

135 1181 226 1251 lut:
252 1184 503 1273 aL'impotenou
521 1187 697 1273 manifesto
717 1192 914 1275 epternaco,
936 1182 1068 1273 petunda

133 1277 368 1345 siccatorium
387 1278 422 1345 ul
439 1281 666 1360 matrimonio,
684 1283 752 1370 pud
770 1299 871 1347 msere
892 1284 1065 1367 proposto,

134 1391 221 1439 come
239 1392 339 1439 causo
358 1371 393 1439 di
412 1372 536 1442 uutttto
555 1372 728 1441 dull’oltro
748 1373 914 1460 cuniupeu
935 1370 970 1438 ld
991 1390 1068 1459 por-

135 1484 173 1532 ro
193 1474 352 1533 consonat
365 1475 433 1532 tum
455 1466 519 1535 iuri
532 1467 702 1550 canonico,
725 1478 763 1535 ut
782 1477 870 1556 patet
899 1484 937 1533 ex
956 1463 1007 1533 tit.
1026 1463 1069 1530 da

134 1556 246 1645 frigid.
277 1569 310 1626 et
338 1558 471 1641 malaf.;
509 1571 579 1629 tum
613 1560 677 1629 iuri
711 1560 871 1640 naturali,
901 1556 1067 1647 siquidem

134 1650 384 1719 matrimonium
408 1652 541 1721 involvit
567 1665 717 1724 mutuam
741 1652 953 1724 traditionem
974 1662 1067 1741 pota·

134 1745 228 1812 statis
254 1743 401 1833 eorporis
421 1746 460 1813 ad
492 1748 657 1836 copulam,
681 1759 714 1817 et
730 1746 927 1843 ¹impotentia
949 1764 1067 1834 perpe·

136 1849 201 1918 tua,
221 1848 254 1905 et
272 1838 480 1922 antecedens,
509 1860 546 1908 er
567 1853 685 1910 natura
710 1841 759 1909 rei
788 1838 980 1909 huiusmodi
1000 1848 1067 1906 tra·

134 1931 294 2000 ditionem
313 1930 551 2021 impossibilem
572 1934 685 2003 efficit.
716 1934 797 2001 Nam
826 1952 925 2001 namo
961 1940 1069 2019 potest

134 2025 266 2094 tradere
285 2036 480 2114 potestatem
498 2026 588 2097 illius
616 2039 720 2109 actus,
743 2046 844 2118 quem
874 2023 1067 2093 nullatenus

134 2117 286 2187 hebetia
305 2139 364 2187 sua
383 2131 544 2209 potestate
561 2144 570 2202 ;
587 2141 649 2190 nec
665 2121 764 2190 etiam
786 2120 899 2210 potest
918 2137 954 2185 se
983 2116 1068 2184 obli·

131 2233 212 2302 gare
232 2213 272 2280 ad
294 2210 339 2295 id,
359 2214 448 2301 quod
464 2214 543 2283 dare
562 2215 611 2283 vel
629 2215 739 2283 faeere
755 2212 891 2303 nequit,
914 2231 988 2279 curu
1009 2208 1068 2277 im·

130 2304 339 2394 possibilium
359 2307 450 2374 nulla
471 2306 514 2376 sit
544 2307 704 2397 obligatio
723 2309 789 2396 leg.
820 2302 889 2374 185
906 2304 940 2371 ff.
963 2302 1004 2371 de
1025 2301 1064 2370 R.

130 2400 173 2482 1.,
196 2398 284 2467 unde
301 2398 387 2468 sicut
406 2399 438 2468 in
460 2400 533 2469 aliis
550 2400 774 2471 contractibus
803 2420 870 2469 non
902 2397 989 2466 ualet
1007 2394 1067 2464 ob·

131 2490 258 2599 ligatio,
275 2512 340 2581 qua
358 2492 432 2581 quis
451 2495 592 2583 spondet
609 2495 642 2565 id
660 2495 749 2586 quod
767 2514 834 2563 non
864 2500 995 2584 potest,
1021 2487 1065 2557 ita

131 2606 195 2655 nec
216 2605 249 2653 rn
267 2585 491 2656 matrimonio.

191 2678 238 2746 Ex
256 2678 364 2747 verbis
397 2681 487 2749 citati
523 2681 654 2752 articuli
685 2681 871 2771 colligitur,
894 2677 1067 2748 matrimo-

93 2797 96 2804 ·
131 2771 226 2840 nium
247 2792 389 2856 eorum,
412 2794 555 2863 quorum
581 2776 666 2844 alter
687 2775 846 2864 probatur
876 2774 1063 2861 impotens,

131 2886 200 2933 non
222 2883 293 2934 essa
313 2868 446 2955 propria
468 2868 748 2949 contrahentium,
771 2867 826 2935 sed
849 2864 981 2934 iuridici
1007 2884 1067 2930 au·

132 2958 286 3028 ctoritate
303 2960 559 3042 dissolvendum,
578 2961 758 3029 dummodo
778 2971 888 3028 tamen
910 2957 994 3027 altor
1009 2955 1067 3023 im·

135 3051 302 3141 potentiae
319 3052 426 3122 labem
453 3054 493 3122 ad
520 3053 761 3125 sollicitandam
789 3048 947 3121 connubii
966 3047 1067 3118 nulli·

108 3201 112 3210 .
135 3156 235 3214 tatem
257 3146 479 3234 proposuerit.

181 3237 313 3307 Crimen
327 3242 459 3308 taudem
481 3250 530 3310 est
551 3240 649 3310 etiam
669 3238 940 3330 impedimentum
955 3232 1062 3303 ciuile.

135 3332 182 3398 lld
200 3334 422 3420 praecavenda
443 3333 624 3417 adulteria,
657 3345 690 3403 et
715 3335 831 3403 caedes
859 3330 1063 3418 coniugum,

134 3436 236 3514 atque
262 3424 295 3493 in
317 3426 530 3496 iustissimam
551 3429 671 3497 horum
703 3427 880 3496 criminum
910 3439 1063 3514 poenam,

135 3517 292 3602 Ecclesia,
309 3520 444 3607 provido
459 3542 538 3590 sane
552 3523 699 3604 decreto,
721 3521 902 3598 constituit,
915 3530 962 3601 ut,
979 3517 1066 3585 iuter

135 3611 215 3684 tanti
230 3611 347 3702 flagitii
362 3613 556 3704 complices,
574 3613 823 3684 matrimonium
836 3613 1062 3690 dirimeretur,
