<?xml version="1.0" encoding="UTF-8"?>
<!DOCTYPE html PUBLIC "-//W3C//DTD XHTML 1.0 Transitional//EN"
    "http://www.w3.org/TR/xhtml1/DTD/xhtml1-transitional.dtd">
<html xmlns="http://www.w3.org/1999/xhtml" xml:lang="en" lang="en">
 <head>
  <title>
</title>
<meta http-equiv="Content-Type" content="text/html;charset=utf-8" />
  <meta name='ocr-system' content='tesseract 3.04.00' />
  <meta name='ocr-capabilities' content='ocr_page ocr_carea ocr_par ocr_line ocrx_word'/>
</head>
<body>
  <div class='ocr_page' id='page_1' title='image "./septimiimariaev00veccgoog_0070.png"; bbox 0 0 2642 4175; ppageno 0'>
   <div class='ocr_carea' id='block_1_1' title="bbox 278 343 764 403">
    <p class='ocr_par' dir='ltr' id='par_1_1' title="bbox 278 343 764 403">
     <span class='ocr_line' id='line_1_1' title="bbox 278 343 764 403; baseline -0.002 -5"><span class='ocrx_word' id='word_1_1' title='bbox 278 343 319 399; x_wconf 84' lang='lat'><strong>62</strong></span> <span class='ocrx_word' id='word_1_2' title='bbox 395 345 399 352; x_wconf 87' lang='grc'><strong><em>’</em></strong></span> <span class='ocrx_word' id='word_1_3' title='bbox 624 355 727 403; x_wconf 71' lang='lat' dir='ltr'><strong>error</strong></span> <span class='ocrx_word' id='word_1_4' title='bbox 743 355 764 398; x_wconf 87' lang='lat' dir='ltr'><strong>r.</strong></span> 
     </span>
    </p>
   </div>
   <div class='ocr_carea' id='block_1_2' title="bbox 184 450 1259 3524">
    <p class='ocr_par' dir='ltr' id='par_1_2' title="bbox 184 450 1259 3524">
     <span class='ocr_line' id='line_1_2' title="bbox 230 450 1166 542; baseline -0.006 -18"><span class='ocrx_word' id='word_1_5' title='bbox 230 475 302 524; x_wconf 90' lang='lat' dir='ltr'><strong>ram</strong></span> <span class='ocrx_word' id='word_1_6' title='bbox 323 465 502 542; x_wconf 86' lang='lat' dir='ltr'><strong>pateretur.</strong></span> <span class='ocrx_word' id='word_1_7' title='bbox 521 453 558 522; x_wconf 93' lang='lat' dir='ltr'><strong>ln</strong></span> <span class='ocrx_word' id='word_1_8' title='bbox 577 453 658 523; x_wconf 84' lang='lat' dir='ltr'><strong>loris</strong></span> <span class='ocrx_word' id='word_1_9' title='bbox 675 464 813 535; x_wconf 84' lang='lat' dir='ltr'><strong>nutem,</strong></span> <span class='ocrx_word' id='word_1_10' title='bbox 848 450 904 520; x_wconf 91' lang='lat' dir='ltr'><strong>ubi</strong></span> <span class='ocrx_word' id='word_1_11' title='bbox 925 451 1072 519; x_wconf 91' lang='lat' dir='ltr'><strong>nondum</strong></span> <span class='ocrx_word' id='word_1_12' title='bbox 1093 450 1166 518; x_wconf 82' lang='lat' dir='ltr'><strong>Tri·</strong></span> 
     </span>
     <span class='ocr_line' id='line_1_3' title="bbox 230 541 1163 636; baseline -0.005 -19"><span class='ocrx_word' id='word_1_13' title='bbox 230 547 402 617; x_wconf 82' lang='lat' dir='ltr'>deminum</span> <span class='ocrx_word' id='word_1_14' title='bbox 424 547 627 636; x_wconf 75' lang='lat' dir='ltr'><strong>publicatum</strong></span> <span class='ocrx_word' id='word_1_15' title='bbox 649 557 719 628; x_wconf 90' lang='lat' dir='ltr'><strong>est,</strong></span> <span class='ocrx_word' id='word_1_16' title='bbox 742 546 884 615; x_wconf 87' lang='lat' dir='ltr'><strong>seounda</strong></span> <span class='ocrx_word' id='word_1_17' title='bbox 905 543 1069 633; x_wconf 77' lang='lat' dir='ltr'><strong>sponsalia</strong></span> <span class='ocrx_word' id='word_1_18' title='bbox 1092 541 1163 612; x_wconf 87' lang='lat' dir='ltr'><strong>vin·</strong></span> 
     </span>
     <span class='ocr_line' id='line_1_4' title="bbox 231 636 1164 728; baseline -0.005 -19"><span class='ocrx_word' id='word_1_19' title='bbox 231 653 331 723; x_wconf 88' lang='lat' dir='ltr'><strong>cunt,</strong></span> <span class='ocrx_word' id='word_1_20' title='bbox 352 641 378 708; x_wconf 91' lang='lat' dir='ltr'><strong>si</strong></span> <span class='ocrx_word' id='word_1_21' title='bbox 399 641 518 728; x_wconf 80' lang='lat' dir='ltr'><strong>copula</strong></span> <span class='ocrx_word' id='word_1_22' title='bbox 548 640 690 709; x_wconf 82' lang='lat' dir='ltr'><strong>earnalis</strong></span> <span class='ocrx_word' id='word_1_23' title='bbox 720 638 930 716; x_wconf 85' lang='lat' dir='ltr'><strong>intercessit,</strong></span> <span class='ocrx_word' id='word_1_24' title='bbox 949 638 1027 727; x_wconf 89' lang='lat' dir='ltr'><strong>qnia</strong></span> <span class='ocrx_word' id='word_1_25' title='bbox 1045 658 1084 706; x_wconf 81' lang='lat' dir='ltr'><strong>ex</strong></span> <span class='ocrx_word' id='word_1_26' title='bbox 1100 636 1164 705; x_wconf 88' lang='lat' dir='ltr'><strong>hac</strong></span> 
     </span>
     <span class='ocr_line' id='line_1_5' title="bbox 232 732 1259 824; baseline -0.005 -22"><span class='ocrx_word' id='word_1_27' title='bbox 232 734 349 824; x_wconf 85' lang='lat' dir='ltr'><strong>copula</strong></span> <span class='ocrx_word' id='word_1_28' title='bbox 384 734 418 802; x_wconf 93' lang='lat' dir='ltr'><strong>in</strong></span> <span class='ocrx_word' id='word_1_29' title='bbox 438 735 510 802; x_wconf 87' lang='lat' dir='ltr'><strong>loro</strong></span> <span class='ocrx_word' id='word_1_30' title='bbox 541 746 675 803; x_wconf 79' lang='lat' dir='ltr'><strong>externo</strong></span> <span class='ocrx_word' id='word_1_31' title='bbox 695 732 904 803; x_wconf 75' lang='lat' dir='ltr'><strong>contrahitur</strong></span> <span class='ocrx_word' id='word_1_32' title='bbox 924 732 1108 821; x_wconf 86' lang='lat' dir='ltr'><strong>perlectum</strong></span> <span class='ocrx_word' id='word_1_33' title='bbox 1124 752 1163 798; x_wconf 93' lang='lat' dir='ltr'><strong>o·</strong></span> <span class='ocrx_word' id='word_1_34' title='bbox 1248 803 1259 813; x_wconf 61' lang='grc'>,</span> 
     </span>
     <span class='ocr_line' id='line_1_6' title="bbox 233 821 1163 910; baseline -0.005 -15"><span class='ocrx_word' id='word_1_35' title='bbox 233 826 346 896; x_wconf 88' lang='lat' dir='ltr'><strong>mnino</strong></span> <span class='ocrx_word' id='word_1_36' title='bbox 366 826 640 910; x_wconf 86' lang='lat' dir='ltr'><strong>matrimonium,</strong></span> <span class='ocrx_word' id='word_1_37' title='bbox 670 840 708 895; x_wconf 91' lang='lat' dir='ltr'><strong>ut</strong></span> <span class='ocrx_word' id='word_1_38' title='bbox 727 826 871 894; x_wconf 87' lang='lat' dir='ltr'><strong>decisum</strong></span> <span class='ocrx_word' id='word_1_39' title='bbox 905 836 1004 893; x_wconf 87' lang='lat' dir='ltr'><strong>esto.</strong></span> <span class='ocrx_word' id='word_1_40' title='bbox 1039 821 1083 891; x_wconf 80' lang='lat'><strong>30</strong></span> <span class='ocrx_word' id='word_1_41' title='bbox 1121 823 1163 891; x_wconf 88' lang='lat' dir='ltr'><strong>de</strong></span> 
     </span>
     <span class='ocr_line' id='line_1_7' title="bbox 233 915 1163 1010; baseline -0.005 -20"><span class='ocrx_word' id='word_1_42' title='bbox 233 919 350 1010; x_wconf 86' lang='lat' dir='ltr'><strong>Spons.</strong></span> <span class='ocrx_word' id='word_1_43' title='bbox 374 930 407 988; x_wconf 87' lang='lat' dir='ltr'><strong>et</strong></span> <span class='ocrx_word' id='word_1_44' title='bbox 423 920 498 989; x_wconf 85' lang='lat' dir='ltr'><strong>Mat.</strong></span> <span class='ocrx_word' id='word_1_45' title='bbox 521 920 593 988; x_wconf 88' lang='lat' dir='ltr'><strong>Huo</strong></span> <span class='ocrx_word' id='word_1_46' title='bbox 609 931 734 1009; x_wconf 84' lang='lat' dir='ltr'><strong>spectat</strong></span> <span class='ocrx_word' id='word_1_47' title='bbox 753 918 875 988; x_wconf 85' lang='lat' dir='ltr'><strong>decisio</strong></span> <span class='ocrx_word' id='word_1_48' title='bbox 907 915 940 986; x_wconf 88' lang='lat' dir='ltr'><strong>S.</strong></span> <span class='ocrx_word' id='word_1_49' title='bbox 963 918 998 986; x_wconf 85' lang='lat' dir='ltr'><strong>C.</strong></span> <span class='ocrx_word' id='word_1_50' title='bbox 1022 918 1063 986; x_wconf 90' lang='lat' dir='ltr'><strong>de</strong></span> <span class='ocrx_word' id='word_1_51' title='bbox 1081 915 1163 985; x_wconf 90' lang='lat' dir='ltr'><strong>Pro-</strong></span> 
     </span>
     <span class='ocr_line' id='line_1_8' title="bbox 234 1010 1165 1103; baseline -0.003 -21"><span class='ocrx_word' id='word_1_52' title='bbox 234 1015 383 1103; x_wconf 81' lang='lat' dir='ltr'><strong>paganda</strong></span> <span class='ocrx_word' id='word_1_53' title='bbox 405 1013 519 1082; x_wconf 85' lang='lat' dir='ltr'><strong>Fide5</strong></span> <span class='ocrx_word' id='word_1_54' title='bbox 536 1013 642 1082; x_wconf 84' lang='lat' dir='ltr'><strong>Martii</strong></span> <span class='ocrx_word' id='word_1_55' title='bbox 660 1010 752 1081; x_wconf 77' lang='lat'><strong>1816</strong></span> <span class='ocrx_word' id='word_1_56' title='bbox 770 1013 810 1080; x_wconf 87' lang='lat' dir='ltr'><strong>ad</strong></span> <span class='ocrx_word' id='word_1_57' title='bbox 827 1010 965 1080; x_wconf 89' lang='lat' dir='ltr'><strong>dubium</strong></span> <span class='ocrx_word' id='word_1_58' title='bbox 983 1012 1052 1077; x_wconf 76' lang='lat' dir='ltr'><strong>«An</strong></span> <span class='ocrx_word' id='word_1_59' title='bbox 1069 1031 1165 1096; x_wconf 91' lang='lat' dir='ltr'><strong>spon·</strong></span> 
     </span>
     <span class='ocr_line' id='line_1_9' title="bbox 231 1105 1161 1196; baseline -0.006 -20"><span class='ocrx_word' id='word_1_60' title='bbox 231 1108 326 1190; x_wconf 89' lang='lat' dir='ltr'><strong>salin,</strong></span> <span class='ocrx_word' id='word_1_61' title='bbox 344 1127 429 1196; x_wconf 86' lang='lat' dir='ltr'><strong>qnae</strong></span> <span class='ocrx_word' id='word_1_62' title='bbox 450 1107 566 1196; x_wconf 87' lang='lat' dir='ltr'><strong>eopuln</strong></span> <span class='ocrx_word' id='word_1_63' title='bbox 588 1106 729 1175; x_wconf 87' lang='lat' dir='ltr'><strong>carnalis</strong></span> <span class='ocrx_word' id='word_1_64' title='bbox 743 1105 867 1195; x_wconf 89' lang='lat' dir='ltr'><strong>pluries</strong></span> <span class='ocrx_word' id='word_1_65' title='bbox 882 1106 1083 1193; x_wconf 89' lang='lat' dir='ltr'><strong>subsequuta</strong></span> <span class='ocrx_word' id='word_1_66' title='bbox 1099 1114 1161 1184; x_wconf 83' lang='lat' dir='ltr'><strong>est,</strong></span> 
     </span>
     <span class='ocr_line' id='line_1_10' title="bbox 234 1196 1173 1269; baseline -0.005 0"><span class='ocrx_word' id='word_1_67' title='bbox 234 1212 433 1269; x_wconf 73' lang='lat' dir='ltr'>censeantur</span> <span class='ocrx_word' id='word_1_68' title='bbox 452 1198 621 1268; x_wconf 83' lang='lat' dir='ltr'><strong>transiisse</strong></span> <span class='ocrx_word' id='word_1_69' title='bbox 641 1200 675 1266; x_wconf 90' lang='lat' dir='ltr'><strong>in</strong></span> <span class='ocrx_word' id='word_1_70' title='bbox 695 1198 942 1266; x_wconf 78' lang='lat' dir='ltr'><strong>matrimonium</strong></span> <span class='ocrx_word' id='word_1_71' title='bbox 957 1196 1173 1265; x_wconf 68' lang='lat' dir='ltr'><strong>indissolubi-</strong></span> 
     </span>
     <span class='ocr_line' id='line_1_11' title="bbox 232 1290 1165 1381; baseline -0.003 -21"><span class='ocrx_word' id='word_1_72' title='bbox 232 1293 309 1362; x_wconf 89' lang='lat' dir='ltr'><strong>lein</strong></span> <span class='ocrx_word' id='word_1_73' title='bbox 325 1292 415 1370; x_wconf 90' lang='lat' dir='ltr'><strong>locis,</strong></span> <span class='ocrx_word' id='word_1_74' title='bbox 430 1292 486 1359; x_wconf 93' lang='lat' dir='ltr'><strong>ubi</strong></span> <span class='ocrx_word' id='word_1_75' title='bbox 502 1293 552 1359; x_wconf 83' lang='lat' dir='ltr'><strong>lex</strong></span> <span class='ocrx_word' id='word_1_76' title='bbox 566 1292 704 1361; x_wconf 75' lang='lat' dir='ltr'><strong>Consilii</strong></span> <span class='ocrx_word' id='word_1_77' title='bbox 719 1291 903 1361; x_wconf 81' lang='lat' dir='ltr'><strong>Tridentini</strong></span> <span class='ocrx_word' id='word_1_78' title='bbox 916 1290 1082 1381; x_wconf 79' lang='lat' dir='ltr'><strong>publicata</strong></span> <span class='ocrx_word' id='word_1_79' title='bbox 1097 1310 1165 1358; x_wconf 93' lang='lat' dir='ltr'><strong>non</strong></span> 
     </span>
     <span class='ocr_line' id='line_1_12' title="bbox 232 1385 1166 1473; baseline -0.002 -19"><span class='ocrx_word' id='word_1_80' title='bbox 232 1399 306 1468; x_wconf 86' lang='lat' dir='ltr'><strong>est,</strong></span> <span class='ocrx_word' id='word_1_81' title='bbox 331 1386 432 1454; x_wconf 86' lang='lat' dir='ltr'><strong>etiam</strong></span> <span class='ocrx_word' id='word_1_82' title='bbox 451 1385 582 1473; x_wconf 89' lang='lat' dir='ltr'><strong>qnando</strong></span> <span class='ocrx_word' id='word_1_83' title='bbox 602 1406 742 1472; x_wconf 90' lang='lat' dir='ltr'><strong>sponsus</strong></span> <span class='ocrx_word' id='word_1_84' title='bbox 762 1398 796 1453; x_wconf 89' lang='lat' dir='ltr'><strong>et</strong></span> <span class='ocrx_word' id='word_1_85' title='bbox 813 1405 932 1473; x_wconf 89' lang='lat' dir='ltr'><strong>sponsa</strong></span> <span class='ocrx_word' id='word_1_86' title='bbox 954 1395 1105 1453; x_wconf 86' lang='lat' dir='ltr'><strong>asserunt</strong></span> <span class='ocrx_word' id='word_1_87' title='bbox 1128 1405 1166 1452; x_wconf 91' lang='lat' dir='ltr'><strong>se</strong></span> 
     </span>
     <span class='ocr_line' id='line_1_13' title="bbox 234 1478 1166 1566; baseline -0.001 -20"><span class='ocrx_word' id='word_1_88' title='bbox 234 1478 268 1547; x_wconf 94' lang='lat' dir='ltr'><strong>in</strong></span> <span class='ocrx_word' id='word_1_89' title='bbox 291 1491 365 1546; x_wconf 84' lang='lat' dir='ltr'><strong>actu</strong></span> <span class='ocrx_word' id='word_1_90' title='bbox 388 1478 526 1566; x_wconf 83' lang='lat' dir='ltr'><strong>copulae</strong></span> <span class='ocrx_word' id='word_1_91' title='bbox 556 1478 639 1547; x_wconf 87' lang='lat' dir='ltr'><strong>nihil</strong></span> <span class='ocrx_word' id='word_1_92' title='bbox 675 1478 763 1546; x_wconf 90' lang='lat' dir='ltr'><strong>aliud</strong></span> <span class='ocrx_word' id='word_1_93' title='bbox 785 1478 983 1559; x_wconf 82' lang='lat' dir='ltr'><strong>intendisse,</strong></span> <span class='ocrx_word' id='word_1_94' title='bbox 1006 1495 1107 1566; x_wconf 87' lang='lat' dir='ltr'><strong>qnam</strong></span> <span class='ocrx_word' id='word_1_95' title='bbox 1127 1490 1166 1545; x_wconf 88' lang='lat' dir='ltr'><strong>nt</strong></span> 
     </span>
     <span class='ocr_line' id='line_1_14' title="bbox 231 1569 1168 1659; baseline -0.003 -18"><span class='ocrx_word' id='word_1_96' title='bbox 231 1571 378 1641; x_wconf 84' lang='lat' dir='ltr'><strong>naturali</strong></span> <span class='ocrx_word' id='word_1_97' title='bbox 399 1592 478 1639; x_wconf 89' lang='lat' dir='ltr'><strong>suae</strong></span> <span class='ocrx_word' id='word_1_98' title='bbox 500 1571 638 1641; x_wconf 80' lang='lat' dir='ltr'><strong>invicem</strong></span> <span class='ocrx_word' id='word_1_99' title='bbox 660 1571 866 1640; x_wconf 84' lang='lat' dir='ltr'><strong>inclinationi</strong></span> <span class='ocrx_word' id='word_1_100' title='bbox 894 1582 927 1639; x_wconf 87' lang='lat' dir='ltr'><strong>et</strong></span> <span class='ocrx_word' id='word_1_101' title='bbox 952 1569 1093 1659; x_wconf 91' lang='lat' dir='ltr'><strong>passioni</strong></span> <span class='ocrx_word' id='word_1_102' title='bbox 1114 1569 1168 1638; x_wconf 93' lang='lat' dir='ltr'><strong>in·</strong></span> 
     </span>
     <span class='ocr_line' id='line_1_15' title="bbox 231 1663 1164 1753; baseline -0.001 -21"><span class='ocrx_word' id='word_1_103' title='bbox 231 1666 420 1752; x_wconf 82' lang='lat' dir='ltr'><strong>dulgerent.</strong></span> <span class='ocrx_word' id='word_1_104' title='bbox 444 1687 458 1729; x_wconf 77' lang='lat' dir='ltr'><strong>o</strong></span> <span class='ocrx_word' id='word_1_105' title='bbox 481 1663 514 1731; x_wconf 89' lang='lat' dir='ltr'><strong>S.</strong></span> <span class='ocrx_word' id='word_1_106' title='bbox 537 1665 577 1733; x_wconf 84' lang='lat' dir='ltr'><strong>C.</strong></span> <span class='ocrx_word' id='word_1_107' title='bbox 597 1665 763 1753; x_wconf 75' lang='lat' dir='ltr'><strong>reposuit:</strong></span> <span class='ocrx_word' id='word_1_108' title='bbox 789 1689 803 1730; x_wconf 71' lang='grc' dir='ltr'><strong><em>ι</em></strong></span> <span class='ocrx_word' id='word_1_109' title='bbox 827 1663 1039 1745; x_wconf 85' lang='lat' dir='ltr'><strong>Affirmative,</strong></span> <span class='ocrx_word' id='word_1_110' title='bbox 1075 1663 1164 1731; x_wconf 83' lang='lat' dir='ltr'><strong>iuxta</strong></span> 
     </span>
     <span class='ocr_line' id='line_1_16' title="bbox 231 1755 1206 1847; baseline -0.001 -21"><span class='ocrx_word' id='word_1_111' title='bbox 231 1770 330 1847; x_wconf 85' lang='lat' dir='ltr'><strong>caput</strong></span> <span class='ocrx_word' id='word_1_112' title='bbox 349 1755 370 1824; x_wconf 86' lang='lat'>5</span> <span class='ocrx_word' id='word_1_113' title='bbox 391 1756 447 1846; x_wconf 88' lang='lat' dir='ltr'><strong>qui</strong></span> <span class='ocrx_word' id='word_1_114' title='bbox 478 1759 519 1827; x_wconf 87' lang='lat' dir='ltr'><strong>de</strong></span> <span class='ocrx_word' id='word_1_115' title='bbox 552 1758 766 1847; x_wconf 78' lang='lat' dir='ltr'><strong>sponsalibus</strong></span> <span class='ocrx_word' id='word_1_116' title='bbox 785 1770 818 1826; x_wconf 90' lang='lat' dir='ltr'><strong>et</strong></span> <span class='ocrx_word' id='word_1_117' title='bbox 835 1758 914 1825; x_wconf 88' lang='lat' dir='ltr'><strong>Mat.</strong></span> <span class='ocrx_word' id='word_1_118' title='bbox 933 1781 947 1821; x_wconf 77' lang='lat' dir='ltr'><strong>t</strong></span> <span class='ocrx_word' id='word_1_119' title='bbox 969 1756 1090 1825; x_wconf 81' lang='lat' dir='ltr'><strong>Eodem</strong></span> <span class='ocrx_word' id='word_1_120' title='bbox 1111 1757 1168 1825; x_wconf 88' lang='lat' dir='ltr'><strong>die</strong></span> <span class='ocrx_word' id='word_1_121' title='bbox 1200 1837 1206 1842; x_wconf 42' lang='grc'>,</span> 
     </span>
     <span class='ocr_line' id='line_1_17' title="bbox 232 1849 1168 1939; baseline -0.002 -19"><span class='ocrx_word' id='word_1_122' title='bbox 232 1863 265 1920; x_wconf 88' lang='lat' dir='ltr'><strong>et</strong></span> <span class='ocrx_word' id='word_1_123' title='bbox 284 1870 381 1931; x_wconf 87' lang='lat' dir='ltr'><strong>anno,</strong></span> <span class='ocrx_word' id='word_1_124' title='bbox 402 1852 515 1919; x_wconf 88' lang='lat' dir='ltr'><strong>eadem</strong></span> <span class='ocrx_word' id='word_1_125' title='bbox 537 1850 635 1920; x_wconf 82' lang='lat' dir='ltr'><strong>Sarra</strong></span> <span class='ocrx_word' id='word_1_126' title='bbox 655 1850 876 1939; x_wconf 67' lang='lat' dir='ltr'><strong>congregatio</strong></span> <span class='ocrx_word' id='word_1_127' title='bbox 895 1851 935 1918; x_wconf 90' lang='lat' dir='ltr'><strong>ad</strong></span> <span class='ocrx_word' id='word_1_128' title='bbox 955 1849 1092 1917; x_wconf 90' lang='lat' dir='ltr'><strong>dubium</strong></span> <span class='ocrx_word' id='word_1_129' title='bbox 1113 1870 1168 1918; x_wconf 84' lang='lat' dir='ltr'><strong>se-</strong></span> 
     </span>
     <span class='ocr_line' id='line_1_18' title="bbox 232 1942 1168 2033; baseline 0 -21"><span class='ocrx_word' id='word_1_130' title='bbox 232 1944 373 2033; x_wconf 89' lang='lat' dir='ltr'><strong>ptimum</strong></span> <span class='ocrx_word' id='word_1_131' title='bbox 394 1965 412 2012; x_wconf 95' lang='lat' dir='ltr'><strong>a</strong></span> <span class='ocrx_word' id='word_1_132' title='bbox 433 1944 472 2011; x_wconf 87' lang='lat' dir='ltr'><strong>R.</strong></span> <span class='ocrx_word' id='word_1_133' title='bbox 493 1944 529 2011; x_wconf 87' lang='lat' dir='ltr'><strong>D.</strong></span> <span class='ocrx_word' id='word_1_134' title='bbox 551 1945 673 2013; x_wconf 90' lang='lat' dir='ltr'><strong>loanne</strong></span> <span class='ocrx_word' id='word_1_135' title='bbox 692 1944 838 2013; x_wconf 76' lang='lat' dir='ltr'><strong>Gudrard</strong></span> <span class='ocrx_word' id='word_1_136' title='bbox 857 1942 1043 2013; x_wconf 87' lang='lat' dir='ltr'><strong>Prorioario</strong></span> <span class='ocrx_word' id='word_1_137' title='bbox 1062 1942 1168 2012; x_wconf 85' lang='lat' dir='ltr'><strong>Gene-</strong></span> 
     </span>
     <span class='ocr_line' id='line_1_19' title="bbox 232 2036 1169 2127; baseline -0.001 -21"><span class='ocrx_word' id='word_1_138' title='bbox 232 2037 294 2107; x_wconf 84' lang='lat' dir='ltr'><strong>rali</strong></span> <span class='ocrx_word' id='word_1_139' title='bbox 307 2036 425 2107; x_wconf 88' lang='lat' dir='ltr'><strong>Vicarii</strong></span> <span class='ocrx_word' id='word_1_140' title='bbox 440 2038 617 2127; x_wconf 84' lang='lat' dir='ltr'><strong>Apostolioi</strong></span> <span class='ocrx_word' id='word_1_141' title='bbox 636 2037 778 2107; x_wconf 79' lang='lat' dir='ltr'><strong>Tnnlrini</strong></span> <span class='ocrx_word' id='word_1_142' title='bbox 800 2036 1011 2106; x_wconf 86' lang='lat' dir='ltr'><strong>occidentalis</strong></span> <span class='ocrx_word' id='word_1_143' title='bbox 1030 2057 1169 2126; x_wconf 88' lang='lat' dir='ltr'><strong>respon·</strong></span> 
     </span>
     <span class='ocr_line' id='line_1_20' title="bbox 230 2130 1168 2221; baseline -0.001 -21"><span class='ocrx_word' id='word_1_144' title='bbox 230 2131 290 2201; x_wconf 88' lang='lat' dir='ltr'><strong>dit:</strong></span> <span class='ocrx_word' id='word_1_145' title='bbox 317 2156 330 2198; x_wconf 82' lang='lat' dir='ltr'><strong>r</strong></span> <span class='ocrx_word' id='word_1_146' title='bbox 349 2152 580 2221; x_wconf 82' lang='lat' dir='ltr'><strong>quaecumque</strong></span> <span class='ocrx_word' id='word_1_147' title='bbox 607 2132 736 2221; x_wconf 85' lang='lat' dir='ltr'><strong>oopnln,</strong></span> <span class='ocrx_word' id='word_1_148' title='bbox 760 2132 857 2199; x_wconf 92' lang='lat' dir='ltr'><strong>modo</strong></span> <span class='ocrx_word' id='word_1_149' title='bbox 878 2152 966 2213; x_wconf 86' lang='lat' dir='ltr'><strong>vera,</strong></span> <span class='ocrx_word' id='word_1_150' title='bbox 991 2130 1074 2199; x_wconf 87' lang='lat' dir='ltr'><strong>etin</strong></span> <span class='ocrx_word' id='word_1_151' title='bbox 1092 2151 1168 2199; x_wconf 87' lang='lat' dir='ltr'><strong>vase</strong></span> 
     </span>
     <span class='ocr_line' id='line_1_21' title="bbox 230 2224 1168 2315; baseline -0.001 -22"><span class='ocrx_word' id='word_1_152' title='bbox 230 2224 341 2294; x_wconf 88' lang='lat' dir='ltr'><strong>debito</strong></span> <span class='ocrx_word' id='word_1_153' title='bbox 375 2237 507 2314; x_wconf 84' lang='lat' dir='ltr'><strong>peraeta</strong></span> <span class='ocrx_word' id='word_1_154' title='bbox 540 2225 683 2315; x_wconf 85' lang='lat' dir='ltr'><strong>(etiamsi</strong></span> <span class='ocrx_word' id='word_1_155' title='bbox 715 2246 774 2314; x_wconf 84' lang='lat' dir='ltr'><strong>per</strong></span> <span class='ocrx_word' id='word_1_156' title='bbox 805 2224 957 2293; x_wconf 80' lang='lat' dir='ltr'><strong>accidens</strong></span> <span class='ocrx_word' id='word_1_157' title='bbox 987 2224 1029 2292; x_wconf 92' lang='lat' dir='ltr'><strong>sit</strong></span> <span class='ocrx_word' id='word_1_158' title='bbox 1048 2224 1088 2292; x_wconf 89' lang='lat' dir='ltr'><strong>ad</strong></span> <span class='ocrx_word' id='word_1_159' title='bbox 1109 2244 1168 2311; x_wconf 82' lang='lat' dir='ltr'><strong>ge·</strong></span> 
     </span>
     <span class='ocr_line' id='line_1_22' title="bbox 229 2317 1168 2406; baseline -0.002 -20"><span class='ocrx_word' id='word_1_160' title='bbox 229 2318 437 2386; x_wconf 87' lang='lat' dir='ltr'><strong>nerationem</strong></span> <span class='ocrx_word' id='word_1_161' title='bbox 453 2319 578 2406; x_wconf 85' lang='lat' dir='ltr'><strong>inepta)</strong></span> <span class='ocrx_word' id='word_1_162' title='bbox 597 2318 708 2397; x_wconf 81' lang='lat' dir='ltr'><strong>elficit,</strong></span> <span class='ocrx_word' id='word_1_163' title='bbox 723 2331 760 2387; x_wconf 90' lang='lat' dir='ltr'><strong>nt</strong></span> <span class='ocrx_word' id='word_1_164' title='bbox 774 2317 936 2406; x_wconf 91' lang='lat' dir='ltr'><strong>sponsalia</strong></span> <span class='ocrx_word' id='word_1_165' title='bbox 952 2329 1119 2385; x_wconf 87' lang='lat' dir='ltr'><strong>transeant</strong></span> <span class='ocrx_word' id='word_1_166' title='bbox 1132 2317 1168 2384; x_wconf 92' lang='lat' dir='ltr'><strong>in</strong></span> 
     </span>
     <span class='ocr_line' id='line_1_23' title="bbox 230 2409 1167 2499; baseline 0.002 -23"><span class='ocrx_word' id='word_1_167' title='bbox 230 2431 344 2479; x_wconf 87' lang='lat' dir='ltr'><strong>verum</strong></span> <span class='ocrx_word' id='word_1_168' title='bbox 359 2409 622 2492; x_wconf 88' lang='lat' dir='ltr'><strong>matrimonium,</strong></span> <span class='ocrx_word' id='word_1_169' title='bbox 639 2412 819 2479; x_wconf 92' lang='lat' dir='ltr'><strong>dummodo</strong></span> <span class='ocrx_word' id='word_1_170' title='bbox 833 2411 867 2479; x_wconf 90' lang='lat' dir='ltr'><strong>in</strong></span> <span class='ocrx_word' id='word_1_171' title='bbox 881 2432 919 2479; x_wconf 91' lang='lat' dir='ltr'><strong>ea</strong></span> <span class='ocrx_word' id='word_1_172' title='bbox 935 2410 1072 2499; x_wconf 82' lang='lat' dir='ltr'><strong>regione</strong></span> <span class='ocrx_word' id='word_1_173' title='bbox 1087 2430 1167 2478; x_wconf 85' lang='lat' dir='ltr'><strong>oon·</strong></span> 
     </span>
     <span class='ocr_line' id='line_1_24' title="bbox 232 2502 1169 2593; baseline 0.001 -23"><span class='ocrx_word' id='word_1_174' title='bbox 232 2502 1169 2593; x_wconf 68' lang='lat' dir='ltr'><strong>olliumTridnonlueritpulslioatumoNonpossumhio</strong></span> 
     </span>
     <span class='ocr_line' id='line_1_25' title="bbox 231 2595 1168 2686; baseline 0.002 -23"><span class='ocrx_word' id='word_1_175' title='bbox 231 2595 365 2665; x_wconf 88' lang='lat' dir='ltr'><strong>silentio</strong></span> <span class='ocrx_word' id='word_1_176' title='bbox 386 2595 568 2683; x_wconf 82' lang='lat' dir='ltr'><strong>praeterire</strong></span> <span class='ocrx_word' id='word_1_177' title='bbox 588 2596 851 2681; x_wconf 77' lang='lat' dir='ltr'><strong>instructionem,</strong></span> <span class='ocrx_word' id='word_1_178' title='bbox 868 2619 968 2686; x_wconf 87' lang='lat' dir='ltr'><strong>quam</strong></span> <span class='ocrx_word' id='word_1_179' title='bbox 989 2595 1032 2664; x_wconf 80' lang='lat'><strong>17</strong></span> <span class='ocrx_word' id='word_1_180' title='bbox 1053 2596 1168 2665; x_wconf 86' lang='lat' dir='ltr'><strong>lanua·</strong></span> 
     </span>
     <span class='ocr_line' id='line_1_26' title="bbox 232 2685 1169 2778; baseline 0.005 -24"><span class='ocrx_word' id='word_1_181' title='bbox 232 2687 274 2755; x_wconf 93' lang='lat' dir='ltr'><strong>rii</strong></span> <span class='ocrx_word' id='word_1_182' title='bbox 295 2685 383 2754; x_wconf 66' lang='grc'><strong>1891</strong></span> <span class='ocrx_word' id='word_1_183' title='bbox 408 2688 522 2757; x_wconf 88' lang='lat' dir='ltr'><strong>endem</strong></span> <span class='ocrx_word' id='word_1_184' title='bbox 544 2687 578 2756; x_wconf 91' lang='lat' dir='ltr'><strong>S.</strong></span> <span class='ocrx_word' id='word_1_185' title='bbox 599 2690 819 2778; x_wconf 82' lang='lat' dir='ltr'><strong>Congregatio</strong></span> <span class='ocrx_word' id='word_1_186' title='bbox 840 2693 880 2758; x_wconf 93' lang='lat' dir='ltr'><strong>ad</strong></span> <span class='ocrx_word' id='word_1_187' title='bbox 898 2711 1013 2759; x_wconf 86' lang='lat' dir='ltr'><strong>omnes</strong></span> <span class='ocrx_word' id='word_1_188' title='bbox 1032 2689 1169 2778; x_wconf 79' lang='lat' dir='ltr'><strong>Episco-</strong></span> 
     </span>
     <span class='ocr_line' id='line_1_27' title="bbox 232 2779 1168 2871; baseline 0.003 -24"><span class='ocrx_word' id='word_1_189' title='bbox 232 2801 291 2867; x_wconf 91' lang='lat' dir='ltr'><strong>pos</strong></span> <span class='ocrx_word' id='word_1_190' title='bbox 312 2779 457 2850; x_wconf 86' lang='lat' dir='ltr'><strong>Vionrios</strong></span> <span class='ocrx_word' id='word_1_191' title='bbox 475 2783 678 2870; x_wconf 83' lang='lat' dir='ltr'><strong>Apostolioos</strong></span> <span class='ocrx_word' id='word_1_192' title='bbox 704 2784 738 2851; x_wconf 95' lang='lat' dir='ltr'><strong>in</strong></span> <span class='ocrx_word' id='word_1_193' title='bbox 758 2784 901 2871; x_wconf 88' lang='lat' dir='ltr'><strong>Imperio</strong></span> <span class='ocrx_word' id='word_1_194' title='bbox 934 2782 1087 2853; x_wconf 89' lang='lat' dir='ltr'><strong>Sinarnm</strong></span> <span class='ocrx_word' id='word_1_195' title='bbox 1119 2783 1168 2852; x_wconf 90' lang='lat' dir='ltr'><strong>ei·</strong></span> 
     </span>
     <span class='ocr_line' id='line_1_28' title="bbox 233 2873 1165 2965; baseline 0.006 -27"><span class='ocrx_word' id='word_1_196' title='bbox 233 2894 299 2960; x_wconf 89' lang='lat' dir='ltr'><strong>que</strong></span> <span class='ocrx_word' id='word_1_197' title='bbox 331 2873 556 2944; x_wconf 87' lang='lat' dir='ltr'><strong>adiacentibus</strong></span> <span class='ocrx_word' id='word_1_198' title='bbox 587 2876 698 2963; x_wconf 82' lang='lat' dir='ltr'><strong>regnis</strong></span> <span class='ocrx_word' id='word_1_199' title='bbox 719 2889 819 2965; x_wconf 88' lang='lat' dir='ltr'><strong>atque</strong></span> <span class='ocrx_word' id='word_1_200' title='bbox 851 2875 1031 2945; x_wconf 83' lang='lat' dir='ltr'><strong>Provinciis</strong></span> <span class='ocrx_word' id='word_1_201' title='bbox 1052 2876 1165 2960; x_wconf 91' lang='lat' dir='ltr'><strong>misit,</strong></span> 
     </span>
     <span class='ocr_line' id='line_1_29' title="bbox 184 2966 1168 3059; baseline 0.004 -27"><span class='ocrx_word' id='word_1_202' title='bbox 184 2979 190 2987; x_wconf 82' lang='lat'><strong><em>‘</em></strong></span> <span class='ocrx_word' id='word_1_203' title='bbox 232 2986 297 3053; x_wconf 84' lang='lat' dir='ltr'><strong>qun</strong></span> <span class='ocrx_word' id='word_1_204' title='bbox 319 2966 507 3037; x_wconf 82' lang='lat' dir='ltr'><strong>continetur</strong></span> <span class='ocrx_word' id='word_1_205' title='bbox 528 2989 722 3058; x_wconf 87' lang='lat' dir='ltr'><strong>responsum</strong></span> <span class='ocrx_word' id='word_1_206' title='bbox 741 2970 781 3038; x_wconf 89' lang='lat' dir='ltr'><strong>ad</strong></span> <span class='ocrx_word' id='word_1_207' title='bbox 812 2970 875 3038; x_wconf 88' lang='lat' dir='ltr'><strong>tria</strong></span> <span class='ocrx_word' id='word_1_208' title='bbox 896 2970 1068 3059; x_wconf 88' lang='lat' dir='ltr'><strong>sequentia</strong></span> <span class='ocrx_word' id='word_1_209' title='bbox 1101 2969 1168 3037; x_wconf 86' lang='lat' dir='ltr'><strong>Du-</strong></span> 
     </span>
     <span class='ocr_line' id='line_1_30' title="bbox 233 3058 1168 3144; baseline 0.009 -20"><span class='ocrx_word' id='word_1_210' title='bbox 233 3058 301 3125; x_wconf 91' lang='lat' dir='ltr'><strong>bia.</strong></span> <span class='ocrx_word' id='word_1_211' title='bbox 322 3059 484 3128; x_wconf 75' lang='lat' dir='ltr'><strong>«Dubium</strong></span> <span class='ocrx_word' id='word_1_212' title='bbox 495 3061 659 3130; x_wconf 78' lang='lat' dir='ltr'><strong>Primum.</strong></span> <span class='ocrx_word' id='word_1_213' title='bbox 670 3066 717 3130; x_wconf 81' lang='lat' dir='ltr'><strong>An</strong></span> <span class='ocrx_word' id='word_1_214' title='bbox 732 3062 764 3130; x_wconf 92' lang='lat' dir='ltr'><strong>in</strong></span> <span class='ocrx_word' id='word_1_215' title='bbox 779 3063 914 3144; x_wconf 80' lang='lat' dir='ltr'><strong>Chinae,</strong></span> <span class='ocrx_word' id='word_1_216' title='bbox 926 3061 1168 3132; x_wconf 84' lang='lat' dir='ltr'><strong>Cochinohinae</strong></span> 
     </span>
     <span class='ocr_line' id='line_1_31' title="bbox 233 3153 1168 3246; baseline 0.005 -27"><span class='ocrx_word' id='word_1_217' title='bbox 233 3163 266 3219; x_wconf 89' lang='lat' dir='ltr'><strong>et</strong></span> <span class='ocrx_word' id='word_1_218' title='bbox 286 3153 428 3220; x_wconf 86' lang='lat' dir='ltr'><strong>Tunkini</strong></span> <span class='ocrx_word' id='word_1_219' title='bbox 460 3153 634 3243; x_wconf 88' lang='lat' dir='ltr'><strong>utriusque</strong></span> <span class='ocrx_word' id='word_1_220' title='bbox 666 3156 880 3243; x_wconf 82' lang='lat' dir='ltr'><strong>Regionihus,</strong></span> <span class='ocrx_word' id='word_1_221' title='bbox 901 3157 933 3224; x_wconf 90' lang='lat' dir='ltr'><strong>in</strong></span> <span class='ocrx_word' id='word_1_222' title='bbox 954 3157 1075 3246; x_wconf 88' lang='lat' dir='ltr'><strong>quihus</strong></span> <span class='ocrx_word' id='word_1_223' title='bbox 1096 3156 1168 3224; x_wconf 87' lang='lat' dir='ltr'><strong>Tri-</strong></span> 
     </span>
     <span class='ocr_line' id='line_1_32' title="bbox 231 3246 1169 3337; baseline 0.007 -26"><span class='ocrx_word' id='word_1_224' title='bbox 231 3246 404 3314; x_wconf 87' lang='lat' dir='ltr'><strong>dentinum</strong></span> <span class='ocrx_word' id='word_1_225' title='bbox 425 3247 466 3315; x_wconf 89' lang='lat' dir='ltr'><strong>de</strong></span> <span class='ocrx_word' id='word_1_226' title='bbox 486 3248 694 3318; x_wconf 85' lang='lat' dir='ltr'><strong>llatrirnonio</strong></span> <span class='ocrx_word' id='word_1_227' title='bbox 727 3249 1068 3318; x_wconf 79' lang='lat' dir='ltr'><strong>Decretumnondum</strong></span> <span class='ocrx_word' id='word_1_228' title='bbox 1092 3270 1169 3337; x_wconf 87' lang='lat' dir='ltr'><strong>pro·</strong></span> 
     </span>
     <span class='ocr_line' id='line_1_33' title="bbox 234 3339 1168 3433; baseline 0.006 -29"><span class='ocrx_word' id='word_1_229' title='bbox 234 3339 417 3423; x_wconf 83' lang='lat' dir='ltr'><strong>mulgatum</strong></span> <span class='ocrx_word' id='word_1_230' title='bbox 435 3352 495 3423; x_wconf 89' lang='lat' dir='ltr'><strong>est,</strong></span> <span class='ocrx_word' id='word_1_231' title='bbox 512 3340 634 3430; x_wconf 84' lang='lat' dir='ltr'><strong>Copula</strong></span> <span class='ocrx_word' id='word_1_232' title='bbox 651 3342 817 3430; x_wconf 90' lang='lat' dir='ltr'><strong>sponsalia</strong></span> <span class='ocrx_word' id='word_1_233' title='bbox 832 3343 1038 3433; x_wconf 88' lang='lat' dir='ltr'><strong>subsequens</strong></span> <span class='ocrx_word' id='word_1_234' title='bbox 1052 3363 1168 3411; x_wconf 88' lang='lat' dir='ltr'><strong>verum</strong></span> 
     </span>
     <span class='ocr_line' id='line_1_34' title="bbox 234 3429 1171 3524; baseline 0.01 -29"><span class='ocrx_word' id='word_1_235' title='bbox 234 3429 478 3500; x_wconf 85' lang='lat' dir='ltr'><strong>Matrimonium</strong></span> <span class='ocrx_word' id='word_1_236' title='bbox 501 3432 646 3517; x_wconf 85' lang='lat' dir='ltr'><strong>inducat,</strong></span> <span class='ocrx_word' id='word_1_237' title='bbox 667 3435 796 3503; x_wconf 84' lang='lat' dir='ltr'><strong>etiamsi</strong></span> <span class='ocrx_word' id='word_1_238' title='bbox 816 3437 927 3524; x_wconf 91' lang='lat' dir='ltr'><strong>sponsi</strong></span> <span class='ocrx_word' id='word_1_239' title='bbox 947 3438 1034 3505; x_wconf 86' lang='lat' dir='ltr'><strong>inter</strong></span> <span class='ocrx_word' id='word_1_240' title='bbox 1050 3440 1171 3504; x_wconf 73' lang='lat' dir='ltr'><strong>coeun-</strong></span> 
     </span>
    </p>
   </div>
   <div class='ocr_carea' id='block_1_3' title="bbox 235 3522 1172 3613">
    <p class='ocr_par' dir='ltr' id='par_1_3' title="bbox 235 3522 1172 3613">
     <span class='ocr_line' id='line_1_35' title="bbox 235 3522 1172 3613; baseline 0.009 -25"><span class='ocrx_word' id='word_1_241' title='bbox 235 3522 315 3590; x_wconf 90' lang='lat' dir='ltr'><strong>dum</strong></span> <span class='ocrx_word' id='word_1_242' title='bbox 345 3546 412 3593; x_wconf 89' lang='lat' dir='ltr'><strong>non</strong></span> <span class='ocrx_word' id='word_1_243' title='bbox 433 3527 575 3596; x_wconf 85' lang='lat' dir='ltr'><strong>maritali</strong></span> <span class='ocrx_word' id='word_1_244' title='bbox 597 3529 726 3612; x_wconf 80' lang='lat' dir='ltr'><strong>ellectu,</strong></span> <span class='ocrx_word' id='word_1_245' title='bbox 741 3530 796 3598; x_wconf 88' lang='lat' dir='ltr'><strong>sed</strong></span> <span class='ocrx_word' id='word_1_246' title='bbox 816 3530 954 3599; x_wconf 91' lang='lat' dir='ltr'><strong>libidine</strong></span> <span class='ocrx_word' id='word_1_247' title='bbox 974 3529 1077 3613; x_wconf 87' lang='lat' dir='ltr'><strong>moti,</strong></span> <span class='ocrx_word' id='word_1_248' title='bbox 1102 3529 1172 3597; x_wconf 85' lang='lat' dir='ltr'><strong>exi·</strong></span> 
     </span>
    </p>
   </div>
   <div class='ocr_carea' id='block_1_4' title="bbox 0 0 1331 4175">
    <p class='ocr_par' dir='ltr' id='par_1_4' title="bbox 0 0 1331 4175">
     <span class='ocr_line' id='line_1_36' title="bbox 0 0 1331 4175; baseline 0 0"><span class='ocrx_word' id='word_1_249' title='bbox 0 0 1331 4175; x_wconf 95' lang='lat' dir='ltr'><strong> </strong></span> 
     </span>
    </p>
   </div>
  </div>
 </body>
</html>
