2642 4175
357 405 402 448 na
420 404 656 449 mannmnums
675 365 872 451 utromodo
970 394 1037 451 219

140 500 313 571 Eberecbt
336 502 396 569 der
426 499 691 571 Orientaliscben
717 502 905 588 ·llircbe,»
940 502 1083 574 Vindob.

141 592 249 673 11864,
268 617 303 684 p.
325 594 409 664 449.
1067 672 1077 680 ,

192 688 368 758 Caeterum
387 689 499 757 nullus
517 687 605 758 Ordo
623 709 717 758 sacer
747 688 820 758 iore
841 691 1009 775 naturali,
1031 692 1082 761 vel

144 783 269 860 divino,
302 783 359 850 scd
389 793 516 851 tantum
537 783 669 870 exlege
702 783 933 864 ecclesiastica,
958 797 991 853 et
1009 797 1085 853 voto

146 876 281 965 nuptias
301 874 441 944 dirimit.
462 876 533 944 Non
556 876 629 945 iure
648 877 804 960 naturali,
827 877 905 966 quia
925 877 1004 946 licet
1023 898 1084 967 per

145 990 274 1039 sacram
296 969 538 1039 ordinationem
555 970 735 1059 deputetur
747 970 848 1040 bomo
868 983 902 1040 et
917 970 1086 1058 obligetur

117 1064 188 1132 xad
208 1062 432 1132 ministerium
452 1075 486 1132 et
505 1063 631 1132 cultum
651 1062 812 1145 divinum,
831 1074 931 1153 atque
943 1065 983 1132 ad
999 1065 1086 1132 hanc

147 1155 386 1244 obligationem
407 1156 471 1225 rite
503 1169 537 1226 et
556 1167 668 1225 sancte
689 1156 933 1244 adimplendam
959 1157 1087 1245 puritas

146 1259 182 1318 et
200 1262 360 1339 perpetua
382 1249 585 1319 continentia
614 1250 757 1318 multum
779 1251 949 1333 conferat,
974 1250 1084 1340 ipsum

146 1354 260 1412 tamen
276 1343 540 1427 matrimonium,
560 1354 593 1412 et
613 1344 772 1412 honestus
789 1343 877 1413 illius
891 1365 971 1413 usus
992 1363 1087 1413 sacro

80 1464 89 1473 r
147 1436 258 1505 ordini
279 1457 318 1505 ex
337 1431 454 1508 natura
478 1458 563 1521 soa,
597 1457 655 1506 seu
691 1458 729 1505 ex
754 1438 896 1507 naturali
924 1438 997 1507 iure
1019 1457 1084 1507 non

149 1531 348 1618 refragatur,
371 1531 452 1599 alias
473 1531 560 1599 enim
583 1528 635 1611 iis,
655 1531 712 1621 qui
734 1552 827 1599 sacro
857 1531 973 1600 ordine
994 1531 1028 1599 in
1049 1552 1087 1599 o·

103 1639 105 1642 ’
146 1622 280 1692 rientali
295 1624 439 1693 Ecclesia
452 1635 530 1693 sunt
542 1624 662 1693 initiati
677 1625 813 1694 concedi
829 1645 895 1694 non
910 1626 1086 1715 potuisset.

144 1716 339 1785 Non-babet
367 1739 406 1786 ex
425 1718 499 1786 iure
519 1717 647 1800 divino,
670 1717 748 1808 quia
778 1718 811 1786 in
841 1720 943 1787 sacris
962 1719 1082 1788 litteris
1123 1747 1135 1757 ·

149 1811 242 1878 nulla
264 1822 368 1880 exstat
382 1807 589 1901 probibitio,
613 1833 699 1901 quae
726 1812 922 1882 constitutos
942 1812 976 1880 in
992 1832 1087 1882 sacro

145 1903 266 1972 ordine
279 1926 297 1972 a
308 1904 433 1993 nuptiis
445 1904 582 1973 omnino
596 1916 781 1986 removeam
792 1926 901 1995 nequa
916 1905 1018 1974 asseri
1033 1927 1089 1996 po·
1161 1973 1164 1978 ,

146 2008 224 2079 test,
244 1999 334 2086 quod
354 2001 405 2067 lex
424 1998 531 2066 divina
552 2019 591 2066 ex
609 1998 788 2066 traditione
808 1998 982 2067 habeatur.
999 1998 1087 2067 Licet

149 2091 241 2160 enim
254 2093 368 2161 Latina
378 2093 523 2161 Ecclesia
538 2114 576 2160 ex
588 2092 768 2161 traditione
776 2104 940 2160 servatum
957 2112 1099 2180 semper·

149 2185 294 2255 voluerit
311 2186 474 2255 maiorum
493 2186 691 2254 clericorum
705 2184 914 2264 coelibatum,
934 2196 967 2252 et
995 2185 1029 2252 in
1054 2206 1089 2253 u·

150 2288 269 2367 traque
289 2280 427 2349 ecclesia
456 2300 572 2367 graeca
605 2289 637 2347 et
670 2277 773 2347 latina
794 2276 1088 2347 sacrisordinibus

148 2372 270 2441 initiati
304 2373 530 2463 impediantur
562 2392 603 2441 ex
630 2371 811 2442 traditione
838 2370 1088 2441 matrimonium

149 2467 360 2549 contrahere,
383 2467 466 2535 baec
485 2479 595 2535 tamen
616 2486 684 2536 non
704 2465 836 2551 divina,
858 2466 916 2535 sed
934 2465 1088 2536 ecclesia·

147 2558 230 2628 stica
250 2561 385 2630 traditio
398 2562 567 2629 dumtaxat
580 2571 640 2636 est,
655 2579 717 2628 nec
732 2560 818 2629 ultra
838 2559 921 2649 legis
936 2559 1089 2630 ecclesia-

149 2652 253 2721 sticae
274 2653 397 2723 limites
416 2653 648 2744 protenditur,
672 2664 713 2724 ut¹
732 2653 870 2723 interius
889 2653 1085 2723 videbimus.

148 2745 265 2835 ltaque
280 2744 421 2815 Romani
442 2746 620 2816 Pontifices
637 2768 674 2837 ea
693 2747 894 2835 gravissimis
911 2747 1087 2817 causissu·

151 2860 211 2926 per
230 2840 294 2908 boc
314 2840 552 2933 impedimento
572 2839 752 2923 interdum,
775 2852 808 2910 et
827 2841 1032 2929 praesertim,
1052 2862 1087 2910 a·

149 2932 344 3002 cerbissimo
364 2933 501 3021 angliae
519 2934 723 3016 schismatis,
743 2945 776 3001 et
794 2933 936 3002 Gallicae
955 2947 1086 3022 pertur-

149 3025 292 3095 bationis
305 3027 579 3116 tempore‚lnlius
592 3027 635 3094 lll
651 3047 710 3115 per
728 3026 935 3095 cardinalem
954 3027 1083 3115 Polum,

149 3130 182 3187 et
207 3119 286 3189 Pius
311 3119 365 3188 Vll
386 3141 446 3209 per
466 3119 764 3190 eminentissimum
797 3119 909 3186 Virum
942 3120 1084 3208 Caprara

148 3213 398 3302 dispensarunt.
415 3213 448 3283 Si
465 3213 539 3304 quis
556 3234 633 3283 vcro
653 3224 730 3282 ante
747 3211 887 3281 rationis
907 3232 1017 3294 usum,
1036 3214 1085 3282 uel

147 3307 247 3376 etiam
265 3320 352 3398 post,
369 3309 427 3378 sed
444 3320 555 3376 tamen
574 3320 650 3376 ante
667 3307 886 3395 pubertatem,
906 3303 1014 3374 Sacris
1030 3303 1086 3374 Or

147 3400 281 3471 dinibus
302 3401 478 3484 initietur,
498 3402 579 3489 lege·
590 3399 814 3470 continentiae
834 3399 920 3470 baud
943 3400 1085 3468 obstrin-

145 3495 258 3582 gitur,
281 3495 348 3564 nisi
369 3506 444 3583 post
472 3495 669 3583 completam
698 3494 930 3584 pubertatem,
954 3493 1018 3562 hoc
1036 3506 1088 3583 est

146 3600 218 3676 post
237 3610 293 3659 au.
317 3585 364 3656 to
384 3608 478 3656 suam
504 3587 747 3659 ordinationem
768 3608 945 3678 expresse,
966 3587 1018 3656 vel
1038 3596 1086 3651 ta-
