<?xml version="1.0" encoding="UTF-8"?>
<!DOCTYPE html PUBLIC "-//W3C//DTD XHTML 1.0 Transitional//EN"
    "http://www.w3.org/TR/xhtml1/DTD/xhtml1-transitional.dtd">
<html xmlns="http://www.w3.org/1999/xhtml" xml:lang="en" lang="en">
 <head>
  <title>
</title>
<meta http-equiv="Content-Type" content="text/html;charset=utf-8" />
  <meta name='ocr-system' content='tesseract 3.04.00' />
  <meta name='ocr-capabilities' content='ocr_page ocr_carea ocr_par ocr_line ocrx_word'/>
</head>
<body>
  <div class='ocr_page' id='page_1' title='image "./septimiimariaev00veccgoog_0225.png"; bbox 0 0 2642 4175; ppageno 0'>
   <div class='ocr_carea' id='block_1_1' title="bbox 348 329 1025 404">
    <p class='ocr_par' dir='ltr' id='par_1_1' title="bbox 348 329 1025 404">
     <span class='ocr_line' id='line_1_1' title="bbox 348 329 1025 404; baseline 0.012 -22"><span class='ocrx_word' id='word_1_1' title='bbox 348 338 391 382; x_wconf 83' lang='lat' dir='ltr'><strong>nn</strong></span> <span class='ocrx_word' id='word_1_2' title='bbox 409 336 644 384; x_wconf 77' lang='lat' dir='ltr'><strong>ruennmnnrts</strong></span> <span class='ocrx_word' id='word_1_3' title='bbox 660 338 861 386; x_wconf 77' lang='lat' dir='ltr'><strong>amnnmonn</strong></span> <span class='ocrx_word' id='word_1_4' title='bbox 956 329 1025 404; x_wconf 54' lang='lat'><strong>203,</strong></span> 
     </span>
    </p>
   </div>
   <div class='ocr_carea' id='block_1_2' title="bbox 71 451 1076 1452">
    <p class='ocr_par' dir='ltr' id='par_1_2' title="bbox 71 451 1076 1452">
     <span class='ocr_line' id='line_1_2' title="bbox 129 451 1076 528; baseline 0.004 -24"><span class='ocrx_word' id='word_1_5' title='bbox 129 452 226 508; x_wconf 85' lang='lat' dir='ltr'><strong>eleaise</strong></span> <span class='ocrx_word' id='word_1_6' title='bbox 239 453 381 528; x_wconf 84' lang='lat' dir='ltr'><strong>¹particeps</strong></span> <span class='ocrx_word' id='word_1_7' title='bbox 397 453 464 509; x_wconf 87' lang='lat' dir='ltr'><strong>lieri.</strong></span> <span class='ocrx_word' id='word_1_8' title='bbox 486 473 498 498; x_wconf 80' lang='grc' dir='ltr'>ι</span> <span class='ocrx_word' id='word_1_9' title='bbox 519 451 547 506; x_wconf 89' lang='lat' dir='ltr'><strong>Si</strong></span> <span class='ocrx_word' id='word_1_10' title='bbox 564 468 626 504; x_wconf 86' lang='lat' dir='ltr'><strong>vero</strong></span> <span class='ocrx_word' id='word_1_11' title='bbox 643 453 763 524; x_wconf 84' lang='lat' dir='ltr'><strong>illicitum</strong></span> <span class='ocrx_word' id='word_1_12' title='bbox 781 462 819 507; x_wconf 88' lang='lat' dir='ltr'><strong>cat</strong></span> <span class='ocrx_word' id='word_1_13' title='bbox 836 461 866 507; x_wconf 81' lang='lat' dir='ltr'><strong>et</strong></span> <span class='ocrx_word' id='word_1_14' title='bbox 879 453 1024 508; x_wconf 84' lang='lat' dir='ltr'><strong>invalidam</strong></span> <span class='ocrx_word' id='word_1_15' title='bbox 1040 454 1076 524; x_wconf 63' lang='lat' dir='ltr'><strong>ol)</strong></span> 
     </span>
     <span class='ocr_line' id='line_1_3' title="bbox 102 530 1072 602; baseline 0.001 -21"><span class='ocrx_word' id='word_1_16' title='bbox 102 564 105 568; x_wconf 29' lang='grc' dir='ltr'><em>ν</em></span> <span class='ocrx_word' id='word_1_17' title='bbox 131 530 259 588; x_wconf 76' lang='lat' dir='ltr'><strong>dirimens</strong></span> <span class='ocrx_word' id='word_1_18' title='bbox 277 542 382 601; x_wconf 90' lang='lat' dir='ltr'><strong>praeter</strong></span> <span class='ocrx_word' id='word_1_19' title='bbox 394 534 628 602; x_wconf 82' lang='lat' dir='ltr'><strong>clandestinitatem</strong></span> <span class='ocrx_word' id='word_1_20' title='bbox 646 532 873 602; x_wconf 74' lang='lat' dir='ltr'><strong>impedimentum,</strong></span> <span class='ocrx_word' id='word_1_21' title='bbox 891 533 928 584; x_wconf 92' lang='lat' dir='ltr'><strong>nil</strong></span> <span class='ocrx_word' id='word_1_22' title='bbox 946 531 1072 602; x_wconf 79' lang='lat' dir='ltr'><strong>estquod</strong></span> 
     </span>
     <span class='ocr_line' id='line_1_4' title="bbox 131 608 1073 681; baseline 0.003 -22"><span class='ocrx_word' id='word_1_23' title='bbox 131 608 271 677; x_wconf 82' lang='lat' dir='ltr'><strong>spaciatim</strong></span> <span class='ocrx_word' id='word_1_24' title='bbox 295 611 399 676; x_wconf 86' lang='lat' dir='ltr'><strong>dicam,</strong></span> <span class='ocrx_word' id='word_1_25' title='bbox 416 628 497 681; x_wconf 88' lang='lat' dir='ltr'><strong>quum</strong></span> <span class='ocrx_word' id='word_1_26' title='bbox 516 619 654 664; x_wconf 88' lang='lat' dir='ltr'><strong>recurrant</strong></span> <span class='ocrx_word' id='word_1_27' title='bbox 670 609 798 678; x_wconf 87' lang='lat' dir='ltr'><strong>principia</strong></span> <span class='ocrx_word' id='word_1_28' title='bbox 818 611 855 663; x_wconf 93' lang='lat' dir='ltr'><strong>rei</strong></span> <span class='ocrx_word' id='word_1_29' title='bbox 874 609 978 662; x_wconf 85' lang='lat' dir='ltr'><strong>moralis</strong></span> <span class='ocrx_word' id='word_1_30' title='bbox 1001 625 1073 662; x_wconf 88' lang='lat' dir='ltr'><strong>eom·</strong></span> 
     </span>
     <span class='ocr_line' id='line_1_5' title="bbox 132 684 1075 752; baseline 0.001 -13"><span class='ocrx_word' id='word_1_31' title='bbox 132 684 224 739; x_wconf 85' lang='lat' dir='ltr'><strong>munia</strong></span> <span class='ocrx_word' id='word_1_32' title='bbox 252 689 295 741; x_wconf 93' lang='lat' dir='ltr'><strong>vel</strong></span> <span class='ocrx_word' id='word_1_33' title='bbox 309 688 346 742; x_wconf 82' lang='lat' dir='ltr'><strong>de.</strong></span> <span class='ocrx_word' id='word_1_34' title='bbox 359 689 427 742; x_wconf 86' lang='lat' dir='ltr'><strong>bona</strong></span> <span class='ocrx_word' id='word_1_35' title='bbox 444 688 517 752; x_wconf 89' lang='lat' dir='ltr'><strong>lide,</strong></span> <span class='ocrx_word' id='word_1_36' title='bbox 535 689 578 742; x_wconf 83' lang='lat' dir='ltr'><strong>rel</strong></span> <span class='ocrx_word' id='word_1_37' title='bbox 590 687 624 739; x_wconf 87' lang='lat' dir='ltr'><strong>da</strong></span> <span class='ocrx_word' id='word_1_38' title='bbox 635 686 774 741; x_wconf 90' lang='lat' dir='ltr'><strong>validando</strong></span> <span class='ocrx_word' id='word_1_39' title='bbox 787 686 967 750; x_wconf 74' lang='lat' dir='ltr'><strong>Matrimonia,</strong></span> <span class='ocrx_word' id='word_1_40' title='bbox 986 688 1027 740; x_wconf 83' lang='lat' dir='ltr'><strong>rel</strong></span> <span class='ocrx_word' id='word_1_41' title='bbox 1041 687 1075 740; x_wconf 89' lang='lat' dir='ltr'><strong>do</strong></span> 
     </span>
     <span class='ocr_line' id='line_1_6' title="bbox 132 763 1075 834; baseline 0.002 -17"><span class='ocrx_word' id='word_1_42' title='bbox 132 765 299 822; x_wconf 82' lang='lat' dir='ltr'><strong>eosanando</strong></span> <span class='ocrx_word' id='word_1_43' title='bbox 318 768 345 820; x_wconf 86' lang='lat' dir='ltr'><strong>ira</strong></span> <span class='ocrx_word' id='word_1_44' title='bbox 363 767 451 820; x_wconf 85' lang='lat' dir='ltr'><strong>radice</strong></span> <span class='ocrx_word' id='word_1_45' title='bbox 461 804 470 830; x_wconf 92' lang='lat'><strong>,</strong></span> <span class='ocrx_word' id='word_1_46' title='bbox 488 784 519 819; x_wconf 82' lang='lat' dir='ltr'><strong>ex</strong></span> <span class='ocrx_word' id='word_1_47' title='bbox 537 766 633 834; x_wconf 88' lang='lat' dir='ltr'><strong>quibus</strong></span> <span class='ocrx_word' id='word_1_48' title='bbox 650 763 852 834; x_wconf 39' lang='lat' dir='ltr'><strong>omnibussquid</strong></span> <span class='ocrx_word' id='word_1_49' title='bbox 870 764 903 817; x_wconf 90' lang='lat' dir='ltr'><strong>ds</strong></span> <span class='ocrx_word' id='word_1_50' title='bbox 920 764 1075 819; x_wconf 73' lang='lat' dir='ltr'><strong>admissione</strong></span> 
     </span>
     <span class='ocr_line' id='line_1_7' title="bbox 118 840 1075 907; baseline 0.003 -14"><span class='ocrx_word' id='word_1_51' title='bbox 118 840 167 898; x_wconf 87' lang='lat' dir='ltr'><strong>·ad</strong></span> <span class='ocrx_word' id='word_1_52' title='bbox 179 840 349 895; x_wconf 71' lang='lat' dir='ltr'><strong>Sacramenta</strong></span> <span class='ocrx_word' id='word_1_53' title='bbox 363 844 443 896; x_wconf 87' lang='lat' dir='ltr'><strong>statui</strong></span> <span class='ocrx_word' id='word_1_54' title='bbox 455 842 562 907; x_wconf 87' lang='lat' dir='ltr'><strong>debeat,</strong></span> <span class='ocrx_word' id='word_1_55' title='bbox 575 842 651 894; x_wconf 87' lang='lat' dir='ltr'><strong>lacile</strong></span> <span class='ocrx_word' id='word_1_56' title='bbox 664 840 813 897; x_wconf 74' lang='lat' dir='ltr'><strong>deducitur.</strong></span> <span class='ocrx_word' id='word_1_57' title='bbox 832 840 890 895; x_wconf 86' lang='lat' dir='ltr'><strong>Duo</strong></span> <span class='ocrx_word' id='word_1_58' title='bbox 907 843 950 895; x_wconf 88' lang='lat' dir='ltr'><strong>hic</strong></span> <span class='ocrx_word' id='word_1_59' title='bbox 963 842 1075 896; x_wconf 85' lang='lat' dir='ltr'><strong>notanda</strong></span> 
     </span>
     <span class='ocr_line' id='line_1_8' title="bbox 133 918 1074 990; baseline 0.004 -20"><span class='ocrx_word' id='word_1_60' title='bbox 133 927 206 986; x_wconf 89' lang='lat' dir='ltr'><strong>sunt;</strong></span> <span class='ocrx_word' id='word_1_61' title='bbox 219 920 332 973; x_wconf 88' lang='lat' dir='ltr'><strong>alterum</strong></span> <span class='ocrx_word' id='word_1_62' title='bbox 343 929 393 974; x_wconf 73' lang='lat' dir='ltr'><strong>estc</strong></span> <span class='ocrx_word' id='word_1_63' title='bbox 410 937 568 990; x_wconf 75' lang='lat' dir='ltr'><strong>quaecunque</strong></span> <span class='ocrx_word' id='word_1_64' title='bbox 581 918 657 972; x_wconf 90' lang='lat' dir='ltr'><strong>modo</strong></span> <span class='ocrx_word' id='word_1_65' title='bbox 668 919 864 973; x_wconf 74' lang='lat' dir='ltr'><strong>Matrimonium</strong></span> <span class='ocrx_word' id='word_1_66' title='bbox 882 918 1024 985; x_wconf 90' lang='lat' dir='ltr'><strong>validetur,</strong></span> <span class='ocrx_word' id='word_1_67' title='bbox 1035 920 1074 974; x_wconf 89' lang='lat' dir='ltr'><strong>di-</strong></span> 
     </span>
     <span class='ocr_line' id='line_1_9' title="bbox 133 996 1075 1068; baseline 0.002 -18"><span class='ocrx_word' id='word_1_68' title='bbox 133 999 266 1066; x_wconf 88' lang='lat' dir='ltr'><strong>spensatio</strong></span> <span class='ocrx_word' id='word_1_69' title='bbox 277 1016 381 1068; x_wconf 79' lang='lat' dir='ltr'><strong>semper</strong></span> <span class='ocrx_word' id='word_1_70' title='bbox 392 998 502 1068; x_wconf 87' lang='lat' dir='ltr'><strong>petenda</strong></span> <span class='ocrx_word' id='word_1_71' title='bbox 520 1008 559 1051; x_wconf 88' lang='lat' dir='ltr'><strong>est</strong></span> <span class='ocrx_word' id='word_1_72' title='bbox 571 999 599 1050; x_wconf 90' lang='lat' dir='ltr'><strong>in</strong></span> <span class='ocrx_word' id='word_1_73' title='bbox 612 996 798 1065; x_wconf 86' lang='lat' dir='ltr'><strong>impedimento</strong></span> <span class='ocrx_word' id='word_1_74' title='bbox 815 996 925 1067; x_wconf 87' lang='lat' dir='ltr'><strong>disparis</strong></span> <span class='ocrx_word' id='word_1_75' title='bbox 940 999 1038 1064; x_wconf 89' lang='lat' dir='ltr'><strong>cultus,</strong></span> <span class='ocrx_word' id='word_1_76' title='bbox 1049 1011 1075 1052; x_wconf 92' lang='lat' dir='ltr'><strong>et</strong></span> 
     </span>
     <span class='ocr_line' id='line_1_10' title="bbox 71 1071 1076 1144; baseline 0.002 -17"><span class='ocrx_word' id='word_1_77' title='bbox 71 1133 76 1139; x_wconf 48' lang='grc'><strong>,</strong></span> <span class='ocrx_word' id='word_1_78' title='bbox 132 1083 264 1143; x_wconf 83' lang='lat' dir='ltr'><strong>quantum</strong></span> <span class='ocrx_word' id='word_1_79' title='bbox 276 1075 332 1127; x_wconf 88' lang='lat' dir='ltr'><strong>lieri</strong></span> <span class='ocrx_word' id='word_1_80' title='bbox 343 1085 437 1144; x_wconf 85' lang='lat' dir='ltr'><strong>potest,</strong></span> <span class='ocrx_word' id='word_1_81' title='bbox 449 1076 497 1129; x_wconf 79' lang='lat' dir='ltr'><strong>liae</strong></span> <span class='ocrx_word' id='word_1_82' title='bbox 509 1092 599 1128; x_wconf 87' lang='lat' dir='ltr'><strong>omncs</strong></span> <span class='ocrx_word' id='word_1_83' title='bbox 611 1071 776 1126; x_wconf 86' lang='lat' dir='ltr'><strong>adhibendas</strong></span> <span class='ocrx_word' id='word_1_84' title='bbox 792 1082 855 1126; x_wconf 89' lang='lat' dir='ltr'><strong>suut</strong></span> <span class='ocrx_word' id='word_1_85' title='bbox 871 1073 1033 1128; x_wconf 84' lang='lat' dir='ltr'><strong>conditiones</strong></span> <span class='ocrx_word' id='word_1_86' title='bbox 1049 1086 1076 1129; x_wconf 90' lang='lat' dir='ltr'><strong>et</strong></span> 
     </span>
     <span class='ocr_line' id='line_1_11' title="bbox 134 1150 1075 1222; baseline 0.002 -19"><span class='ocrx_word' id='word_1_87' title='bbox 134 1151 266 1215; x_wconf 77' lang='lat' dir='ltr'><strong>cauteiae,</strong></span> <span class='ocrx_word' id='word_1_88' title='bbox 275 1169 343 1222; x_wconf 88' lang='lat' dir='ltr'><strong>quac</strong></span> <span class='ocrx_word' id='word_1_89' title='bbox 352 1170 400 1221; x_wconf 89' lang='lat' dir='ltr'><strong>pro</strong></span> <span class='ocrx_word' id='word_1_90' title='bbox 408 1154 657 1207; x_wconf 83' lang='lat' dir='ltr'><strong>matrimoniomixto</strong></span> <span class='ocrx_word' id='word_1_91' title='bbox 668 1150 844 1206; x_wconf 84' lang='lat' dir='ltr'><strong>contrahendo</strong></span> <span class='ocrx_word' id='word_1_92' title='bbox 851 1151 993 1204; x_wconf 82' lang='lat' dir='ltr'><strong>scrvsndae</strong></span> <span class='ocrx_word' id='word_1_93' title='bbox 1001 1169 1075 1221; x_wconf 88' lang='lat' dir='ltr'><strong>prac-</strong></span> 
     </span>
     <span class='ocr_line' id='line_1_12' title="bbox 133 1227 1076 1298; baseline -0.001 -16"><span class='ocrx_word' id='word_1_94' title='bbox 133 1228 299 1284; x_wconf 79' lang='lat' dir='ltr'><strong>scrilrnntur.</strong></span> <span class='ocrx_word' id='word_1_95' title='bbox 315 1231 434 1284; x_wconf 73' lang='lat' dir='ltr'><strong>Alterum</strong></span> <span class='ocrx_word' id='word_1_96' title='bbox 447 1240 496 1283; x_wconf 73' lang='lat' dir='ltr'><strong>ests</strong></span> <span class='ocrx_word' id='word_1_97' title='bbox 515 1231 535 1282; x_wconf 90' lang='lat' dir='ltr'><strong>si</strong></span> <span class='ocrx_word' id='word_1_98' title='bbox 554 1227 740 1298; x_wconf 77' lang='lat' dir='ltr'><strong>praevideatur</strong></span> <span class='ocrx_word' id='word_1_99' title='bbox 756 1244 843 1281; x_wconf 90' lang='lat' dir='ltr'><strong>eoram</strong></span> <span class='ocrx_word' id='word_1_100' title='bbox 861 1229 934 1281; x_wconf 85' lang='lat' dir='ltr'><strong>civili</strong></span> <span class='ocrx_word' id='word_1_101' title='bbox 951 1229 1076 1282; x_wconf 88' lang='lat' dir='ltr'><strong>tribunali</strong></span> 
     </span>
     <span class='ocr_line' id='line_1_13' title="bbox 135 1303 1075 1374; baseline 0.001 -17"><span class='ocrx_word' id='word_1_102' title='bbox 135 1307 242 1374; x_wconf 85' lang='lat' dir='ltr'><strong>nuptias</strong></span> <span class='ocrx_word' id='word_1_103' title='bbox 259 1307 334 1360; x_wconf 84' lang='lat' dir='ltr'><strong>brevi</strong></span> <span class='ocrx_word' id='word_1_104' title='bbox 353 1308 407 1360; x_wconf 88' lang='lat' dir='ltr'><strong>lore</strong></span> <span class='ocrx_word' id='word_1_105' title='bbox 425 1307 612 1369; x_wconf 85' lang='lat' dir='ltr'><strong>dissolvendas,</strong></span> <span class='ocrx_word' id='word_1_106' title='bbox 629 1305 746 1374; x_wconf 84' lang='lat' dir='ltr'><strong>adeoque</strong></span> <span class='ocrx_word' id='word_1_107' title='bbox 759 1306 844 1358; x_wconf 92' lang='lat' dir='ltr'><strong>nullas</strong></span> <span class='ocrx_word' id='word_1_108' title='bbox 861 1303 1000 1369; x_wconf 89' lang='lat' dir='ltr'><strong>declarari,</strong></span> <span class='ocrx_word' id='word_1_109' title='bbox 1010 1323 1075 1359; x_wconf 92' lang='lat' dir='ltr'><strong>con·</strong></span> 
     </span>
     <span class='ocr_line' id='line_1_14' title="bbox 133 1380 1075 1452; baseline 0.004 -21"><span class='ocrx_word' id='word_1_110' title='bbox 133 1383 230 1436; x_wconf 85' lang='lat' dir='ltr'><strong>sultins</strong></span> <span class='ocrx_word' id='word_1_111' title='bbox 238 1391 289 1446; x_wconf 89' lang='lat' dir='ltr'><strong>est,</strong></span> <span class='ocrx_word' id='word_1_112' title='bbox 300 1401 327 1436; x_wconf 92' lang='lat' dir='ltr'><strong>se</strong></span> <span class='ocrx_word' id='word_1_113' title='bbox 338 1384 466 1437; x_wconf 84' lang='lat' dir='ltr'><strong>abstinere</strong></span> <span class='ocrx_word' id='word_1_114' title='bbox 475 1401 490 1436; x_wconf 96' lang='lat' dir='ltr'><strong>a</strong></span> <span class='ocrx_word' id='word_1_115' title='bbox 499 1383 616 1452; x_wconf 89' lang='lat' dir='ltr'><strong>quolibet</strong></span> <span class='ocrx_word' id='word_1_116' title='bbox 624 1391 696 1444; x_wconf 91' lang='lat' dir='ltr'><strong>actu,</strong></span> <span class='ocrx_word' id='word_1_117' title='bbox 706 1382 752 1450; x_wconf 88' lang='lat' dir='ltr'><strong>qni</strong></span> <span class='ocrx_word' id='word_1_118' title='bbox 763 1380 795 1433; x_wconf 91' lang='lat' dir='ltr'><strong>ad</strong></span> <span class='ocrx_word' id='word_1_119' title='bbox 806 1382 911 1451; x_wconf 87' lang='lat' dir='ltr'><strong>nuptias</strong></span> <span class='ocrx_word' id='word_1_120' title='bbox 920 1382 1075 1438; x_wconf 65' lang='lat' dir='ltr'><strong>confirmata</strong></span> 
     </span>
    </p>
   </div>
   <div class='ocr_carea' id='block_1_3' title="bbox 115 1537 1126 3385">
    <p class='ocr_par' dir='ltr' id='par_1_3' title="bbox 115 1537 1126 3385">
     <span class='ocr_line' id='line_1_15' title="bbox 135 1537 1075 1607; baseline 0.003 -19"><span class='ocrx_word' id='word_1_121' title='bbox 135 1537 168 1594; x_wconf 78' lang='lat' dir='ltr'><strong>ola¹</strong></span> <span class='ocrx_word' id='word_1_122' title='bbox 185 1539 271 1591; x_wconf 85' lang='lat' dir='ltr'><strong>solum</strong></span> <span class='ocrx_word' id='word_1_123' title='bbox 288 1538 506 1593; x_wconf 87' lang='lat' dir='ltr'><strong>clandestinitatis</strong></span> <span class='ocrx_word' id='word_1_124' title='bbox 524 1537 757 1607; x_wconf 80' lang='lat' dir='ltr'><strong>impedimentum,</strong></span> <span class='ocrx_word' id='word_1_125' title='bbox 779 1544 805 1588; x_wconf 93' lang='lat' dir='ltr'><strong>et</strong></span> <span class='ocrx_word' id='word_1_126' title='bbox 823 1554 882 1605; x_wconf 89' lang='lat' dir='ltr'><strong>para</strong></span> <span class='ocrx_word' id='word_1_127' title='bbox 898 1538 1025 1591; x_wconf 83' lang='lat' dir='ltr'><strong>catholica</strong></span> <span class='ocrx_word' id='word_1_128' title='bbox 1043 1538 1075 1591; x_wconf 86' lang='lat' dir='ltr'><strong>de</strong></span> 
     </span>
     <span class='ocr_line' id='line_1_16' title="bbox 135 1614 1076 1686; baseline 0.005 -21"><span class='ocrx_word' id='word_1_129' title='bbox 135 1615 271 1668; x_wconf 86' lang='lat' dir='ltr'><strong>validitate</strong></span> <span class='ocrx_word' id='word_1_130' title='bbox 281 1615 438 1670; x_wconf 70' lang='lat' dir='ltr'><strong>Matrimonii</strong></span> <span class='ocrx_word' id='word_1_131' title='bbox 451 1615 601 1668; x_wconf 88' lang='lat' dir='ltr'><strong>nullomodo</strong></span> <span class='ocrx_word' id='word_1_132' title='bbox 612 1614 727 1678; x_wconf 86' lang='lat' dir='ltr'><strong>dubitat,</strong></span> <span class='ocrx_word' id='word_1_133' title='bbox 741 1615 928 1685; x_wconf 79' lang='lat' dir='ltr'><strong>«relinquenda</strong></span> <span class='ocrx_word' id='word_1_134' title='bbox 940 1618 1026 1686; x_wconf 79' lang='lat' dir='ltr'><strong>potius</strong></span> <span class='ocrx_word' id='word_1_135' title='bbox 1037 1628 1076 1670; x_wconf 88' lang='lat' dir='ltr'><strong>est</strong></span> 
     </span>
     <span class='ocr_line' id='line_1_17' title="bbox 137 1690 1075 1762; baseline 0.003 -20"><span class='ocrx_word' id='word_1_136' title='bbox 137 1691 163 1743; x_wconf 88' lang='lat' dir='ltr'><strong>in</strong></span> <span class='ocrx_word' id='word_1_137' title='bbox 181 1690 251 1743; x_wconf 88' lang='lat' dir='ltr'><strong>bona</strong></span> <span class='ocrx_word' id='word_1_138' title='bbox 265 1709 312 1744; x_wconf 90' lang='lat' dir='ltr'><strong>sua</strong></span> <span class='ocrx_word' id='word_1_139' title='bbox 324 1692 385 1757; x_wconf 90' lang='lat' dir='ltr'><strong>lide,</strong></span> <span class='ocrx_word' id='word_1_140' title='bbox 403 1702 431 1746; x_wconf 92' lang='lat' dir='ltr'><strong>nt</strong></span> <span class='ocrx_word' id='word_1_141' title='bbox 451 1693 538 1745; x_wconf 88' lang='lat' dir='ltr'><strong>verbis</strong></span> <span class='ocrx_word' id='word_1_142' title='bbox 556 1702 615 1745; x_wconf 92' lang='lat' dir='ltr'><strong>utar</strong></span> <span class='ocrx_word' id='word_1_143' title='bbox 633 1693 679 1744; x_wconf 84' lang='lat' dir='ltr'><strong>cit.</strong></span> <span class='ocrx_word' id='word_1_144' title='bbox 692 1692 720 1745; x_wconf 86' lang='lat' dir='ltr'><strong>S.</strong></span> <span class='ocrx_word' id='word_1_145' title='bbox 734 1692 765 1744; x_wconf 82' lang='lat' dir='ltr'><strong>C.</strong></span> <span class='ocrx_word' id='word_1_146' title='bbox 778 1694 808 1752; x_wconf 75' lang='lat' dir='ltr'><strong>C.-</strong></span> <span class='ocrx_word' id='word_1_147' title='bbox 827 1691 907 1745; x_wconf 90' lang='lat' dir='ltr'><strong>decis.</strong></span> <span class='ocrx_word' id='word_1_148' title='bbox 921 1696 952 1746; x_wconf 89' lang='lat' dir='ltr'><strong>ln</strong></span> <span class='ocrx_word' id='word_1_149' title='bbox 964 1692 1075 1762; x_wconf 86' lang='lat' dir='ltr'><strong>Yprensi</strong></span> 
     </span>
     <span class='ocr_line' id='line_1_18' title="bbox 138 1766 1075 1839; baseline 0.004 -20"><span class='ocrx_word' id='word_1_150' title='bbox 138 1766 195 1820; x_wconf 84' lang='lat' dir='ltr'><strong>Via.</strong></span> <span class='ocrx_word' id='word_1_151' title='bbox 209 1771 256 1820; x_wconf 89' lang='lat' dir='ltr'><strong>SS.</strong></span> <span class='ocrx_word' id='word_1_152' title='bbox 270 1768 321 1821; x_wconf 61' lang='lat' dir='ltr'><strong>ll„</strong></span> <span class='ocrx_word' id='word_1_153' title='bbox 336 1775 367 1821; x_wconf 81' lang='lat' dir='ltr'><strong>l&#39;l</strong></span> <span class='ocrx_word' id='word_1_154' title='bbox 378 1771 462 1839; x_wconf 71' lang='lat' dir='ltr'><strong>Aug„</strong></span> <span class='ocrx_word' id='word_1_155' title='bbox 473 1786 552 1838; x_wconf 87' lang='lat' dir='ltr'><strong>quam</strong></span> <span class='ocrx_word' id='word_1_156' title='bbox 564 1767 596 1821; x_wconf 93' lang='lat' dir='ltr'><strong>dc</strong></span> <span class='ocrx_word' id='word_1_157' title='bbox 607 1769 728 1821; x_wconf 87' lang='lat' dir='ltr'><strong>nullitate</strong></span> <span class='ocrx_word' id='word_1_158' title='bbox 738 1767 877 1830; x_wconf 89' lang='lat' dir='ltr'><strong>monenda,</strong></span> <span class='ocrx_word' id='word_1_159' title='bbox 887 1784 920 1821; x_wconf 88' lang='lat' dir='ltr'><strong>nc</strong></span> <span class='ocrx_word' id='word_1_160' title='bbox 932 1771 1006 1833; x_wconf 90' lang='lat' dir='ltr'><strong>alias,</strong></span> <span class='ocrx_word' id='word_1_161' title='bbox 1015 1786 1075 1823; x_wconf 90' lang='lat' dir='ltr'><strong>cum</strong></span> 
     </span>
     <span class='ocr_line' id='line_1_19' title="bbox 133 1844 1075 1911; baseline 0.004 -16"><span class='ocrx_word' id='word_1_162' title='bbox 133 1845 197 1897; x_wconf 87' lang='lat' dir='ltr'><strong>velit</strong></span> <span class='ocrx_word' id='word_1_163' title='bbox 208 1844 415 1911; x_wconf 78' lang='lat' dir='ltr'><strong>Matrimonium,</strong></span> <span class='ocrx_word' id='word_1_164' title='bbox 426 1856 550 1900; x_wconf 89' lang='lat' dir='ltr'><strong>renovato</strong></span> <span class='ocrx_word' id='word_1_165' title='bbox 561 1863 647 1900; x_wconf 89' lang='lat' dir='ltr'><strong>coram</strong></span> <span class='ocrx_word' id='word_1_166' title='bbox 658 1846 774 1899; x_wconf 86' lang='lat' dir='ltr'><strong>Paracho</strong></span> <span class='ocrx_word' id='word_1_167' title='bbox 784 1854 810 1898; x_wconf 89' lang='lat' dir='ltr'><strong>et</strong></span> <span class='ocrx_word' id='word_1_168' title='bbox 822 1846 929 1899; x_wconf 87' lang='lat' dir='ltr'><strong>testibus</strong></span> <span class='ocrx_word' id='word_1_169' title='bbox 937 1864 1075 1909; x_wconf 79' lang='lat' dir='ltr'><strong>conseruo,</strong></span> 
     </span>
     <span class='ocr_line' id='line_1_20' title="bbox 132 1922 1075 1993; baseline 0.001 -19"><span class='ocrx_word' id='word_1_170' title='bbox 132 1922 312 1987; x_wconf 87' lang='lat' dir='ltr'><strong>convalidare,</strong></span> <span class='ocrx_word' id='word_1_171' title='bbox 330 1924 452 1993; x_wconf 89' lang='lat' dir='ltr'><strong>pluribus·</strong></span> <span class='ocrx_word' id='word_1_172' title='bbox 467 1924 619 1977; x_wconf 87' lang='lat' dir='ltr'><strong>subiiciatur</strong></span> <span class='ocrx_word' id='word_1_173' title='bbox 635 1922 771 1991; x_wconf 84' lang='lat' dir='ltr'><strong>periculis,</strong></span> <span class='ocrx_word' id='word_1_174' title='bbox 789 1937 856 1990; x_wconf 85' lang='lat' dir='ltr'><strong>quac</strong></span> <span class='ocrx_word' id='word_1_175' title='bbox 874 1924 950 1975; x_wconf 88' lang='lat' dir='ltr'><strong>lacilc</strong></span> <span class='ocrx_word' id='word_1_176' title='bbox 962 1923 1013 1975; x_wconf 89' lang='lat' dir='ltr'><strong>sibi</strong></span> <span class='ocrx_word' id='word_1_177' title='bbox 1025 1923 1075 1976; x_wconf 91' lang='lat' dir='ltr'><strong>im·</strong></span> 
     </span>
     <span class='ocr_line' id='line_1_21' title="bbox 132 1995 1074 2070; baseline 0.001 -19"><span class='ocrx_word' id='word_1_178' title='bbox 132 1995 303 2070; x_wconf 75' lang='lat' dir='ltr'><strong>penderent,</strong></span> <span class='ocrx_word' id='word_1_179' title='bbox 325 2003 474 2069; x_wconf 87' lang='lat' dir='ltr'><strong>praesertim</strong></span> <span class='ocrx_word' id='word_1_180' title='bbox 492 2019 523 2053; x_wconf 81' lang='lat' dir='ltr'><strong>ex</strong></span> <span class='ocrx_word' id='word_1_181' title='bbox 541 1999 600 2053; x_wconf 91' lang='lat' dir='ltr'><strong>odio</strong></span> <span class='ocrx_word' id='word_1_182' title='bbox 618 2017 648 2052; x_wconf 91' lang='lat' dir='ltr'><strong>ac</strong></span> <span class='ocrx_word' id='word_1_183' title='bbox 665 1999 846 2067; x_wconf 85' lang='lat' dir='ltr'><strong>persecutione</strong></span> <span class='ocrx_word' id='word_1_184' title='bbox 863 2000 1010 2068; x_wconf 89' lang='lat' dir='ltr'><strong>principis,</strong></span> <span class='ocrx_word' id='word_1_185' title='bbox 1028 2016 1074 2052; x_wconf 87' lang='lat' dir='ltr'><strong>seu</strong></span> 
     </span>
     <span class='ocr_line' id='line_1_22' title="bbox 133 2073 1074 2148; baseline 0 -20"><span class='ocrx_word' id='word_1_186' title='bbox 133 2078 302 2145; x_wconf 80' lang='lat' dir='ltr'><strong>magistratus</strong></span> <span class='ocrx_word' id='word_1_187' title='bbox 330 2078 467 2131; x_wconf 82' lang='lat' dir='ltr'><strong>acatholici</strong></span> <span class='ocrx_word' id='word_1_188' title='bbox 496 2095 574 2148; x_wconf 76' lang='lat' dir='ltr'><strong>aegre</strong></span> <span class='ocrx_word' id='word_1_189' title='bbox 601 2076 708 2129; x_wconf 87' lang='lat' dir='ltr'><strong>lcrcntis</strong></span> <span class='ocrx_word' id='word_1_190' title='bbox 730 2073 892 2128; x_wconf 82' lang='lat' dir='ltr'><strong>validitatem</strong></span> <span class='ocrx_word' id='word_1_191' title='bbox 919 2075 1074 2128; x_wconf 86' lang='lat' dir='ltr'><strong>matrimonii</strong></span> 
     </span>
     <span class='ocr_line' id='line_1_23' title="bbox 131 2153 1076 2210; baseline 0.001 -4"><span class='ocrx_word' id='word_1_192' title='bbox 131 2170 217 2207; x_wconf 84' lang='lat' dir='ltr'><strong>eoram</strong></span> <span class='ocrx_word' id='word_1_193' title='bbox 245 2157 363 2209; x_wconf 88' lang='lat' dir='ltr'><strong>ministro</strong></span> <span class='ocrx_word' id='word_1_194' title='bbox 387 2157 517 2210; x_wconf 82' lang='lat' dir='ltr'><strong>haeretico</strong></span> <span class='ocrx_word' id='word_1_195' title='bbox 536 2157 594 2209; x_wconf 89' lang='lat' dir='ltr'><strong>initi</strong></span> <span class='ocrx_word' id='word_1_196' title='bbox 612 2157 640 2206; x_wconf 91' lang='lat' dir='ltr'><strong>in</strong></span> <span class='ocrx_word' id='word_1_197' title='bbox 664 2153 774 2209; x_wconf 89' lang='lat' dir='ltr'><strong>dubium</strong></span> <span class='ocrx_word' id='word_1_198' title='bbox 792 2155 916 2206; x_wconf 87' lang='lat' dir='ltr'><strong>revocari.</strong></span> <span class='ocrx_word' id='word_1_199' title='bbox 930 2177 942 2201; x_wconf 78' lang='grc' dir='ltr'>ι</span> <span class='ocrx_word' id='word_1_200' title='bbox 962 2154 1031 2207; x_wconf 84' lang='lat' dir='ltr'><strong>llaec</strong></span> <span class='ocrx_word' id='word_1_201' title='bbox 1049 2156 1076 2208; x_wconf 88' lang='lat' dir='ltr'><strong>in</strong></span> 
     </span>
     <span class='ocr_line' id='line_1_24' title="bbox 131 2229 1076 2303; baseline -0.003 -17"><span class='ocrx_word' id='word_1_202' title='bbox 131 2249 228 2301; x_wconf 77' lang='lat' dir='ltr'><strong>genere</strong></span> <span class='ocrx_word' id='word_1_203' title='bbox 247 2234 316 2286; x_wconf 89' lang='lat' dir='ltr'><strong>dicta</strong></span> <span class='ocrx_word' id='word_1_204' title='bbox 333 2234 395 2287; x_wconf 80' lang='lat' dir='ltr'><strong>sint:</strong></span> <span class='ocrx_word' id='word_1_205' title='bbox 410 2252 469 2287; x_wconf 89' lang='lat' dir='ltr'><strong>nam</strong></span> <span class='ocrx_word' id='word_1_206' title='bbox 487 2236 514 2287; x_wconf 86' lang='lat' dir='ltr'><strong>in</strong></span> <span class='ocrx_word' id='word_1_207' title='bbox 528 2231 683 2303; x_wconf 86' lang='lat' dir='ltr'><strong>quibusdam</strong></span> <span class='ocrx_word' id='word_1_208' title='bbox 702 2229 805 2283; x_wconf 87' lang='lat' dir='ltr'><strong>casibus</strong></span> <span class='ocrx_word' id='word_1_209' title='bbox 822 2229 998 2299; x_wconf 88' lang='lat' dir='ltr'><strong>peculiaribus</strong></span> <span class='ocrx_word' id='word_1_210' title='bbox 1016 2247 1076 2283; x_wconf 86' lang='lat' dir='ltr'><strong>con·</strong></span> 
     </span>
     <span class='ocr_line' id='line_1_25' title="bbox 115 2304 1079 2378; baseline -0.004 -15"><span class='ocrx_word' id='word_1_211' title='bbox 115 2304 230 2365; x_wconf 68' lang='lat' dir='ltr'><strong>‘mltum</strong></span> <span class='ocrx_word' id='word_1_212' title='bbox 249 2327 329 2378; x_wconf 90' lang='lat' dir='ltr'><strong>qnam</strong></span> <span class='ocrx_word' id='word_1_213' title='bbox 347 2312 457 2363; x_wconf 84' lang='lat' dir='ltr'><strong>maxime</strong></span> <span class='ocrx_word' id='word_1_214' title='bbox 486 2312 537 2363; x_wconf 90' lang='lat' dir='ltr'><strong>erit</strong></span> <span class='ocrx_word' id='word_1_215' title='bbox 559 2308 590 2361; x_wconf 90' lang='lat' dir='ltr'><strong>ad</strong></span> <span class='ocrx_word' id='word_1_216' title='bbox 608 2309 637 2363; x_wconf 83' lang='lat' dir='ltr'><strong>S.</strong></span> <span class='ocrx_word' id='word_1_217' title='bbox 664 2306 757 2361; x_wconf 87' lang='lat' dir='ltr'><strong>Sedcm</strong></span> <span class='ocrx_word' id='word_1_218' title='bbox 776 2323 932 2369; x_wconf 90' lang='lat' dir='ltr'><strong>recurrere,</strong></span> <span class='ocrx_word' id='word_1_219' title='bbox 954 2307 1079 2376; x_wconf 81' lang='lat' dir='ltr'><strong>expositis</strong></span> 
     </span>
     <span class='ocr_line' id='line_1_26' title="bbox 132 2384 1076 2454; baseline -0.002 -14"><span class='ocrx_word' id='word_1_220' title='bbox 132 2389 256 2451; x_wconf 85' lang='lat' dir='ltr'><strong>omnibus</strong></span> <span class='ocrx_word' id='word_1_221' title='bbox 272 2388 334 2440; x_wconf 81' lang='lat' dir='ltr'><strong>lacti</strong></span> <span class='ocrx_word' id='word_1_222' title='bbox 352 2388 575 2451; x_wconf 79' lang='lat' dir='ltr'><strong>circumstantiis,</strong></span> <span class='ocrx_word' id='word_1_223' title='bbox 594 2395 623 2439; x_wconf 89' lang='lat' dir='ltr'><strong>nt</strong></span> <span class='ocrx_word' id='word_1_224' title='bbox 639 2384 716 2437; x_wconf 86' lang='lat' dir='ltr'><strong>modo</strong></span> <span class='ocrx_word' id='word_1_225' title='bbox 745 2384 828 2452; x_wconf 77' lang='lat' dir='ltr'><strong>magis</strong></span> <span class='ocrx_word' id='word_1_226' title='bbox 849 2392 996 2453; x_wconf 91' lang='lat' dir='ltr'><strong>opportuno</strong></span> <span class='ocrx_word' id='word_1_227' title='bbox 1012 2401 1076 2454; x_wconf 89' lang='lat' dir='ltr'><strong>pro·</strong></span> 
     </span>
     <span class='ocr_line' id='line_1_27' title="bbox 132 2462 1077 2534; baseline -0.001 -19"><span class='ocrx_word' id='word_1_228' title='bbox 132 2466 233 2529; x_wconf 87' lang='lat' dir='ltr'><strong>videat,</strong></span> <span class='ocrx_word' id='word_1_229' title='bbox 251 2474 278 2518; x_wconf 87' lang='lat' dir='ltr'><strong>et</strong></span> <span class='ocrx_word' id='word_1_230' title='bbox 290 2467 387 2517; x_wconf 89' lang='lat' dir='ltr'><strong>interca</strong></span> <span class='ocrx_word' id='word_1_231' title='bbox 401 2467 525 2534; x_wconf 86' lang='lat' dir='ltr'><strong>temporis</strong></span> <span class='ocrx_word' id='word_1_232' title='bbox 546 2466 584 2517; x_wconf 90' lang='lat' dir='ltr'><strong>nil</strong></span> <span class='ocrx_word' id='word_1_233' title='bbox 604 2473 684 2527; x_wconf 87' lang='lat' dir='ltr'><strong>vetat,</strong></span> <span class='ocrx_word' id='word_1_234' title='bbox 702 2462 852 2531; x_wconf 84' lang='lat' dir='ltr'><strong>quominus,</strong></span> <span class='ocrx_word' id='word_1_235' title='bbox 871 2478 932 2530; x_wconf 88' lang='lat' dir='ltr'><strong>pars</strong></span> <span class='ocrx_word' id='word_1_236' title='bbox 949 2462 1077 2519; x_wconf 88' lang='lat' dir='ltr'><strong>catholica</strong></span> 
     </span>
     <span class='ocr_line' id='line_1_28' title="bbox 131 2540 1126 2613; baseline -0.004 -15"><span class='ocrx_word' id='word_1_237' title='bbox 131 2547 360 2598; x_wconf 81' lang='lat' dir='ltr'><strong>Sacramentornm</strong></span> <span class='ocrx_word' id='word_1_238' title='bbox 378 2544 509 2613; x_wconf 82' lang='lat' dir='ltr'><strong>particeps</strong></span> <span class='ocrx_word' id='word_1_239' title='bbox 527 2543 581 2595; x_wconf 86' lang='lat' dir='ltr'><strong>liat.</strong></span> <span class='ocrx_word' id='word_1_240' title='bbox 600 2542 628 2596; x_wconf 85' lang='lat' dir='ltr'><strong>Si</strong></span> <span class='ocrx_word' id='word_1_241' title='bbox 646 2558 709 2599; x_wconf 83' lang='lat' dir='ltr'><strong>vero</strong></span> <span class='ocrx_word' id='word_1_242' title='bbox 725 2540 858 2609; x_wconf 82' lang='lat' dir='ltr'><strong>scrupulis</strong></span> <span class='ocrx_word' id='word_1_243' title='bbox 875 2541 981 2608; x_wconf 82' lang='lat' dir='ltr'><strong>angitur</strong></span> <span class='ocrx_word' id='word_1_244' title='bbox 996 2557 1078 2610; x_wconf 83' lang='lat' dir='ltr'><strong>super</strong></span> <span class='ocrx_word' id='word_1_245' title='bbox 1121 2590 1126 2605; x_wconf 79' lang='grc'><em>,</em></span> 
     </span>
     <span class='ocr_line' id='line_1_29' title="bbox 129 2618 1074 2683; baseline -0.005 -8"><span class='ocrx_word' id='word_1_246' title='bbox 129 2622 173 2683; x_wconf 63' lang='lat' dir='ltr'><strong>,soi</strong></span> <span class='ocrx_word' id='word_1_247' title='bbox 190 2620 352 2675; x_wconf 67' lang='lat' dir='ltr'><strong>Matrimonii</strong></span> <span class='ocrx_word' id='word_1_248' title='bbox 370 2619 515 2683; x_wconf 86' lang='lat' dir='ltr'><strong>validitate,</strong></span> <span class='ocrx_word' id='word_1_249' title='bbox 534 2619 676 2671; x_wconf 89' lang='lat' dir='ltr'><strong>videndum</strong></span> <span class='ocrx_word' id='word_1_250' title='bbox 694 2627 758 2671; x_wconf 90' lang='lat' dir='ltr'><strong>tunc</strong></span> <span class='ocrx_word' id='word_1_251' title='bbox 776 2626 827 2680; x_wconf 91' lang='lat' dir='ltr'><strong>cst,</strong></span> <span class='ocrx_word' id='word_1_252' title='bbox 843 2633 876 2669; x_wconf 89' lang='lat' dir='ltr'><strong>an</strong></span> <span class='ocrx_word' id='word_1_253' title='bbox 895 2618 959 2670; x_wconf 85' lang='lat' dir='ltr'><strong>rclit</strong></span> <span class='ocrx_word' id='word_1_254' title='bbox 977 2633 1074 2670; x_wconf 88' lang='lat' dir='ltr'><strong>novum</strong></span> 
     </span>
     <span class='ocr_line' id='line_1_30' title="bbox 131 2692 1074 2760; baseline -0.006 -8"><span class='ocrx_word' id='word_1_255' title='bbox 131 2692 192 2752; x_wconf 84' lang='lat' dir='ltr'><strong>com</strong></span> <span class='ocrx_word' id='word_1_256' title='bbox 210 2699 263 2750; x_wconf 91' lang='lat' dir='ltr'><strong>alia</strong></span> <span class='ocrx_word' id='word_1_257' title='bbox 288 2698 482 2750; x_wconf 76' lang='lat' dir='ltr'><strong>Matrimonium</strong></span> <span class='ocrx_word' id='word_1_258' title='bbox 501 2698 591 2760; x_wconf 88' lang='lat' dir='ltr'><strong>inire,</strong></span> <span class='ocrx_word' id='word_1_259' title='bbox 608 2697 649 2748; x_wconf 81' lang='lat' dir='ltr'><strong>rel</strong></span> <span class='ocrx_word' id='word_1_260' title='bbox 667 2713 731 2748; x_wconf 88' lang='lat' dir='ltr'><strong>non.</strong></span> <span class='ocrx_word' id='word_1_261' title='bbox 755 2697 781 2748; x_wconf 89' lang='lat' dir='ltr'><strong>Si</strong></span> <span class='ocrx_word' id='word_1_262' title='bbox 800 2711 852 2749; x_wconf 90' lang='lat' dir='ltr'><strong>non</strong></span> <span class='ocrx_word' id='word_1_263' title='bbox 876 2695 953 2758; x_wconf 80' lang='lat' dir='ltr'><strong>vult,</strong></span> <span class='ocrx_word' id='word_1_264' title='bbox 973 2695 1023 2748; x_wconf 92' lang='lat' dir='ltr'><strong>iam</strong></span> <span class='ocrx_word' id='word_1_265' title='bbox 1041 2694 1074 2746; x_wconf 87' lang='lat' dir='ltr'><strong>ad</strong></span> 
     </span>
     <span class='ocr_line' id='line_1_31' title="bbox 131 2772 1075 2845; baseline -0.008 -14"><span class='ocrx_word' id='word_1_266' title='bbox 131 2777 287 2845; x_wconf 80' lang='lat' dir='ltr'><strong>scrupulum</strong></span> <span class='ocrx_word' id='word_1_267' title='bbox 300 2773 484 2844; x_wconf 89' lang='lat' dir='ltr'><strong>deponendum</strong></span> <span class='ocrx_word' id='word_1_268' title='bbox 496 2791 524 2827; x_wconf 87' lang='lat' dir='ltr'><strong>aa</strong></span> <span class='ocrx_word' id='word_1_269' title='bbox 538 2772 692 2843; x_wconf 86' lang='lat' dir='ltr'><strong>praestanda</strong></span> <span class='ocrx_word' id='word_1_270' title='bbox 704 2782 774 2838; x_wconf 84' lang='lat' dir='ltr'><strong>sunt,</strong></span> <span class='ocrx_word' id='word_1_271' title='bbox 782 2789 849 2841; x_wconf 86' lang='lat' dir='ltr'><strong>quac</strong></span> <span class='ocrx_word' id='word_1_272' title='bbox 861 2772 894 2824; x_wconf 93' lang='lat' dir='ltr'><strong>de</strong></span> <span class='ocrx_word' id='word_1_273' title='bbox 906 2772 1075 2825; x_wconf 83' lang='lat' dir='ltr'><strong>renovatione</strong></span> 
     </span>
     <span class='ocr_line' id='line_1_32' title="bbox 132 2848 1073 2921; baseline -0.005 -16"><span class='ocrx_word' id='word_1_274' title='bbox 132 2869 274 2907; x_wconf 84' lang='lat' dir='ltr'><strong>consensus</strong></span> <span class='ocrx_word' id='word_1_275' title='bbox 291 2853 403 2905; x_wconf 79' lang='lat' dir='ltr'><strong>inferius</strong></span> <span class='ocrx_word' id='word_1_276' title='bbox 413 2861 586 2921; x_wconf 78' lang='lat' dir='ltr'><strong>exponentur.</strong></span> <span class='ocrx_word' id='word_1_277' title='bbox 605 2852 632 2904; x_wconf 85' lang='lat' dir='ltr'><strong>Si</strong></span> <span class='ocrx_word' id='word_1_278' title='bbox 650 2867 714 2903; x_wconf 89' lang='lat' dir='ltr'><strong>vero</strong></span> <span class='ocrx_word' id='word_1_279' title='bbox 725 2867 785 2919; x_wconf 88' lang='lat' dir='ltr'><strong>pars</strong></span> <span class='ocrx_word' id='word_1_280' title='bbox 796 2849 923 2902; x_wconf 80' lang='lat' dir='ltr'><strong>catholica</strong></span> <span class='ocrx_word' id='word_1_281' title='bbox 936 2849 963 2899; x_wconf 91' lang='lat' dir='ltr'><strong>in</strong></span> <span class='ocrx_word' id='word_1_282' title='bbox 981 2848 1073 2901; x_wconf 91' lang='lat' dir='ltr'><strong>matri·</strong></span> 
     </span>
     <span class='ocr_line' id='line_1_33' title="bbox 131 2925 1076 2998; baseline -0.01 -14"><span class='ocrx_word' id='word_1_283' title='bbox 131 2932 220 2998; x_wconf 84' lang='lat' dir='ltr'><strong>monio</strong></span> <span class='ocrx_word' id='word_1_284' title='bbox 237 2930 335 2993; x_wconf 81' lang='lat' dir='ltr'><strong>mixto,</strong></span> <span class='ocrx_word' id='word_1_285' title='bbox 355 2937 400 2981; x_wconf 91' lang='lat' dir='ltr'><strong>aut</strong></span> <span class='ocrx_word' id='word_1_286' title='bbox 416 2945 477 2997; x_wconf 89' lang='lat' dir='ltr'><strong>pars</strong></span> <span class='ocrx_word' id='word_1_287' title='bbox 493 2928 525 2980; x_wconf 91' lang='lat' dir='ltr'><strong>ad</strong></span> <span class='ocrx_word' id='word_1_288' title='bbox 543 2928 621 2980; x_wconf 87' lang='lat' dir='ltr'><strong>fidem</strong></span> <span class='ocrx_word' id='word_1_289' title='bbox 639 2942 762 2979; x_wconf 86' lang='lat' dir='ltr'><strong>conversa</strong></span> <span class='ocrx_word' id='word_1_290' title='bbox 780 2926 807 2977; x_wconf 91' lang='lat' dir='ltr'><strong>in</strong></span> <span class='ocrx_word' id='word_1_291' title='bbox 825 2925 988 2978; x_wconf 91' lang='lat' dir='ltr'><strong>Matrimonia</strong></span> <span class='ocrx_word' id='word_1_292' title='bbox 1005 2927 1076 2977; x_wconf 90' lang='lat' dir='ltr'><strong>inter</strong></span> 
     </span>
     <span class='ocr_line' id='line_1_34' title="bbox 130 3000 1073 3070; baseline -0.006 -11"><span class='ocrx_word' id='word_1_293' title='bbox 130 3005 198 3065; x_wconf 71' lang='lat' dir='ltr'><strong>vdum</strong></span> <span class='ocrx_word' id='word_1_294' title='bbox 216 3006 371 3068; x_wconf 78' lang='lat' dir='ltr'><strong>haereticos,</strong></span> <span class='ocrx_word' id='word_1_295' title='bbox 383 3021 480 3059; x_wconf 86' lang='lat' dir='ltr'><strong>novum</strong></span> <span class='ocrx_word' id='word_1_296' title='bbox 497 3005 651 3057; x_wconf 85' lang='lat' dir='ltr'><strong>contrahere</strong></span> <span class='ocrx_word' id='word_1_297' title='bbox 669 3005 732 3055; x_wconf 86' lang='lat' dir='ltr'><strong>vetit</strong></span> <span class='ocrx_word' id='word_1_298' title='bbox 745 3001 948 3063; x_wconf 90' lang='lat' dir='ltr'><strong>matrimonium,</strong></span> <span class='ocrx_word' id='word_1_299' title='bbox 961 3018 992 3054; x_wconf 92' lang='lat' dir='ltr'><strong>eo</strong></span> <span class='ocrx_word' id='word_1_300' title='bbox 1003 3000 1073 3070; x_wconf 85' lang='lat' dir='ltr'><strong>quod</strong></span> 
     </span>
     <span class='ocr_line' id='line_1_35' title="bbox 134 3075 1074 3152; baseline -0.009 -17"><span class='ocrx_word' id='word_1_301' title='bbox 134 3084 207 3152; x_wconf 84' lang='lat' dir='ltr'><strong>prins</strong></span> <span class='ocrx_word' id='word_1_302' title='bbox 223 3084 415 3137; x_wconf 85' lang='lat' dir='ltr'><strong>clandestinum</strong></span> <span class='ocrx_word' id='word_1_303' title='bbox 432 3082 535 3134; x_wconf 89' lang='lat' dir='ltr'><strong>nullum</strong></span> <span class='ocrx_word' id='word_1_304' title='bbox 552 3080 680 3150; x_wconf 85' lang='lat' dir='ltr'><strong>ait,inre</strong></span> <span class='ocrx_word' id='word_1_305' title='bbox 703 3086 828 3130; x_wconf 89' lang='lat' dir='ltr'><strong>statutum</strong></span> <span class='ocrx_word' id='word_1_306' title='bbox 853 3086 910 3140; x_wconf 90' lang='lat' dir='ltr'><strong>est,</strong></span> <span class='ocrx_word' id='word_1_307' title='bbox 929 3085 959 3129; x_wconf 91' lang='lat' dir='ltr'><strong>ut</strong></span> <span class='ocrx_word' id='word_1_308' title='bbox 976 3075 1001 3127; x_wconf 92' lang='lat' dir='ltr'><strong>id</strong></span> <span class='ocrx_word' id='word_1_309' title='bbox 1020 3092 1074 3128; x_wconf 91' lang='lat' dir='ltr'><strong>non</strong></span> 
     </span>
     <span class='ocr_line' id='line_1_36' title="bbox 136 3150 1074 3231; baseline -0.011 -16"><span class='ocrx_word' id='word_1_310' title='bbox 136 3150 322 3229; x_wconf 84' lang='lat' dir='ltr'><strong>permittatur,</strong></span> <span class='ocrx_word' id='word_1_311' title='bbox 348 3160 398 3212; x_wconf 90' lang='lat' dir='ltr'><strong>nisi</strong></span> <span class='ocrx_word' id='word_1_312' title='bbox 422 3159 449 3211; x_wconf 92' lang='lat' dir='ltr'><strong>in</strong></span> <span class='ocrx_word' id='word_1_313' title='bbox 466 3168 627 3212; x_wconf 85' lang='lat' dir='ltr'><strong>antecessum</strong></span> <span class='ocrx_word' id='word_1_314' title='bbox 651 3172 729 3209; x_wconf 89' lang='lat' dir='ltr'><strong>causa</strong></span> <span class='ocrx_word' id='word_1_315' title='bbox 742 3153 820 3222; x_wconf 86' lang='lat' dir='ltr'><strong>primi</strong></span> <span class='ocrx_word' id='word_1_316' title='bbox 837 3153 954 3231; x_wconf 75' lang='lat' dir='ltr'><strong>coniugii</strong></span> <span class='ocrx_word' id='word_1_317' title='bbox 972 3153 1074 3221; x_wconf 77' lang='lat' dir='ltr'><strong>cognita</strong></span> 
     </span>
     <span class='ocr_line' id='line_1_37' title="bbox 138 3235 1075 3297; baseline -0.009 -8"><span class='ocrx_word' id='word_1_318' title='bbox 138 3239 213 3293; x_wconf 84' lang='lat' dir='ltr'><strong>tuerit</strong></span> <span class='ocrx_word' id='word_1_319' title='bbox 228 3238 407 3293; x_wconf 85' lang='lat' dir='ltr'><strong>ecclesiastico</strong></span> <span class='ocrx_word' id='word_1_320' title='bbox 423 3235 522 3289; x_wconf 86' lang='lat' dir='ltr'><strong>indicio</strong></span> <span class='ocrx_word' id='word_1_321' title='bbox 550 3235 582 3288; x_wconf 86' lang='lat' dir='ltr'><strong>ad</strong></span> <span class='ocrx_word' id='word_1_322' title='bbox 602 3251 719 3287; x_wconf 89' lang='lat' dir='ltr'><strong>normam</strong></span> <span class='ocrx_word' id='word_1_323' title='bbox 747 3247 872 3284; x_wconf 90' lang='lat' dir='ltr'><strong>canonum</strong></span> <span class='ocrx_word' id='word_1_324' title='bbox 891 3236 980 3283; x_wconf 81' lang='lat' dir='ltr'><strong>exacto</strong></span> <span class='ocrx_word' id='word_1_325' title='bbox 996 3263 1004 3291; x_wconf 93' lang='lat'><strong>,</strong></span> <span class='ocrx_word' id='word_1_326' title='bbox 1021 3245 1075 3297; x_wconf 90' lang='lat' dir='ltr'><strong>qno</strong></span> 
     </span>
     <span class='ocr_line' id='line_1_38' title="bbox 138 3304 1073 3385; baseline -0.013 -17"><span class='ocrx_word' id='word_1_327' title='bbox 138 3317 324 3383; x_wconf 83' lang='lat' dir='ltr'><strong>concubinatus</strong></span> <span class='ocrx_word' id='word_1_328' title='bbox 340 3315 504 3378; x_wconf 89' lang='lat' dir='ltr'><strong>declaretur,</strong></span> <span class='ocrx_word' id='word_1_329' title='bbox 522 3321 552 3366; x_wconf 92' lang='lat' dir='ltr'><strong>ut</strong></span> <span class='ocrx_word' id='word_1_330' title='bbox 568 3313 604 3364; x_wconf 89' lang='lat' dir='ltr'><strong>ait</strong></span> <span class='ocrx_word' id='word_1_331' title='bbox 629 3311 771 3385; x_wconf 72' lang='lat' dir='ltr'><strong>Gregorius</strong></span> <span class='ocrx_word' id='word_1_332' title='bbox 789 3307 849 3362; x_wconf 89' lang='lat' dir='ltr'><strong>XVl</strong></span> <span class='ocrx_word' id='word_1_333' title='bbox 869 3306 943 3361; x_wconf 85' lang='lat' dir='ltr'><strong>brevi</strong></span> <span class='ocrx_word' id='word_1_334' title='bbox 961 3309 995 3359; x_wconf 75' lang='lat'><strong>28</strong></span> <span class='ocrx_word' id='word_1_335' title='bbox 1013 3304 1073 3357; x_wconf 89' lang='lat' dir='ltr'><strong>Maii</strong></span> 
     </span>
    </p>
   </div>
   <div class='ocr_carea' id='block_1_4' title="bbox 140 3398 1008 3458">
    <p class='ocr_par' dir='ltr' id='par_1_4' title="bbox 140 3398 1008 3458">
     <span class='ocr_line' id='line_1_39' title="bbox 140 3398 1008 3458; baseline -0.013 -10"><span class='ocrx_word' id='word_1_336' title='bbox 140 3398 211 3458; x_wconf 63' lang='grc'><strong>1858.</strong></span> <span class='ocrx_word' id='word_1_337' title='bbox 335 3432 338 3443; x_wconf 53' lang='grc' dir='ltr'>ι</span> <span class='ocrx_word' id='word_1_338' title='bbox 1004 3430 1008 3437; x_wconf 86' lang='grc'><em>,</em></span> 
     </span>
    </p>
   </div>
   <div class='ocr_carea' id='block_1_5' title="bbox 141 3457 1168 3615">
    <p class='ocr_par' dir='ltr' id='par_1_5' title="bbox 141 3457 1168 3615">
     <span class='ocr_line' id='line_1_40' title="bbox 153 3457 1168 3539; baseline -0.015 -14"><span class='ocrx_word' id='word_1_339' title='bbox 153 3508 157 3515; x_wconf 39' lang='grc' dir='ltr'>ι</span> <span class='ocrx_word' id='word_1_340' title='bbox 179 3471 235 3525; x_wconf 85' lang='lat' dir='ltr'><strong>llnc</strong></span> <span class='ocrx_word' id='word_1_341' title='bbox 252 3472 356 3539; x_wconf 83' lang='lat' dir='ltr'><strong>spectat</strong></span> <span class='ocrx_word' id='word_1_342' title='bbox 380 3468 576 3520; x_wconf 84' lang='lat' dir='ltr'><strong>instructionem</strong></span> <span class='ocrx_word' id='word_1_343' title='bbox 602 3468 719 3527; x_wconf 83' lang='lat' dir='ltr'><strong>reterre,</strong></span> <span class='ocrx_word' id='word_1_344' title='bbox 741 3482 755 3517; x_wconf 89' lang='lat' dir='ltr'><strong>a</strong></span> <span class='ocrx_word' id='word_1_345' title='bbox 779 3464 807 3516; x_wconf 86' lang='lat' dir='ltr'><strong>S.</strong></span> <span class='ocrx_word' id='word_1_346' title='bbox 826 3461 860 3517; x_wconf 91' lang='lat'><strong>0.</strong></span> <span class='ocrx_word' id='word_1_347' title='bbox 878 3460 927 3515; x_wconf 88' lang='lat' dir='ltr'><strong>sub</strong></span> <span class='ocrx_word' id='word_1_348' title='bbox 950 3459 1017 3512; x_wconf 87' lang='lat' dir='ltr'><strong>lcrla</strong></span> <span class='ocrx_word' id='word_1_349' title='bbox 1038 3457 1071 3512; x_wconf 89' lang='lat' dir='ltr'><strong>tv</strong></span> <span class='ocrx_word' id='word_1_350' title='bbox 1167 3528 1168 3531; x_wconf 8' lang='grc' dir='ltr'><strong>Ἴ</strong></span> 
     </span>
     <span class='ocr_line' id='line_1_41' title="bbox 141 3528 1135 3615; baseline -0.013 -16"><span class='ocrx_word' id='word_1_351' title='bbox 141 3553 168 3602; x_wconf 80' lang='lat' dir='ltr'><strong>tr</strong></span> <span class='ocrx_word' id='word_1_352' title='bbox 180 3546 316 3603; x_wconf 76' lang='lat' dir='ltr'><strong>Februarii</strong></span> <span class='ocrx_word' id='word_1_353' title='bbox 337 3548 403 3598; x_wconf 83' lang='lat' dir='ltr'><strong>rato</strong></span> <span class='ocrx_word' id='word_1_354' title='bbox 420 3543 553 3615; x_wconf 76' lang='lat' dir='ltr'><strong>Episcopis</strong></span> <span class='ocrx_word' id='word_1_355' title='bbox 566 3544 654 3613; x_wconf 73' lang='lat' dir='ltr'><strong>-ltegni</strong></span> <span class='ocrx_word' id='word_1_356' title='bbox 674 3541 866 3595; x_wconf 85' lang='lat' dir='ltr'><strong>Hannoveriani</strong></span> <span class='ocrx_word' id='word_1_357' title='bbox 879 3528 976 3593; x_wconf 87' lang='lat' dir='ltr'><strong>datam.</strong></span> <span class='ocrx_word' id='word_1_358' title='bbox 992 3534 1074 3589; x_wconf 78' lang='lat' dir='ltr'><strong>«Mon</strong></span> <span class='ocrx_word' id='word_1_359' title='bbox 1130 3554 1135 3565; x_wconf 37' lang='grc' dir='ltr'>ι</span> 
     </span>
    </p>
   </div>
   <div class='ocr_carea' id='block_1_6' title="bbox 0 0 1331 4175">
    <p class='ocr_par' dir='ltr' id='par_1_6' title="bbox 0 0 1331 4175">
     <span class='ocr_line' id='line_1_42' title="bbox 0 0 1331 4175; baseline 0 0"><span class='ocrx_word' id='word_1_360' title='bbox 0 0 1331 4175; x_wconf 95' lang='lat' dir='ltr'><strong> </strong></span> 
     </span>
    </p>
   </div>
  </div>
 </body>
</html>
