2642 4175
376 366 421 412 nn
437 367 672 415 mannmnarma
689 369 888 418 mammonin
983 362 1050 422 ete

161 486 307 557 morum
339 464 490 536 validitas
508 465 544 535 ia
573 468 645 557 ipro
667 469 777 556 primo
802 479 878 541 aeto
898 490 918 540 a
938 469 1098 545 Pontiflce

161 559 365 644 declarator,
386 559 600 630 manifestam
618 558 669 642 tit,
691 560 868 653 utrimque
887 564 1039 657 coniugis
1050 567 1098 637 vi·

161 663 231 722 tsm
251 652 341 722 hand
359 651 501 742 requiri,
519 662 557 722 ut
572 652 701 724 sanatio
721 652 791 740 fiat,
813 668 859 741 et,
879 656 950 747 ipsa
967 679 1027 730 sua
1042 679 1100 731 na·

160 756 252 829 tora,
272 764 350 816 snos
369 745 505 816 edoctos
522 744 696 837 prodocet.
763 816 780 831 s

209 838 258 907 lle
275 849 438 928 potestate
468 839 608 909 Romani
636 837 806 909 Pontifieis
824 841 1031 914 sanationem
1063 843 1098 913 in

162 931 279 1001 radice
295 931 522 1023 impertiendi,
539 932 740 1025 quibusdam
753 931 790 1001 in
800 934 943 1020 casibus,
958 936 1016 1006 obi
1033 956 1101 1006 ma·

159 1024 360 1095 trimoniom
387 1045 463 1094 cum
491 1045 654 1097 consensu
674 1024 865 1095 connubiali
883 1027 1004 1097 inituro
1023 1040 1096 1113 est,

160 1118 257 1189 nasas
277 1117 510 1203 addubitare,
532 1117 729 1208 praesertim
750 1120 839 1209 quod
859 1119 892 1188 id
912 1121 1099 1191 luculenter

160 1211 311 1302 plurima
330 1210 529 1282 documenta
549 1211 801 1296 demonstrant,
824 1222 859 1281 et
889 1225 1043 1284 constans
1062 1233 1101 1282 ac

161 1303 386 1376 vetustissima
421 1303 589 1375 Ecclesiae
609 1302 720 1395 praxis
744 1304 933 1375 confirmat.
967 1305 1101 1376 Accedit

141 1397 249 1468 vatio
273 1413 319 1468 'ex
338 1416 379 1468 eo
396 1397 617 1487 deprompta,
640 1396 729 1487 quod
758 1397 996 1488 impedimenta
1017 1397 1101 1468 iuris

163 1489 378 1561 ecclesiastici
399 1509 466 1558 non
485 1491 637 1563 absolute
662 1490 811 1575 irritant,
833 1492 891 1561 sod
914 1493 1025 1561 solum
1044 1510 1101 1561 so·

162 1585 331 1674 spendom
357 1602 537 1653 consensus
563 1583 725 1654 naturalis
741 1582 932 1668 efficaciam,
955 1597 990 1655 et
1007 1604 1101 1655 exre·

163 1677 313 1766 ptionem
342 1697 405 1747 seu
436 1674 659 1747 conditionem
692 1676 816 1747 hahent
847 1678 1006 1748 adnexam
1039 1696 1101 1769 pro

165 1770 337 1840 eventibus
357 1769 627 1839 extraordinariis
661 1771 697 1839 in
730 1770 868 1840 arbitrio
899 1771 1100 1860 legislatoris

164 1863 299 1953 positiss
319 1862 385 1933 Pro
405 1863 616 1932 exsecutione
642 1861 897 1951 dispensationis
927 1865 962 1933 in
990 1864 1101 1933 radice

164 1957 258 2025 nulla
291 1957 384 2026 adest
415 1954 619 2044 praescripta
648 1954 792 2024 formula
824 1954 991 2045 specialia
1022 1956 1100 2026 Vide

165 2047 420 2120 tamassanus.
442 2047 551 2132 9911.
571 2045 637 2131 99,
659 2047 852 2137 Ripentiom
877 2047 917 2116 ad
945 2068 1018 2138 rep.
1041 2047 1098 2133 19,

164 2155 198 2213 et
213 2143 340 2213 Boned.
360 2142 428 2211 ttlv
457 2142 538 2211 inst.
558 2137 615 2224 87,
637 2140 728 2210 Clar.
747 2139 900 2210 Garriere
917 2140 1005 2209 hanc
1023 2161 1101 2230 pro·

164 2236 283 2327 ponit:
312 2261 327 2303 ‹
348 2236 418 2325 Ego
439 2245 603 2325 potestate
623 2233 804 2323 apostolica
835 2231 919 2300 mihi
947 2251 1100 2303 concessa

164 2325 357 2418 specialiter
376 2341 410 2399 et
428 2347 607 2418 expresse,
638 2323 888 2396 matrimonium
916 2345 934 2394 a
962 2337 996 2396 te
1014 2327 1055 2395 N.
1068 2378 1098 2394 ..

31 2493 32 2496 ,
165 2442 240 2491 eum
258 2422 346 2492 Ν...
366 2422 401 2490 in
420 2440 582 2491 consensu
602 2420 713 2490 adhoc
730 2429 946 2511 permanente
962 2418 1101 2490 nulliter

165 2525 373 2586 contractum
390 2514 426 2583 in
444 2514 557 2585 radice
574 2512 647 2584 eius
666 2532 750 2584 sano
767 2524 802 2583 et
819 2512 1001 2597 consolido,
1023 2533 1100 2603 pro·

165 2608 302 2698 lemque
320 2606 502 2696 legitimam
522 2608 704 2678 declaro.»
725 2607 807 2677 Com
821 2605 894 2677 fieri
914 2606 1040 2697 possit,
1063 2619 1101 2676 ut

33 2749 40 2762 s
164 2714 240 2791 post
256 2700 464 2771 sanationem
485 2699 519 2769 in
539 2701 654 2770 radice
671 2699 947 2790 impedimentum
963 2701 1099 2789 detega-

165 2806 222 2864 tar
245 2794 280 2863 in
299 2794 372 2863 loro
391 2804 538 2877 externo,
559 2793 728 2884 simulque
747 2793 953 2881 contingere,
973 2804 1023 2874 ut,
1041 2793 1099 2863 de·

164 2896 252 2956 tecto
271 2885 524 2977 impedimento,
545 2887 703 2974 coniuges
723 2895 867 2954 renuant
881 2884 916 2952 in
932 2884 1099 2953 connubio

165 2999 314 3064 manere,
334 3000 410 3049 cum
429 2978 521 3067 gravi
541 2978 692 3049 fidetium
711 2977 878 3059 scandalo,
899 2986 933 3045 et
951 2975 1097 3048 filiorum

165 3072 379 3156 detrimento,
394 3071 531 3162 provido
544 3091 624 3141 sana
636 3070 776 3140 consilio
790 3067 910 3137 Sacrae
922 3067 1099 3139 Paeniten-

165 3165 284 3235 tiariae
303 3165 483 3249 tribunal,
505 3165 539 3236 in
560 3163 769 3235 concedenda
788 3161 944 3231 facultate
960 3160 1098 3230 sanandi

164 3257 202 3327 in
218 3257 343 3342 radice,
361 3258 425 3328 hac
438 3258 545 3328 utitur
562 3257 710 3328 clausula
733 3251 938 3342 «descriptis
956 3252 991 3322 in
1010 3252 1099 3323 calce

165 3351 391 3439 praesentium
412 3350 557 3441 propriis
575 3351 754 3440 coniugum
771 3345 975 3428 nominibus,
991 3357 1025 3414 et
1043 3365 1098 3415 co-

167 3443 382 3532 gnominibus
398 3466 437 3515 ac
452 3464 608 3534 praesens
628 3443 734 3533 gratia
749 3462 810 3533 pro
823 3439 972 3530 quolibet
983 3439 1098 3511 futuro

166 3549 284 3608 eventu
297 3550 394 3609 cauta
407 3559 446 3607 ao
458 3548 585 3609 secreto
602 3537 636 3607 in
647 3534 852 3607 Cancetlaria
864 3534 1095 3616 asservando.)
