2642 4175
290 373 292 376 ,
370 338 415 380 na
432 336 670 382 mosomensis
689 336 890 383 uararuourr
988 325 1052 381 277

156 434 219 505 ubi
243 434 284 504 ad
304 433 469 516 dubium,
495 458 510 499 r
532 433 580 502 hu
607 433 732 504 milites
752 434 907 505 catholici
938 455 1013 505 cum
1033 456 1108 505 aca-

155 528 297 599 tholicis
313 526 512 596 mulieribus
526 539 704 597 teneantur
715 549 848 599 servare
861 530 1001 599 formam
1016 550 1109 620 prae-

157 623 321 712 scriptam
344 643 362 690 a
383 621 485 690 Gonu.
507 617 655 690 Trid‘l'»
680 623 850 713 reposuit:
876 648 890 690 r
915 623 1109 693 affirmative

158 718 198 784 in
220 716 325 798 locis,
358 714 417 783 ubi
445 715 650 803 publicatum
673 729 761 787 esset
778 716 987 801 Concilium,
1017 717 1107 786 iuxta

154 811 335 879 decretum
351 806 386 876 S.
401 807 439 877 C.
457 806 502 877 bb
520 807 611 899 Sept.
630 807 722 879 tout
741 811 782 879 ad
803 811 940 882 tertium
955 810 1106 891 dubium,

154 903 371 993 approbante
389 900 422 969 S.
443 902 484 969 ll.
507 901 611 971 Clem.
632 903 711 971 lllll.

213 999 430 1085 Argumenta,
453 1017 539 1084 quae
560 1018 620 1085 pro
640 997 807 1066 contraria
824 996 991 1066 sententia
1012 1018 1030 1065 a
1053 1016 1111 1066 no·
1195 1035 1198 1047 ν

156 1090 220 1160 bis
238 1091 376 1159 luerunt
392 1089 584 1158 summatim
613 1091 785 1181 exposita,
805 1091 902 1159 lacile
922 1092 1107 1159 solvuntur.

90 1227 93 1232 ·
158 1185 250 1254 Nam
283 1182 431 1273 primum
462 1184 641 1252 deductum
663 1205 700 1254 ex
722 1184 959 1273 acceptationis
979 1183 1108 1253 delectu

110 1279 115 1285 ’
158 1290 316 1366 exparte
335 1276 581 1346 baereticorum
603 1278 732 1347 nullum
755 1277 855 1347 habet
883 1278 1037 1367 pondus3
1064 1276 1108 1344 si-

159 1371 303 1461 quidem
332 1382 448 1440 notum
471 1383 519 1439 est
538 1372 799 1461 acceptationem
820 1392 858 1440 ex
878 1384 971 1461 parte
992 1370 1107 1439 subdi·

110 1496 114 1501 ·
160 1477 293 1546 torum,
319 1463 516 1553 praesertim
539 1465 729 1547 rebellium,
745 1486 812 1534 non
838 1464 1052 1556 expostulari,
1075 1476 1113 1533 ut

163 1560 224 1627 lex
243 1556 412 1644 obligandi
428 1556 494 1625 vim
510 1557 642 1628 habeat.
660 1557 731 1628 Nou
747 1559 899 1629 subsistit
918 1558 1043 1649 pariter
1057 1579 1110 1627 se·

165 1652 318 1720 cundum
338 1663 599 1740 argumentum,
622 1653 816 1742 praesertim
850 1654 937 1743 quod
960 1653 1111 1742 quaestio

159 1745 354 1834 generatim
373 1746 543 1835 proposita
564 1757 633 1829 est,
657 1767 719 1815 uec
739 1758 927 1815 coarctatur
947 1747 988 1815 ad
1009 1766 1047 1815 ea
1066 1746 1113 1813 lo·

160 1860 220 1921 ca,
240 1838 297 1906 ubi
312 1850 531 1927 protestantes
550 1838 721 1909 distinctus
739 1840 925 1929 parochias,
942 1837 1109 1945 proprios-

161 1952 238 2022 que
270 1944 418 2020 pastores
437 1931 573 2016 habent,
596 1933 636 2001 de
665 1953 729 2022 qua
750 1933 890 2001 inferius
910 1932 1106 2015 videbimus.

165 2023 322 2098 Tertium
356 2026 487 2095 taudem
522 2038 756 2115 argumentum
795 2045 862 2094 nou
891 2026 999 2105 valet,
1032 2024 1109 2113 quia

167 2139 265 2188 mens
284 2119 422 2188 Consilii
439 2140 506 2188 non
537 2141 575 2188 ea
596 2119 671 2202 luit,
695 2131 731 2187 ut
750 2138 866 2187 omnes
891 2118 1016 2206 ubique
1036 2137 1113 2205 pro-

166 2224 330 2282 testantes
350 2213 458 2300 alege
475 2212 661 2301 generatim
677 2212 852 2282 eximeret.
871 2211 961 2292 Quae
975 2230 1051 2278 cum
1069 2208 1113 2278 ita

94 2338 97 2341 ·
165 2306 258 2389 sint,
281 2305 383 2388 illud,
403 2318 441 2374 ut
460 2320 588 2375 certum
610 2307 643 2374 in
665 2306 759 2388 iure,
782 2327 820 2374 ac
839 2317 947 2374 tutum
969 2304 1003 2371 in
1022 2305 1114 2393 praxi

166 2399 271 2470 statui
293 2399 370 2468 inde
391 2411 499 2488 potest
518 2421 557 2468 ac
576 2401 691 2481 debet,
711 2420 848 2489 nempe:
873 2399 928 2468 ubi
950 2419 1011 2488 per
1027 2396 1116 2486 posi·

172 2494 274 2563 liram
309 2492 569 2582 probationem,
606 2493 835 2563 indubitanter
867 2495 1116 2563 demonstratur

170 2586 315 2657 Concilii
347 2588 517 2656 decretum
554 2588 801 2677 promulgatum
832 2608 904 2657 esse
930 2599 963 2656 et
993 2585 1116 2655 admis-

169 2699 351 2765 sum,1nec
367 2681 401 2748 in
423 2681 675 2750 desuetudinem
706 2682 828 2757 abiisse
858 2680 892 2749 in
922 2678 1114 2770 parochiis,

174 2775 262 2844 iutra
282 2794 424 2862 quarum
439 2774 601 2843 ambitum
621 2775 857 2844 contrahentes
873 2773 1043 2855 haeretici,
1061 2792 1116 2841 ca-
1181 2819 1183 2824 -

174 2868 309 2939 tbolicis
326 2867 382 2934 hic
402 2866 494 2935 illinc
526 2867 695 2937 commixti
720 2869 855 2948 vivunt,
888 2888 927 2935 ac
947 2865 1046 2935 veluti
1067 2865 1119 2935 in-

174 2962 269 3031 colae
290 2973 551 3038 commorantur,
569 2960 613 3030 ita
632 2973 667 3030 ut
683 2971 869 3051 separatam
890 2979 1119 3028 numerosam·

174 3077 243 3144 que
261 3055 295 3122 in
313 3054 387 3123 loeo
409 3053 496 3123 haud
511 3054 715 3125 constituant
734 3053 926 3124 societatem
948 3071 1023 3122 cum
1040 3073 1117 3141 pro-

175 3148 260 3238 priis
281 3148 432 3217 coetibus
450 3148 641 3236 religiosis,
662 3148 764 3218 veluti
789 3145 978 3238 parochiis,
1008 3145 1120 3212 nullus

178 3241 333 3330 prolecto.
350 3241 548 3310 dubitationi
568 3243 661 3310 locus
689 3261 864 3332 superesse
884 3249 1008 3330 potest,
1039 3236 1120 3326 qui'n

183 3334 219 3418 ii,
233 3335 416 3404 tridentina
432 3335 505 3424 lege
519 3335 782 3424 obstringamur,
800 3330 995 3424 praesertim
1018 3334 1118 3420 quod,

180 3440 218 3496 ut
238 3428 393 3498 observat
413 3428 588 3517 Pignatelli
610 3429 648 3497 T.
681 3427 703 3496 5
722 3429 871 3498 Consult.
893 3446 969 3497 can.
983 3423 1060 3509 ll,
1086 3447 1120 3493 n.

177 3519 225 3588 Ἠ
249 3522 644 3591 domushabitationum
669 3520 825 3590 dicuntur
859 3521 920 3590 sub
946 3519 1042 3589 dictis
1068 3538 1124 3585 cu-
