2642 4175
259 325 326 384 332
600 336 702 383 eaeor
721 337 767 381 m.

211 436 341 506 PinsVl
361 434 420 503 cit.
433 434 526 503 Brevi
544 435 584 504 ad
605 434 804 524 Episcopum
823 434 978 504 llotnlen.
998 434 1045 504 16
1058 435 1151 525 Sept.

213 527 306 598 1788
323 551 332 612 ;
349 528 431 597 Pius
451 527 504 595 llll
525 527 559 596 13
576 528 656 597 lnst.
673 529 720 596 -ad
739 528 898 598 Nuntium
925 529 1153 617 apostolicum

214 623 249 690 in
270 622 386 692 Colon.
408 622 482 690 data
506 642 562 690 an.
583 619 676 691 18118
696 621 767 690 311;
802 644 818 687 r
843 620 909 690 Soli
929 621 1095 691 Ecclesiae
1115 621 1153 690 in

213 735 295 784 casu
324 714 529 783 matrimonii
559 713 651 783 dnbii
685 724 873 803 competere
905 715 946 782 de
976 715 1088 784 valore
1118 725 1155 783 et

213 808 369 877 nullitate
378 807 453 876 3133
468 807 625 876 indicium
639 808 729 876 ierne
739 827 940 896 omnemque
953 808 1152 877 sententiam

212 900 255 970 ab
275 901 337 970 alia
368 921 580 991 quacumque
606 910 770 990 potestate
797 901 895 969 latam
925 900 1154 989 incompeten-

214 1007 282 1063 tem
297 1014 376 1063 essc
397 1005 429 1062 et
448 1013 515 1062 non
535 993 657 1062 valere.
679 1017 693 1059 1
721 992 800 1061 Pius
818 993 899 1076 Vlll,
922 1002 954 1061 ct
969 991 1152 1083 Gregorius

214 1086 280 1154 xvt
300 1086 370 1158 snis
390 1086 572 1178 Encyclicis
601 1087 720 1155 litteris
746 1085 792 1153 11
816 1086 890 1154 11311
919 1083 1010 1153 1819
1023 1108 1032 1169 ;
1054 1096 1087 1155 ct
1105 1084 1153 1154 15

213 1181 299 1269 dng.
323 1178 416 1248 1831
436 1178 544 1265 datis,
567 1179 818 1248 matrimonium
847 1178 950 1248 sacris
976 1179 1078 1247 rebus
1097 1200 1154 1247 ac-

214 1274 417 1343 censendum
435 1293 508 1341 esse
535 1274 744 1355 docuerunt,
774 1283 807 1340 ct
827 1272 993 1341 Ecclesiae
1012 1272 1154 1361 proinde

212 1367 332 1436 subiici
356 1390 370 1432 a
390 1386 426 1434 er
447 1381 590 1455 qnorum
623 1365 837 1435 exsecutione
859 1366 1000 1434 omnino
1032 1366 1156 1454 pendet
1223 1425 1240 1452 ,

216 1459 365 1527 eiusdem
392 1458 641 1543 cannabinis,
665 1459 793 1540 robur,
815 1469 852 1527 et
878 1458 962 1526 iusta
984 1456 1155 1527 consocia·

213 1552 275 1621 tio.
299 1575 314 1617 3
338 1552 458 1620 Verum
478 1551 541 1619 lrao
559 1571 660 1640 super
684 1572 721 1621 ra
746 1551 901 1620 dubitare
921 1550 1062 1640 amplius
1084 1569 1156 1619 non

215 1644 293 1713 licet
308 1654 383 1734 post
403 1664 453 1728 ea,
476 1664 563 1734 quae
580 1643 813 1715 Sanctissimns
833 1644 912 1712 Pius
931 1643 973 1712 tlt
988 1657 1053 1712 tam
1075 1662 1158 1715 enu-

216 1733 319 1806 cleata
334 1737 435 1806 edixit
454 1749 522 1806 tum
544 1739 577 1818 in
598 1738 654 1806 cit.
675 1737 769 1807 Brevi
789 1738 868 1826 «13
883 1738 1152 1820 1333333333»

216 1830 273 1897 311
302 1831 389 1899 inter
411 1843 541 1899 caetera
569 1831 719 1900 decernit
748 1831 981 1900 damnatorum
1002 1837 1156 1919 'operum

215 1933 386 1992 auctorem
408 1924 488 1992 13133
508 1924 634 1993 sentire
651 1945 690 1992 ac
707 1924 826 1992 docere
847 1948 861 1990 r
883 1924 960 1991 dum
982 1922 1033 1990 ins
1053 1921 1153 1991 stabi·

216 2016 318 2085 liendi
348 2018 399 2085 vel
426 2017 594 2086 relaxandi
614 2017 853 2107 impedimenta
884 2015 1073 2084 dirimentis
1095 2015 1159 2084 Ec·

218 2109 339 2180 3133133
358 2111 525 2199 denegat,
555 2123 588 2179 et
620 2110 707 2180 cirili
739 2110 862 2179 addicit
888 2108 1040 2199 potestati
1053 2131 1062 2192 ;
1084 2119 1154 2177 tum

216 2204 339 2272 clarius
366 2225 404 2272 ac
423 2205 570 2292 apertius
586 2204 634 2272 ’13
654 2203 861 2273 Allooulione
880 2203 1034 2292 superius
1054 2202 1153 2270 citata

217 2298 258 2364 de
273 2296 420 2385 negotiis
439 2297 606 2366 Ecclesiae
640 2296 845 2386 reipublicae
876 2294 1156 2383 Neogranatensis

219 2386 263 2455 17
286 2388 491 2478 Septembris
511 2387 625 2474 1851,
655 2389 712 2458 311
744 2398 817 2479 post
847 2389 1041 2478 reprobatos
1067 2387 1159 2457 illins

217 2480 375 2551 Gubernii
396 2502 547 2551 excessus
565 2494 680 2551 contra
699 2481 865 2551 Ecclesiae
882 2481 956 2550 inra
974 2480 1155 2550 concludit:

221 2598 236 2640 c
255 2574 561 2663 omninospectarc
591 2577 632 2643 ad
651 2575 818 2646 Ecclesiae
837 2586 1035 2663 potestatem
1066 2593 1104 2642 33
1122 2595 1158 2641 o·

218 2666 307 2734 mnia
335 2666 539 2752 decernere,
563 2689 649 2757 qnae
684 2670 724 2737 ad
758 2668 1008 2737 matrimonium
1040 2666 1156 2755 quovis

218 2760 317 2828 modo
338 2770 476 2849 possunt
494 2762 677 2850 pertinere.
697 2785 711 2827 l
730 2762 777 2829 td
795 2761 878 2829 haec
895 2760 1057 2840 addenda,
1072 2780 1158 2919 guae

218 2852 338 2922 litteris
357 2854 396 2922 ad
417 2853 540 2942 Regem
567 2852 804 2924 Sardiniacld
826 2852 1029 2942 Septembris
1043 2851 1069 2918 ’1
1097 2850 1155 2933 51,

219 2965 258 3012 er
277 2966 353 3015 arce
381 2945 414 3015 S.
446 2945 632 3038 Gandnlphi
660 2947 768 3031 datis,
794 2945 1024 3016 disertissimis
1050 2944 1158 3015 verbis

220 3037 276 3107 SS.
297 3039 334 3107 D.
361 3039 388 3108 N
395 3093 401 3107 .
424 3039 542 3124 docet,
565 3060 686 3129 nempe
707 3064 721 3106 a
742 3049 937 3130 potestatem
956 3038 1085 3106 civilem
1106 3037 1158 3106 ius

219 3132 344 3202 habere
359 3133 400 3202 dc
418 3134 497 3202 solis
518 3134 668 3203 civilibus
690 3132 893 3202 matrimonii
907 3129 1081 3201 effectibus
1097 3142 1161 3200 sta·

218 3226 347 3310 tuendi,
370 3236 404 3295 et
425 3226 591 3297 Ecclesiae
610 3226 715 3296 solius
734 3246 821 3309 esse,
840 3245 929 3315 qnae
953 3224 995 3293 ad
1013 3223 1160 3293 validita-

219 3329 287 3386 tem
321 3318 525 3388 matrimonii
552 3330 703 3408 spectnnt
731 3319 901 3388 ordinare.
925 3316 1052 3387 r-Vide
1074 3337 1159 3406 quae

219 3410 320 3479 habet
336 3412 439 3480 Alloc.
458 3411 591 3483 19031.
613 3410 721 3481 1861.

269 3503 461 3574 Saeculares
488 3526 605 3595 reapse
637 3504 808 3594 Principes
827 3513 967 3594 possunt
988 3501 1160 3571 matrimo-
