2642 4175
263 358 326 414 108
596 369 697 413 caari*
717 369 751 412 lt.

210 469 244 541 in
261 467 384 557 quibus
400 466 504 535 ciuilis
523 466 703 537 auctoritas
720 476 827 554 potest
839 485 1035 534 consensum
1051 485 1144 554 prae·

208 561 321 650 cipere
342 561 390 628 vei
412 561 579 650 supplere,
602 560 681 631 licet
693 579 759 628 non
773 558 882 627 desint
896 560 1066 642 ductores,
1081 559 1140 649 qui

209 653 394 743 generatim
416 654 457 724 de
476 653 566 725 omui
582 663 752 723 oonntracru
770 651 998 740 pronuntient,
1013 653 1141 723 secluso

211 748 344 830 damno,
366 758 424 817 aut
444 746 577 823 iniuria,
604 757 661 819 aut
681 745 846 828 scandalo,
869 745 993 814 nullam
1015 745 1142 834 obliga·

209 840 334 910 tionem
357 861 475 931 parere
496 840 668 929 implendi,
691 839 777 930 quod
793 838 868 908 ficto
882 838 992 908 animo
1004 838 1141 929 polliciti

210 955 350 1017 sumus,
374 955 476 1025 quum
509 933 616 1002 omnis
642 933 801 1022 obligatio
821 932 945 1022 privata
967 953 1005 1000 ex
1035 932 1143 1001 bomi-

210 1047 290 1097 num
311 1029 478 1097 voluntate
498 1038 689 1116 consurgat.
725 1027 794 1097 ileo
818 1037 927 1095 tamen
952 1025 1144 1115 quaestione

210 1120 244 1189 in
277 1122 422 1193 medium
457 1120 595 1202 relicta,
629 1120 834 1208 exploratum
866 1130 917 1189 est
949 1119 1141 1191 dissimilem

210 1215 359 1302 proiecto
380 1235 451 1283 esse
477 1213 639 1284 rationem
660 1212 861 1283 matrimonii
883 1224 982 1301 atque
1000 1213 1142 1283 aliorum

208 1318 465 1390 contractuum
486 1319 555 1375 tum
575 1306 653 1399 quia
684 1306 933 1378 matrimonium
958 1326 1024 1377 non
1046 1305 1144 1375 modo

209 1420 408 1505 corporum,
429 1400 485 1469 sed
508 1399 606 1469 etiam
639 1399 826 1469 animorum
858 1398 1141 1481 coniunctium,

210 1504 281 1563 tum
315 1492 392 1582 quia
424 1513 605 1563 consensus
636 1493 839 1563 matrimonii
873 1494 964 1563 nulla
984 1502 1144 1581 potestate

208 1587 359 1676 suppleri
380 1587 476 1657 valet.
499 1587 615 1676 itaque
633 1587 852 1660 dubitandum
874 1606 940 1659 non
961 1597 1034 1668 est,
1061 1586 1142 1675 quin

212 1679 461 1753 matrimonium
486 1681 641 1753 simulato
659 1681 770 1751 animo
787 1680 906 1751 initum
926 1681 1055 1749 nulium
1075 1678 1141 1762 sit,

211 1771 312 1860 idque
329 1773 545 1842 confirmatur
564 1774 663 1843 etiam
681 1795 718 1843 ex
735 1795 806 1862 cap.
827 1774 896 1843 Tua
909 1791 969 1842 uus
983 1773 1023 1842 de
1038 1770 1143 1862 Spon-

208 1866 274 1935 sal.
293 1878 326 1937 et
342 1867 529 1937 Matrimon.
550 1867 785 1950 Quamobrem,
802 1867 834 1934 in
850 1867 949 1935 citato
966 1886 1056 1948 casu,
1074 1866 1145 1955 pri-

213 1979 304 2027 mum
322 1960 570 2030 matrimonium
591 1961 667 2030 licie
688 1960 806 2031 initum
828 1980 893 2029 non
908 1959 1068 2039 consistit,
1084 1961 1140 2028 sed

213 2052 354 2124 aiterum
379 2054 514 2124 omnino
533 2054 630 2126 vaiet.
660 2053 805 2124 Ecclesia
824 2063 934 2123 tamen
954 2073 1038 2144 quae
1058 2052 1144 2124 iudi-

209 2158 266 2216 cat
278 2150 460 2218 seeundum
474 2158 544 2218 acta
560 2162 592 2216 et
607 2149 755 2237 probata,
773 2146 923 2219 censuris
936 2147 1034 2218 etiam
1053 2167 1145 2216 com·

212 2241 354 2330 pelleret
373 2242 412 2312 ad
432 2242 689 2312 cohabitandum
709 2261 784 2310 cum
803 2262 865 2323 ea,
887 2261 1029 2329 quacum
1048 2239 1144 2330 prius

213 2335 462 2406 matrimonium
486 2346 690 2404 contractum
722 2334 794 2404 init.
832 2333 942 2414 Quare
961 2334 1020 2417 fit,
1044 2344 1082 2402 ut
1098 2334 1145 2404 si-

214 2428 371 2511 mulatur,
394 2426 421 2496 si
441 2426 608 2497 fictionem
630 2427 664 2496 in
685 2428 756 2498 iuro
771 2438 906 2499 externo
926 2426 1068 2516 probaro
1084 2446 1143 2497 ne·

211 2531 327 2609 queat,
348 2529 467 2591 neutro
489 2519 702 2592 matrimonio
724 2520 772 2593 uti
792 2530 912 2610 potest;
931 2542 997 2592 non
1016 2519 1138 2627 primo,

211 2612 292 2701 quia
312 2613 443 2683 deiectu
461 2634 640 2686 consensus
659 2616 789 2686 nulium
808 2614 882 2697 init,
900 2635 938 2686 ac
957 2614 1067 2721 potius
1086 2614 1145 2683 de·

214 2705 271 2776 het
290 2706 427 2794 quodvis
456 2707 620 2780 sustinere
644 2708 891 2802 incommodum
912 2729 950 2778 ae
968 2707 1067 2778 etiam
1090 2728 1144 2776 ex·

214 2798 571 2904 communicationem,
607 2823 707 2892 quam
738 2823 799 2893 per
823 2803 956 2872 carnale
979 2820 1143 2909 commet-

211 2890 303 2960 eium
325 2906 495 2982 peceatum
527 2896 689 2986 operari3
710 2917 776 2968 non
796 2896 967 2979 secundo,
995 2894 1072 2984 quia
1102 2895 1146 2966 ob

216 2983 384 3057 Eoedesioe
404 2988 663 3078 prohihitionem
685 2990 725 3064 ab
745 2991 817 3062 eius
837 3010 899 3062 usu
918 3000 951 3062 et
969 2987 1145 3062 habitatio·

215 3080 411 3169 nepenitue
431 3096 631 3155 remoretur.
652 3082 715 3194 Sed
749 3082 832 3156 iilud
864 3082 982 3156 merito
1001 3080 1093 3153 sibi
1085 3102 1150 3150 rm

214 3183 322 3260 putei
