<?xml version="1.0" encoding="UTF-8"?>
<!DOCTYPE html PUBLIC "-//W3C//DTD XHTML 1.0 Transitional//EN"
    "http://www.w3.org/TR/xhtml1/DTD/xhtml1-transitional.dtd">
<html xmlns="http://www.w3.org/1999/xhtml" xml:lang="en" lang="en">
 <head>
  <title>
</title>
<meta http-equiv="Content-Type" content="text/html;charset=utf-8" />
  <meta name='ocr-system' content='tesseract 3.04.00' />
  <meta name='ocr-capabilities' content='ocr_page ocr_carea ocr_par ocr_line ocrx_word'/>
</head>
<body>
  <div class='ocr_page' id='page_1' title='image "./septimiimariaev00veccgoog_0369.png"; bbox 0 0 2642 4175; ppageno 0'>
   <div class='ocr_carea' id='block_1_1' title="bbox 345 360 1120 420">
    <p class='ocr_par' dir='ltr' id='par_1_1' title="bbox 345 360 1120 420">
     <span class='ocr_line' id='line_1_1' title="bbox 345 360 1120 420; baseline 0.006 -5"><span class='ocrx_word' id='word_1_1' title='bbox 345 371 389 415; x_wconf 86' lang='lat' dir='ltr'><strong>nn</strong></span> <span class='ocrx_word' id='word_1_2' title='bbox 406 371 641 418; x_wconf 79' lang='lat' dir='ltr'><strong>mnnnmnnnrs</strong></span> <span class='ocrx_word' id='word_1_3' title='bbox 659 371 858 418; x_wconf 78' lang='lat' dir='ltr'><strong>unrumoun</strong></span> <span class='ocrx_word' id='word_1_4' title='bbox 955 360 1022 419; x_wconf 73' lang='lat'><strong>345</strong></span> <span class='ocrx_word' id='word_1_5' title='bbox 1114 410 1120 420; x_wconf 92' lang='lat'>.</span> 
     </span>
    </p>
   </div>
   <div class='ocr_carea' id='block_1_2' title="bbox 96 467 1076 1479">
    <p class='ocr_par' dir='ltr' id='par_1_2' title="bbox 96 467 1076 1479">
     <span class='ocr_line' id='line_1_2' title="bbox 132 467 1073 560; baseline 0.006 -24"><span class='ocrx_word' id='word_1_6' title='bbox 132 467 184 536; x_wconf 82' lang='lat' dir='ltr'><strong>rel</strong></span> <span class='ocrx_word' id='word_1_7' title='bbox 205 467 312 555; x_wconf 79' lang='lat' dir='ltr'><strong>magis</strong></span> <span class='ocrx_word' id='word_1_8' title='bbox 332 467 411 558; x_wconf 86' lang='lat' dir='ltr'><strong>quia</strong></span> <span class='ocrx_word' id='word_1_9' title='bbox 430 469 660 540; x_wconf 83' lang='lat' dir='ltr'><strong>authenticum</strong></span> <span class='ocrx_word' id='word_1_10' title='bbox 686 468 829 559; x_wconf 88' lang='lat' dir='ltr'><strong>duplicis</strong></span> <span class='ocrx_word' id='word_1_11' title='bbox 846 471 997 560; x_wconf 87' lang='lat' dir='ltr'><strong>responsi</strong></span> <span class='ocrx_word' id='word_1_12' title='bbox 1017 492 1073 542; x_wconf 81' lang='lat' dir='ltr'><strong>ex·</strong></span> 
     </span>
     <span class='ocr_line' id='line_1_3' title="bbox 132 560 1076 654; baseline 0.005 -24"><span class='ocrx_word' id='word_1_13' title='bbox 132 560 265 649; x_wconf 85' lang='lat' dir='ltr'><strong>emplar</strong></span> <span class='ocrx_word' id='word_1_14' title='bbox 282 573 398 630; x_wconf 87' lang='lat' dir='ltr'><strong>notum</strong></span> <span class='ocrx_word' id='word_1_15' title='bbox 420 562 516 632; x_wconf 90' lang='lat' dir='ltr'><strong>nobis</strong></span> <span class='ocrx_word' id='word_1_16' title='bbox 542 574 821 654; x_wconf 87' lang='lat' dir='ltr'><strong>perspectumque</strong></span> <span class='ocrx_word' id='word_1_17' title='bbox 848 583 916 634; x_wconf 92' lang='lat' dir='ltr'><strong>non</strong></span> <span class='ocrx_word' id='word_1_18' title='bbox 940 574 1017 649; x_wconf 88' lang='lat' dir='ltr'><strong>est,</strong></span> <span class='ocrx_word' id='word_1_19' title='bbox 1040 579 1076 636; x_wconf 89' lang='lat' dir='ltr'><strong>et</strong></span> 
     </span>
     <span class='ocr_line' id='line_1_4' title="bbox 96 652 1074 742; baseline 0.009 -22"><span class='ocrx_word' id='word_1_20' title='bbox 96 713 107 728; x_wconf 85' lang='grc'><em>,</em></span> <span class='ocrx_word' id='word_1_21' title='bbox 132 652 275 742; x_wconf 89' lang='lat' dir='ltr'><strong>insuper</strong></span> <span class='ocrx_word' id='word_1_22' title='bbox 293 654 390 723; x_wconf 88' lang='lat' dir='ltr'><strong>nobis</strong></span> <span class='ocrx_word' id='word_1_23' title='bbox 422 668 578 739; x_wconf 89' lang='lat' dir='ltr'><strong>constat,</strong></span> <span class='ocrx_word' id='word_1_24' title='bbox 601 676 674 726; x_wconf 86' lang='lat' dir='ltr'><strong>eam</strong></span> <span class='ocrx_word' id='word_1_25' title='bbox 706 656 806 725; x_wconf 90' lang='lat' dir='ltr'><strong>modo</strong></span> <span class='ocrx_word' id='word_1_26' title='bbox 830 676 903 726; x_wconf 91' lang='lat' dir='ltr'><strong>esse</strong></span> <span class='ocrx_word' id='word_1_27' title='bbox 922 655 957 725; x_wconf 87' lang='lat' dir='ltr'><strong>S.</strong></span> <span class='ocrx_word' id='word_1_28' title='bbox 979 655 1074 730; x_wconf 88' lang='lat' dir='ltr'><strong>Sedis</strong></span> 
     </span>
     <span class='ocr_line' id='line_1_5' title="bbox 132 746 1074 834; baseline 0.004 -18"><span class='ocrx_word' id='word_1_29' title='bbox 132 746 292 834; x_wconf 66' lang='lat' dir='ltr'><strong>maxim,</strong></span> <span class='ocrx_word' id='word_1_30' title='bbox 316 746 406 816; x_wconf 89' lang='lat' dir='ltr'><strong>utin</strong></span> <span class='ocrx_word' id='word_1_31' title='bbox 432 749 652 819; x_wconf 80' lang='lat' dir='ltr'>concedendis</span> <span class='ocrx_word' id='word_1_32' title='bbox 673 749 725 818; x_wconf 89' lang='lat' dir='ltr'><strong>his</strong></span> <span class='ocrx_word' id='word_1_33' title='bbox 744 747 955 820; x_wconf 80' lang='lat' dir='ltr'><strong>facultatibus</strong></span> <span class='ocrx_word' id='word_1_34' title='bbox 975 751 1074 821; x_wconf 89' lang='lat' dir='ltr'><strong>addat</strong></span> 
     </span>
     <span class='ocr_line' id='line_1_6' title="bbox 132 841 1072 928; baseline 0.005 -20"><span class='ocrx_word' id='word_1_35' title='bbox 132 858 271 928; x_wconf 81' lang='lat' dir='ltr'><strong>semper</strong></span> <span class='ocrx_word' id='word_1_36' title='bbox 293 863 309 906; x_wconf 77' lang='lat' dir='ltr'><strong>r</strong></span> <span class='ocrx_word' id='word_1_37' title='bbox 330 860 441 911; x_wconf 89' lang='lat' dir='ltr'><strong>coram</strong></span> <span class='ocrx_word' id='word_1_38' title='bbox 462 841 632 926; x_wconf 81' lang='lat' dir='ltr'>Ecclesia,</span> <span class='ocrx_word' id='word_1_39' title='bbox 655 865 671 910; x_wconf 75' lang='lat' dir='ltr'><strong>a</strong></span> <span class='ocrx_word' id='word_1_40' title='bbox 700 843 810 912; x_wconf 83' lang='lat' dir='ltr'><strong>lacere</strong></span> <span class='ocrx_word' id='word_1_41' title='bbox 840 852 951 913; x_wconf 89' lang='lat' dir='ltr'><strong>tomen</strong></span> <span class='ocrx_word' id='word_1_42' title='bbox 984 842 1072 913; x_wconf 87' lang='lat' dir='ltr'><strong>haud</strong></span> 
     </span>
     <span class='ocr_line' id='line_1_7' title="bbox 132 933 1074 1024; baseline 0.006 -24"><span class='ocrx_word' id='word_1_43' title='bbox 132 951 337 1019; x_wconf 88' lang='lat' dir='ltr'><strong>pessumus,</strong></span> <span class='ocrx_word' id='word_1_44' title='bbox 360 933 442 1024; x_wconf 87' lang='lat' dir='ltr'><strong>quin</strong></span> <span class='ocrx_word' id='word_1_45' title='bbox 473 935 775 1005; x_wconf 86' lang='lat' dir='ltr'><strong>animadvertamus</strong></span> <span class='ocrx_word' id='word_1_46' title='bbox 795 935 979 1005; x_wconf 81' lang='lat' dir='ltr'><strong>contrarias</strong></span> <span class='ocrx_word' id='word_1_47' title='bbox 998 956 1074 1006; x_wconf 80' lang='lat' dir='ltr'><strong>sen·</strong></span> 
     </span>
     <span class='ocr_line' id='line_1_8' title="bbox 135 1025 1072 1117; baseline 0.002 -23"><span class='ocrx_word' id='word_1_48' title='bbox 135 1025 259 1095; x_wconf 87' lang='lat' dir='ltr'><strong>tentias</strong></span> <span class='ocrx_word' id='word_1_49' title='bbox 278 1026 399 1111; x_wconf 85' lang='lat' dir='ltr'><strong>focile,</strong></span> <span class='ocrx_word' id='word_1_50' title='bbox 422 1039 455 1099; x_wconf 88' lang='lat' dir='ltr'><strong>et</strong></span> <span class='ocrx_word' id='word_1_51' title='bbox 480 1029 593 1100; x_wconf 78' lang='lat' dir='ltr'><strong>forsan</strong></span> <span class='ocrx_word' id='word_1_52' title='bbox 612 1030 712 1098; x_wconf 91' lang='lat' dir='ltr'><strong>etiam</strong></span> <span class='ocrx_word' id='word_1_53' title='bbox 740 1031 818 1097; x_wconf 91' lang='lat' dir='ltr'><strong>vere</strong></span> <span class='ocrx_word' id='word_1_54' title='bbox 843 1029 1023 1117; x_wconf 89' lang='lat' dir='ltr'><strong>componi,</strong></span> <span class='ocrx_word' id='word_1_55' title='bbox 1045 1030 1072 1097; x_wconf 89' lang='lat' dir='ltr'><strong>si</strong></span> 
     </span>
     <span class='ocr_line' id='line_1_9' title="bbox 132 1117 1074 1211; baseline 0.005 -27"><span class='ocrx_word' id='word_1_56' title='bbox 132 1117 288 1202; x_wconf 87' lang='lat' dir='ltr'><strong>dicatur,</strong></span> <span class='ocrx_word' id='word_1_57' title='bbox 328 1140 367 1188; x_wconf 91' lang='lat' dir='ltr'><strong>ac</strong></span> <span class='ocrx_word' id='word_1_58' title='bbox 396 1121 590 1191; x_wconf 78' lang='lat' dir='ltr'><strong>adstruatur</strong></span> <span class='ocrx_word' id='word_1_59' title='bbox 619 1121 800 1211; x_wconf 82' lang='lat' dir='ltr'><strong>Episcopus</strong></span> <span class='ocrx_word' id='word_1_60' title='bbox 830 1120 998 1189; x_wconf 92' lang='lat' dir='ltr'><strong>indultum</strong></span> <span class='ocrx_word' id='word_1_61' title='bbox 1024 1121 1074 1189; x_wconf 92' lang='lat' dir='ltr'><strong>di·</strong></span> 
     </span>
     <span class='ocr_line' id='line_1_10' title="bbox 132 1211 1075 1298; baseline 0.005 -20"><span class='ocrx_word' id='word_1_62' title='bbox 132 1211 313 1298; x_wconf 86' lang='lat' dir='ltr'><strong>spensandi</strong></span> <span class='ocrx_word' id='word_1_63' title='bbox 332 1211 367 1280; x_wconf 92' lang='lat' dir='ltr'><strong>in</strong></span> <span class='ocrx_word' id='word_1_64' title='bbox 386 1213 608 1285; x_wconf 80' lang='lat' dir='ltr'><strong>matrimoniis</strong></span> <span class='ocrx_word' id='word_1_65' title='bbox 627 1214 731 1284; x_wconf 88' lang='lat' dir='ltr'><strong>nullis</strong></span> <span class='ocrx_word' id='word_1_66' title='bbox 758 1213 824 1283; x_wconf 86' lang='lat' dir='ltr'><strong>iam</strong></span> <span class='ocrx_word' id='word_1_67' title='bbox 852 1212 944 1283; x_wconf 87' lang='lat' dir='ltr'><strong>initis</strong></span> <span class='ocrx_word' id='word_1_68' title='bbox 963 1224 1075 1283; x_wconf 85' lang='lat' dir='ltr'><strong>erten-</strong></span> 
     </span>
     <span class='ocr_line' id='line_1_11' title="bbox 132 1303 1071 1396; baseline 0.005 -25"><span class='ocrx_word' id='word_1_69' title='bbox 132 1303 213 1374; x_wconf 90' lang='lat' dir='ltr'><strong>dere</strong></span> <span class='ocrx_word' id='word_1_70' title='bbox 234 1305 370 1395; x_wconf 88' lang='lat' dir='ltr'><strong>quidem</strong></span> <span class='ocrx_word' id='word_1_71' title='bbox 396 1307 470 1378; x_wconf 90' lang='lat' dir='ltr'><strong>iure</strong></span> <span class='ocrx_word' id='word_1_72' title='bbox 489 1328 587 1396; x_wconf 88' lang='lat' dir='ltr'><strong>posse</strong></span> <span class='ocrx_word' id='word_1_73' title='bbox 614 1308 654 1377; x_wconf 90' lang='lat' dir='ltr'><strong>ad</strong></span> <span class='ocrx_word' id='word_1_74' title='bbox 683 1305 960 1379; x_wconf 86' lang='lat' dir='ltr'><strong>ea.matrimcnia</strong></span> <span class='ocrx_word' id='word_1_75' title='bbox 980 1307 1071 1376; x_wconf 82' lang='lat' dir='ltr'><strong>clan-</strong></span> 
     </span>
     <span class='ocr_line' id='line_1_12' title="bbox 132 1395 1074 1479; baseline 0.006 -16"><span class='ocrx_word' id='word_1_76' title='bbox 132 1395 290 1479; x_wconf 91' lang='lat' dir='ltr'><strong>destina,</strong></span> <span class='ocrx_word' id='word_1_77' title='bbox 311 1419 371 1468; x_wconf 93' lang='lat' dir='ltr'><strong>seu</strong></span> <span class='ocrx_word' id='word_1_78' title='bbox 400 1421 467 1470; x_wconf 92' lang='lat' dir='ltr'><strong>nou</strong></span> <span class='ocrx_word' id='word_1_79' title='bbox 494 1412 621 1472; x_wconf 77' lang='lat' dir='ltr'><strong>servata</strong></span> <span class='ocrx_word' id='word_1_80' title='bbox 649 1399 835 1470; x_wconf 81' lang='lat' dir='ltr'><strong>Tridentini</strong></span> <span class='ocrx_word' id='word_1_81' title='bbox 858 1399 963 1469; x_wconf 88' lang='lat' dir='ltr'><strong>lorma</strong></span> <span class='ocrx_word' id='word_1_82' title='bbox 996 1420 1074 1469; x_wconf 91' lang='lat' dir='ltr'><strong>con·</strong></span> 
     </span>
    </p>
   </div>
   <div class='ocr_carea' id='block_1_3' title="bbox 132 1492 1184 1583">
    <p class='ocr_par' dir='ltr' id='par_1_3' title="bbox 132 1492 1184 1583">
     <span class='ocr_line' id='line_1_13' title="bbox 132 1492 1184 1583; baseline 0.003 -24"><span class='ocrx_word' id='word_1_83' title='bbox 132 1501 251 1575; x_wconf 79' lang='lat' dir='ltr'><strong>tracte,</strong></span> <span class='ocrx_word' id='word_1_84' title='bbox 274 1512 371 1579; x_wconf 84' lang='lat' dir='ltr'><strong>quae,</strong></span> <span class='ocrx_word' id='word_1_85' title='bbox 390 1492 454 1562; x_wconf 91' lang='lat' dir='ltr'><strong>nisi</strong></span> <span class='ocrx_word' id='word_1_86' title='bbox 481 1494 573 1563; x_wconf 91' lang='lat' dir='ltr'><strong>aliud</strong></span> <span class='ocrx_word' id='word_1_87' title='bbox 606 1493 770 1564; x_wconf 80' lang='lat' dir='ltr'><strong>dirimens</strong></span> <span class='ocrx_word' id='word_1_88' title='bbox 797 1492 1073 1583; x_wconf 78' lang='lat' dir='ltr'><strong>impedimentum</strong></span> <span class='ocrx_word' id='word_1_89' title='bbox 1179 1517 1184 1526; x_wconf 84' lang='lat'><strong>·</strong></span> 
     </span>
    </p>
   </div>
   <div class='ocr_carea' id='block_1_4' title="bbox 50 1586 1077 3352">
    <p class='ocr_par' dir='ltr' id='par_1_4' title="bbox 50 1586 1077 3352">
     <span class='ocr_line' id='line_1_14' title="bbox 134 1586 1074 1676; baseline 0.005 -26"><span class='ocrx_word' id='word_1_90' title='bbox 134 1597 341 1669; x_wconf 87' lang='lat' dir='ltr'><strong>occurreret,</strong></span> <span class='ocrx_word' id='word_1_91' title='bbox 363 1605 438 1655; x_wconf 82' lang='lat' dir='ltr'><strong>vera</strong></span> <span class='ocrx_word' id='word_1_92' title='bbox 457 1607 496 1656; x_wconf 86' lang='lat' dir='ltr'><strong>ac</strong></span> <span class='ocrx_word' id='word_1_93' title='bbox 514 1586 620 1656; x_wconf 84' lang='lat' dir='ltr'><strong>valide</strong></span> <span class='ocrx_word' id='word_1_94' title='bbox 641 1586 872 1669; x_wconf 81' lang='lat' dir='ltr'><strong>haberentur,</strong></span> <span class='ocrx_word' id='word_1_95' title='bbox 897 1586 964 1656; x_wconf 83' lang='lat' dir='ltr'><strong>sive</strong></span> <span class='ocrx_word' id='word_1_96' title='bbox 985 1587 1074 1676; x_wconf 91' lang='lat' dir='ltr'><strong>quod</strong></span> 
     </span>
     <span class='ocr_line' id='line_1_15' title="bbox 132 1675 1074 1770; baseline 0.006 -27"><span class='ocrx_word' id='word_1_97' title='bbox 132 1675 366 1747; x_wconf 87' lang='lat' dir='ltr'><strong>Tridentinum</strong></span> <span class='ocrx_word' id='word_1_98' title='bbox 379 1698 446 1749; x_wconf 92' lang='lat' dir='ltr'><strong>non</strong></span> <span class='ocrx_word' id='word_1_99' title='bbox 455 1680 734 1769; x_wconf 89' lang='lat' dir='ltr'><strong>estpublicatum,</strong></span> <span class='ocrx_word' id='word_1_100' title='bbox 748 1698 879 1770; x_wconf 86' lang='lat' dir='ltr'><strong>usuque</strong></span> <span class='ocrx_word' id='word_1_101' title='bbox 890 1691 1074 1768; x_wconf 88' lang='lat' dir='ltr'><strong>receptum,</strong></span> 
     </span>
     <span class='ocr_line' id='line_1_16' title="bbox 50 1768 1075 1863; baseline 0.005 -27"><span class='ocrx_word' id='word_1_102' title='bbox 50 1783 54 1789; x_wconf 83' lang='lat'>·</span> <span class='ocrx_word' id='word_1_103' title='bbox 132 1768 200 1840; x_wconf 85' lang='lat' dir='ltr'><strong>sive</strong></span> <span class='ocrx_word' id='word_1_104' title='bbox 221 1772 311 1859; x_wconf 90' lang='lat' dir='ltr'><strong>quod</strong></span> <span class='ocrx_word' id='word_1_105' title='bbox 332 1791 399 1840; x_wconf 91' lang='lat' dir='ltr'><strong>non</strong></span> <span class='ocrx_word' id='word_1_106' title='bbox 416 1772 544 1861; x_wconf 71' lang='lat' dir='ltr'><strong>obligat</strong></span> <span class='ocrx_word' id='word_1_107' title='bbox 562 1774 706 1863; x_wconf 88' lang='lat' dir='ltr'><strong>amplius</strong></span> <span class='ocrx_word' id='word_1_108' title='bbox 726 1774 770 1843; x_wconf 88' lang='lat' dir='ltr'><strong>ob</strong></span> <span class='ocrx_word' id='word_1_109' title='bbox 790 1771 826 1841; x_wconf 88' lang='lat' dir='ltr'><strong>S.</strong></span> <span class='ocrx_word' id='word_1_110' title='bbox 847 1772 881 1842; x_wconf 89' lang='lat' dir='ltr'><strong>S.</strong></span> <span class='ocrx_word' id='word_1_111' title='bbox 904 1773 1075 1861; x_wconf 90' lang='lat' dir='ltr'><strong>dispensa·</strong></span> 
     </span>
     <span class='ocr_line' id='line_1_17' title="bbox 132 1862 1075 1950; baseline 0.002 -19"><span class='ocrx_word' id='word_1_112' title='bbox 132 1862 264 1933; x_wconf 85' lang='lat' dir='ltr'><strong>tionem</strong></span> <span class='ocrx_word' id='word_1_113' title='bbox 288 1864 338 1933; x_wconf 88' lang='lat' dir='ltr'><strong>vel</strong></span> <span class='ocrx_word' id='word_1_114' title='bbox 374 1865 650 1950; x_wconf 89' lang='lat' dir='ltr'><strong>declnrationem;</strong></span> <span class='ocrx_word' id='word_1_115' title='bbox 685 1867 863 1936; x_wconf 84' lang='lat' dir='ltr'><strong>extendere</strong></span> <span class='ocrx_word' id='word_1_116' title='bbox 898 1884 976 1934; x_wconf 85' lang='lat' dir='ltr'><strong>vero</strong></span> <span class='ocrx_word' id='word_1_117' title='bbox 1007 1885 1075 1934; x_wconf 92' lang='lat' dir='ltr'><strong>non</strong></span> 
     </span>
     <span class='ocr_line' id='line_1_18' title="bbox 132 1956 1076 2048; baseline 0 -23"><span class='ocrx_word' id='word_1_118' title='bbox 132 1976 232 2044; x_wconf 89' lang='lat' dir='ltr'><strong>posse</strong></span> <span class='ocrx_word' id='word_1_119' title='bbox 255 1957 295 2025; x_wconf 91' lang='lat' dir='ltr'><strong>ad</strong></span> <span class='ocrx_word' id='word_1_120' title='bbox 317 1976 356 2026; x_wconf 86' lang='lat' dir='ltr'><strong>ea</strong></span> <span class='ocrx_word' id='word_1_121' title='bbox 376 1959 613 2040; x_wconf 82' lang='lat' dir='ltr'><strong>matrimonia,</strong></span> <span class='ocrx_word' id='word_1_122' title='bbox 646 1977 734 2048; x_wconf 89' lang='lat' dir='ltr'><strong>quae</strong></span> <span class='ocrx_word' id='word_1_123' title='bbox 755 1978 791 2027; x_wconf 86' lang='lat' dir='ltr'><strong>ex</strong></span> <span class='ocrx_word' id='word_1_124' title='bbox 810 1956 880 2027; x_wconf 85' lang='lat' dir='ltr'><strong>sola</strong></span> <span class='ocrx_word' id='word_1_125' title='bbox 900 1958 1076 2027; x_wconf 89' lang='lat' dir='ltr'><strong>clandesti-</strong></span> 
     </span>
     <span class='ocr_line' id='line_1_19' title="bbox 107 2048 1076 2141; baseline 0.002 -24"><span class='ocrx_word' id='word_1_126' title='bbox 107 2137 109 2141; x_wconf 9' lang='grc' dir='ltr'><em>ἵ</em></span> <span class='ocrx_word' id='word_1_127' title='bbox 132 2048 241 2120; x_wconf 86' lang='lat' dir='ltr'><strong>nitate</strong></span> <span class='ocrx_word' id='word_1_128' title='bbox 258 2049 403 2121; x_wconf 86' lang='lat' dir='ltr'><strong>invalida</strong></span> <span class='ocrx_word' id='word_1_129' title='bbox 422 2072 461 2122; x_wconf 90' lang='lat' dir='ltr'><strong>ac</strong></span> <span class='ocrx_word' id='word_1_130' title='bbox 477 2052 568 2122; x_wconf 92' lang='lat' dir='ltr'><strong>nulla</strong></span> <span class='ocrx_word' id='word_1_131' title='bbox 589 2051 721 2122; x_wconf 90' lang='lat' dir='ltr'><strong>suntin</strong></span> <span class='ocrx_word' id='word_1_132' title='bbox 741 2049 838 2134; x_wconf 90' lang='lat' dir='ltr'><strong>locis,</strong></span> <span class='ocrx_word' id='word_1_133' title='bbox 864 2048 921 2118; x_wconf 89' lang='lat' dir='ltr'><strong>ubi</strong></span> <span class='ocrx_word' id='word_1_134' title='bbox 944 2050 994 2119; x_wconf 81' lang='lat' dir='ltr'><strong>lex</strong></span> <span class='ocrx_word' id='word_1_135' title='bbox 1015 2049 1076 2119; x_wconf 90' lang='lat' dir='ltr'><strong>tri·</strong></span> 
     </span>
     <span class='ocr_line' id='line_1_20' title="bbox 132 2142 1075 2233; baseline 0.001 -24"><span class='ocrx_word' id='word_1_136' title='bbox 132 2142 271 2213; x_wconf 88' lang='lat' dir='ltr'><strong>dentina</strong></span> <span class='ocrx_word' id='word_1_137' title='bbox 292 2146 502 2233; x_wconf 76' lang='lat' dir='ltr'><strong>promulgata</strong></span> <span class='ocrx_word' id='word_1_138' title='bbox 522 2157 583 2226; x_wconf 92' lang='lat' dir='ltr'><strong>est,</strong></span> <span class='ocrx_word' id='word_1_139' title='bbox 615 2157 649 2213; x_wconf 89' lang='lat' dir='ltr'><strong>et</strong></span> <span class='ocrx_word' id='word_1_140' title='bbox 667 2144 836 2227; x_wconf 87' lang='lat' dir='ltr'><strong>admissa,</strong></span> <span class='ocrx_word' id='word_1_141' title='bbox 859 2161 989 2231; x_wconf 86' lang='lat' dir='ltr'><strong>eaque,</strong></span> <span class='ocrx_word' id='word_1_142' title='bbox 1008 2160 1075 2211; x_wconf 91' lang='lat' dir='ltr'><strong>non</strong></span> 
     </span>
     <span class='ocr_line' id='line_1_21' title="bbox 133 2234 1076 2329; baseline -0.002 -26"><span class='ocrx_word' id='word_1_143' title='bbox 133 2236 308 2307; x_wconf 88' lang='lat' dir='ltr'><strong>observata</strong></span> <span class='ocrx_word' id='word_1_144' title='bbox 341 2238 545 2329; x_wconf 74' lang='lat' dir='ltr'><strong>praescripta</strong></span> <span class='ocrx_word' id='word_1_145' title='bbox 576 2239 708 2320; x_wconf 81' lang='lat' dir='ltr'><strong>forma,</strong></span> <span class='ocrx_word' id='word_1_146' title='bbox 745 2247 914 2325; x_wconf 72' lang='lat' dir='ltr'><strong>umquam</strong></span> <span class='ocrx_word' id='word_1_147' title='bbox 936 2234 1076 2303; x_wconf 90' lang='lat' dir='ltr'><strong>coniun-</strong></span> 
     </span>
     <span class='ocr_line' id='line_1_22' title="bbox 133 2326 1076 2417; baseline -0.001 -20"><span class='ocrx_word' id='word_1_148' title='bbox 133 2329 262 2400; x_wconf 87' lang='lat' dir='ltr'><strong>ctiones</strong></span> <span class='ocrx_word' id='word_1_149' title='bbox 282 2331 506 2413; x_wconf 82' lang='lat' dir='ltr'><strong>fornicariae,</strong></span> <span class='ocrx_word' id='word_1_150' title='bbox 539 2331 617 2402; x_wconf 89' lang='lat' dir='ltr'><strong>licet</strong></span> <span class='ocrx_word' id='word_1_151' title='bbox 635 2331 766 2417; x_wconf 87' lang='lat' dir='ltr'><strong>nullum</strong></span> <span class='ocrx_word' id='word_1_152' title='bbox 793 2329 885 2399; x_wconf 87' lang='lat' dir='ltr'><strong>aliud</strong></span> <span class='ocrx_word' id='word_1_153' title='bbox 905 2326 992 2399; x_wconf 89' lang='lat' dir='ltr'><strong>obsit</strong></span> <span class='ocrx_word' id='word_1_154' title='bbox 1011 2326 1076 2396; x_wconf 85' lang='lat' dir='ltr'><strong>irn-</strong></span> 
     </span>
     <span class='ocr_line' id='line_1_23' title="bbox 132 2420 1077 2513; baseline -0.004 -21"><span class='ocrx_word' id='word_1_155' title='bbox 132 2422 374 2510; x_wconf 87' lang='lat' dir='ltr'><strong>pedimentum,</strong></span> <span class='ocrx_word' id='word_1_156' title='bbox 399 2425 568 2494; x_wconf 87' lang='lat' dir='ltr'><strong>communi</strong></span> <span class='ocrx_word' id='word_1_157' title='bbox 594 2425 721 2494; x_wconf 88' lang='lat' dir='ltr'><strong>calculo</strong></span> <span class='ocrx_word' id='word_1_158' title='bbox 750 2432 963 2513; x_wconf 86' lang='lat' dir='ltr'><strong>reputantur.</strong></span> <span class='ocrx_word' id='word_1_159' title='bbox 982 2420 1077 2490; x_wconf 78' lang='lat' dir='ltr'><strong>Faci-</strong></span> 
     </span>
     <span class='ocr_line' id='line_1_24' title="bbox 131 2514 1074 2608; baseline 0.001 -25"><span class='ocrx_word' id='word_1_160' title='bbox 131 2515 196 2585; x_wconf 83' lang='lat' dir='ltr'><strong>lior</strong></span> <span class='ocrx_word' id='word_1_161' title='bbox 217 2514 274 2584; x_wconf 88' lang='lat' dir='ltr'><strong>hic</strong></span> <span class='ocrx_word' id='word_1_162' title='bbox 290 2518 522 2607; x_wconf 89' lang='lat' dir='ltr'><strong>quaestionem</strong></span> <span class='ocrx_word' id='word_1_163' title='bbox 550 2518 735 2608; x_wconf 85' lang='lat' dir='ltr'><strong>explicandi</strong></span> <span class='ocrx_word' id='word_1_164' title='bbox 756 2517 887 2600; x_wconf 89' lang='lat' dir='ltr'><strong>modus,</strong></span> <span class='ocrx_word' id='word_1_165' title='bbox 909 2515 1074 2586; x_wconf 83' lang='lat' dir='ltr'><strong>diverses·</strong></span> 
     </span>
     <span class='ocr_line' id='line_1_25' title="bbox 132 2609 1074 2700; baseline 0.001 -22"><span class='ocrx_word' id='word_1_166' title='bbox 132 2630 200 2697; x_wconf 87' lang='lat' dir='ltr'><strong>que</strong></span> <span class='ocrx_word' id='word_1_167' title='bbox 220 2610 443 2700; x_wconf 88' lang='lat' dir='ltr'><strong>componendi</strong></span> <span class='ocrx_word' id='word_1_168' title='bbox 461 2612 667 2695; x_wconf 87' lang='lat' dir='ltr'><strong>sententias,</strong></span> <span class='ocrx_word' id='word_1_169' title='bbox 687 2612 754 2681; x_wconf 84' lang='lat' dir='ltr'><strong>rim</strong></span> <span class='ocrx_word' id='word_1_170' title='bbox 775 2623 808 2682; x_wconf 90' lang='lat' dir='ltr'><strong>et</strong></span> <span class='ocrx_word' id='word_1_171' title='bbox 839 2610 970 2700; x_wconf 87' lang='lat' dir='ltr'><strong>pondus</strong></span> <span class='ocrx_word' id='word_1_172' title='bbox 989 2609 1074 2679; x_wconf 87' lang='lat' dir='ltr'><strong>lrau·</strong></span> 
     </span>
     <span class='ocr_line' id='line_1_26' title="bbox 131 2701 1074 2794; baseline 0.001 -25"><span class='ocrx_word' id='word_1_173' title='bbox 131 2702 200 2773; x_wconf 86' lang='lat' dir='ltr'><strong>rire</strong></span> <span class='ocrx_word' id='word_1_174' title='bbox 220 2703 352 2773; x_wconf 87' lang='lat' dir='ltr'><strong>ridetur</strong></span> <span class='ocrx_word' id='word_1_175' title='bbox 371 2725 410 2773; x_wconf 82' lang='lat' dir='ltr'><strong>ex</strong></span> <span class='ocrx_word' id='word_1_176' title='bbox 429 2703 463 2774; x_wconf 88' lang='lat' dir='ltr'><strong>S.</strong></span> <span class='ocrx_word' id='word_1_177' title='bbox 482 2703 522 2774; x_wconf 91' lang='lat'><strong>0.</strong></span> <span class='ocrx_word' id='word_1_178' title='bbox 543 2704 762 2776; x_wconf 88' lang='lat' dir='ltr'><strong>instructione</strong></span> <span class='ocrx_word' id='word_1_179' title='bbox 781 2725 842 2794; x_wconf 90' lang='lat' dir='ltr'><strong>pro</strong></span> <span class='ocrx_word' id='word_1_180' title='bbox 859 2701 1074 2774; x_wconf 88' lang='lat' dir='ltr'><strong>llissionariis</strong></span> 
     </span>
     <span class='ocr_line' id='line_1_27' title="bbox 132 2792 1072 2882; baseline 0.004 -20"><span class='ocrx_word' id='word_1_181' title='bbox 132 2792 177 2864; x_wconf 68' lang='lat'><strong>23</strong></span> <span class='ocrx_word' id='word_1_182' title='bbox 198 2796 311 2866; x_wconf 85' lang='lat' dir='ltr'><strong>muntii</strong></span> <span class='ocrx_word' id='word_1_183' title='bbox 332 2795 437 2882; x_wconf 68' lang='lat'><strong>1825,</strong></span> <span class='ocrx_word' id='word_1_184' title='bbox 457 2797 561 2881; x_wconf 87' lang='lat' dir='ltr'><strong>edita,</strong></span> <span class='ocrx_word' id='word_1_185' title='bbox 583 2798 640 2867; x_wconf 91' lang='lat' dir='ltr'><strong>ubi</strong></span> <span class='ocrx_word' id='word_1_186' title='bbox 661 2799 745 2868; x_wconf 87' lang='lat' dir='ltr'><strong>haec</strong></span> <span class='ocrx_word' id='word_1_187' title='bbox 763 2796 948 2866; x_wconf 87' lang='lat' dir='ltr'><strong>habentur:</strong></span> <span class='ocrx_word' id='word_1_188' title='bbox 975 2796 1072 2866; x_wconf 78' lang='lat' dir='ltr'><strong>elle·</strong></span> 
     </span>
     <span class='ocr_line' id='line_1_28' title="bbox 131 2888 1069 2980; baseline 0 -24"><span class='ocrx_word' id='word_1_189' title='bbox 131 2889 236 2980; x_wconf 86' lang='lat' dir='ltr'><strong>nique</strong></span> <span class='ocrx_word' id='word_1_190' title='bbox 256 2890 468 2959; x_wconf 77' lang='lat' dir='ltr'><strong>manifestum</strong></span> <span class='ocrx_word' id='word_1_191' title='bbox 491 2903 541 2960; x_wconf 88' lang='lat' dir='ltr'><strong>est</strong></span> <span class='ocrx_word' id='word_1_192' title='bbox 562 2911 621 2979; x_wconf 89' lang='lat' dir='ltr'><strong>per</strong></span> <span class='ocrx_word' id='word_1_193' title='bbox 647 2889 858 2959; x_wconf 88' lang='lat' dir='ltr'><strong>matrimonia</strong></span> <span class='ocrx_word' id='word_1_194' title='bbox 879 2888 1069 2977; x_wconf 82' lang='lat' dir='ltr'><strong>praeterite,</strong></span> 
     </span>
     <span class='ocr_line' id='line_1_29' title="bbox 134 2980 1075 3073; baseline 0.001 -24"><span class='ocrx_word' id='word_1_195' title='bbox 134 2981 316 3073; x_wconf 88' lang='lat' dir='ltr'><strong>inquibus</strong></span> <span class='ocrx_word' id='word_1_196' title='bbox 336 2984 384 3052; x_wconf 89' lang='lat' dir='ltr'><strong>uti</strong></span> <span class='ocrx_word' id='word_1_197' title='bbox 405 2995 543 3073; x_wconf 89' lang='lat' dir='ltr'><strong>possunt</strong></span> <span class='ocrx_word' id='word_1_198' title='bbox 562 2983 726 3073; x_wconf 79' lang='lat' dir='ltr'><strong>Episcopi,</strong></span> <span class='ocrx_word' id='word_1_199' title='bbox 747 2982 797 3050; x_wconf 82' lang='lat' dir='ltr'><strong>vel</strong></span> <span class='ocrx_word' id='word_1_200' title='bbox 816 2980 1014 3051; x_wconf 85' lang='lat' dir='ltr'><strong>llissionarii</strong></span> <span class='ocrx_word' id='word_1_201' title='bbox 1030 2981 1075 3050; x_wconf 85' lang='lat' dir='ltr'><strong>la·</strong></span> 
     </span>
     <span class='ocr_line' id='line_1_30' title="bbox 132 3075 1075 3166; baseline -0.001 -24"><span class='ocrx_word' id='word_1_202' title='bbox 132 3076 257 3146; x_wconf 88' lang='lat' dir='ltr'><strong>cultote</strong></span> <span class='ocrx_word' id='word_1_203' title='bbox 282 3076 345 3146; x_wconf 89' lang='lat' dir='ltr'><strong>sibi</strong></span> <span class='ocrx_word' id='word_1_204' title='bbox 366 3076 408 3146; x_wconf 85' lang='lat' dir='ltr'><strong>ab</strong></span> <span class='ocrx_word' id='word_1_205' title='bbox 438 3076 624 3166; x_wconf 76' lang='lat' dir='ltr'><strong>apostolica</strong></span> <span class='ocrx_word' id='word_1_206' title='bbox 655 3075 740 3145; x_wconf 87' lang='lat' dir='ltr'><strong>Sede</strong></span> <span class='ocrx_word' id='word_1_207' title='bbox 758 3075 908 3161; x_wconf 76' lang='lat' dir='ltr'><strong>delegata</strong></span> <span class='ocrx_word' id='word_1_208' title='bbox 940 3075 1075 3162; x_wconf 89' lang='lat' dir='ltr'><strong>dispen-</strong></span> 
     </span>
     <span class='ocr_line' id='line_1_31' title="bbox 131 3165 1073 3258; baseline -0.004 -20"><span class='ocrx_word' id='word_1_209' title='bbox 131 3169 253 3252; x_wconf 86' lang='lat' dir='ltr'><strong>sandi,</strong></span> <span class='ocrx_word' id='word_1_210' title='bbox 288 3183 326 3239; x_wconf 91' lang='lat' dir='ltr'><strong>ut</strong></span> <span class='ocrx_word' id='word_1_211' title='bbox 353 3168 388 3239; x_wconf 92' lang='lat' dir='ltr'><strong>in</strong></span> <span class='ocrx_word' id='word_1_212' title='bbox 414 3170 540 3250; x_wconf 89' lang='lat' dir='ltr'><strong>dubio,</strong></span> <span class='ocrx_word' id='word_1_213' title='bbox 565 3169 707 3258; x_wconf 79' lang='lat' dir='ltr'><strong>intelligi</strong></span> <span class='ocrx_word' id='word_1_214' title='bbox 733 3188 801 3238; x_wconf 91' lang='lat' dir='ltr'><strong>nou</strong></span> <span class='ocrx_word' id='word_1_215' title='bbox 821 3165 1073 3237; x_wconf 88' lang='lat' dir='ltr'><strong>coniunctiones</strong></span> 
     </span>
     <span class='ocr_line' id='line_1_32' title="bbox 132 3262 1074 3352; baseline -0.007 -21"><span class='ocrx_word' id='word_1_216' title='bbox 132 3280 374 3352; x_wconf 78' lang='lat' dir='ltr'><strong>quoscumque,</strong></span> <span class='ocrx_word' id='word_1_217' title='bbox 399 3264 498 3333; x_wconf 90' lang='lat' dir='ltr'><strong>etiam</strong></span> <span class='ocrx_word' id='word_1_218' title='bbox 529 3262 752 3345; x_wconf 86' lang='lat' dir='ltr'><strong>fornicarias,</strong></span> <span class='ocrx_word' id='word_1_219' title='bbox 774 3262 831 3333; x_wconf 90' lang='lat' dir='ltr'><strong>sed</strong></span> <span class='ocrx_word' id='word_1_220' title='bbox 853 3279 909 3328; x_wconf 85' lang='lat' dir='ltr'><strong>eos</strong></span> <span class='ocrx_word' id='word_1_221' title='bbox 927 3267 1074 3327; x_wconf 61' lang='lat' dir='ltr'><strong>tentume</strong></span> 
     </span>
    </p>
   </div>
   <div class='ocr_carea' id='block_1_5' title="bbox 130 3349 1072 3634">
    <p class='ocr_par' dir='ltr' id='par_1_5' title="bbox 130 3349 1072 3634">
     <span class='ocr_line' id='line_1_33' title="bbox 131 3349 1069 3446; baseline -0.005 -22"><span class='ocrx_word' id='word_1_222' title='bbox 131 3356 244 3439; x_wconf 89' lang='lat' dir='ltr'><strong>modo,</strong></span> <span class='ocrx_word' id='word_1_223' title='bbox 264 3378 352 3446; x_wconf 87' lang='lat' dir='ltr'><strong>qnae</strong></span> <span class='ocrx_word' id='word_1_224' title='bbox 370 3357 459 3426; x_wconf 82' lang='lat' dir='ltr'><strong>iuxta</strong></span> <span class='ocrx_word' id='word_1_225' title='bbox 479 3374 589 3426; x_wconf 87' lang='lat' dir='ltr'><strong>mores</strong></span> <span class='ocrx_word' id='word_1_226' title='bbox 610 3355 786 3444; x_wconf 77' lang='lat' dir='ltr'><strong>regionum</strong></span> <span class='ocrx_word' id='word_1_227' title='bbox 801 3354 851 3423; x_wconf 85' lang='lat' dir='ltr'><strong>vel</strong></span> <span class='ocrx_word' id='word_1_228' title='bbox 871 3349 1069 3436; x_wconf 86' lang='lat' dir='ltr'><strong>infidelium,</strong></span> 
     </span>
     <span class='ocr_line' id='line_1_34' title="bbox 131 3446 1072 3535; baseline -0.001 -20"><span class='ocrx_word' id='word_1_229' title='bbox 131 3449 181 3517; x_wconf 82' lang='lat' dir='ltr'><strong>rel</strong></span> <span class='ocrx_word' id='word_1_230' title='bbox 202 3448 449 3520; x_wconf 82' lang='lat' dir='ltr'><strong>haereticorum</strong></span> <span class='ocrx_word' id='word_1_231' title='bbox 468 3451 608 3519; x_wconf 87' lang='lat' dir='ltr'><strong>formam</strong></span> <span class='ocrx_word' id='word_1_232' title='bbox 633 3448 757 3521; x_wconf 86' lang='lat' dir='ltr'><strong>habent</strong></span> <span class='ocrx_word' id='word_1_233' title='bbox 785 3458 820 3517; x_wconf 90' lang='lat' dir='ltr'><strong>et</strong></span> <span class='ocrx_word' id='word_1_234' title='bbox 837 3446 982 3535; x_wconf 72' lang='lat' dir='ltr'><strong>figuram</strong></span> <span class='ocrx_word' id='word_1_235' title='bbox 1001 3460 1072 3515; x_wconf 78' lang='lat' dir='ltr'><strong>nta—</strong></span> 
     </span>
     <span class='ocr_line' id='line_1_35' title="bbox 130 3538 1069 3634; baseline -0.001 -24"><span class='ocrx_word' id='word_1_236' title='bbox 130 3540 294 3627; x_wconf 89' lang='lat' dir='ltr'><strong>trimonii,</strong></span> <span class='ocrx_word' id='word_1_237' title='bbox 316 3543 549 3634; x_wconf 86' lang='lat' dir='ltr'><strong>habenturque</strong></span> <span class='ocrx_word' id='word_1_238' title='bbox 571 3563 632 3633; x_wconf 90' lang='lat' dir='ltr'><strong>pro</strong></span> <span class='ocrx_word' id='word_1_239' title='bbox 652 3541 812 3631; x_wconf 76' lang='lat' dir='ltr'><strong>legitimis</strong></span> <span class='ocrx_word' id='word_1_240' title='bbox 830 3538 1069 3631; x_wconf 82' lang='lat' dir='ltr'><strong>matrimoniis,</strong></span> 
     </span>
    </p>
   </div>
   <div class='ocr_carea' id='block_1_6' title="bbox 0 0 1326 4175">
    <p class='ocr_par' dir='ltr' id='par_1_6' title="bbox 0 0 1326 4175">
     <span class='ocr_line' id='line_1_36' title="bbox 0 0 1326 4175; baseline 0 0"><span class='ocrx_word' id='word_1_241' title='bbox 0 0 1326 4175; x_wconf 95' lang='lat' dir='ltr'><strong> </strong></span> 
     </span>
    </p>
   </div>
  </div>
 </body>
</html>
