2642 4175
379 393 423 437 DE
441 391 679 438 mantuanam
697 393 896 442 marathunta
992 387 1057 443 213

162 490 253 560 haud
280 489 488 579 iunguntur,
511 510 573 560 nec
592 488 709 560 iisdem
730 492 855 583 regulis
873 516 910 564 ac
930 495 1104 587 principiis

162 596 342 674 reguntur.
359 584 422 665 Qui
442 584 520 653 haic
538 584 721 657 adhaerent
736 587 931 674 sententiae,
949 611 1103 662 necessa·

164 679 213 747 ria
233 678 468 748 consecutione
488 677 667 748 admittunt
688 678 873 752 infidelium
892 684 1103 756 matrimonia

163 783 256 842 metu
274 772 354 842 inita
375 771 480 842 valida
502 792 586 842 esse.

211 866 283 935 Hoc
299 878 409 935 autem
435 865 709 956 impedimentum
731 867 880 957 quamvis
903 870 1104 943 ecclesiasti·

161 982 241 1027 cum
270 960 324 1042 sit,
347 959 388 1028 ab
409 959 553 1029 Ecclesia
573 972 771 1031 tamennon
791 962 982 1046 relaxatur,
1014 968 1102 1055 quod

163 1053 237 1122 deri
257 1053 343 1123 iuste
363 1053 611 1143 prudenterque
632 1076 699 1125 non
720 1055 835 1144 possit.
858 1057 1009 1145 tequam
1030 1080 1105 1146 pro·

163 1148 250 1217 lecto
270 1168 337 1216 non
358 1159 445 1217 esset
463 1147 621 1216 iniuriam
639 1149 763 1218 illatam
785 1149 984 1220 confirmare
1003 1161 1102 1241 atque

163 1241 363 1331 approbare,
386 1254 419 1311 et
439 1241 581 1325 efficere,
604 1253 641 1312 ut
660 1243 814 1311 timorem
837 1242 996 1314 iniustum
1018 1243 1102 1315 inlc-

167 1335 252 1404 rcuti
281 1336 373 1405 lraus
390 1355 449 1403 sua
470 1346 504 1404 et
531 1336 626 1404 dolus
646 1336 923 1425 patrocinaretur.
950 1338 1102 1408 Attamen

162 1429 374 1499 deficientem
395 1450 433 1497 ex
450 1440 542 1499 metu
561 1448 758 1498 consensum
780 1429 923 1499 liberum
943 1444 1101 1520 potarunt

165 1522 227 1590 rim
250 1523 349 1612 passi,
368 1521 423 1591 ubi
442 1522 548 1590 sciant
565 1521 813 1592 matrimonium
829 1524 957 1592 nullum
978 1545 1050 1594 osse
1070 1538 1104 1596 et

165 1615 369 1698 invalidum,
393 1635 434 1686 ex
450 1613 621 1696 intervallo
639 1617 795 1705 supplere
810 1618 861 1686 vel
873 1638 933 1706 per
947 1619 1099 1708 copulam

162 1722 282 1799 sponte
314 1731 372 1778 sua
401 1719 435 1778 et
454 1709 573 1777 allecta
604 1710 748 1779 maritali
767 1710 1031 1801 subsequutum,
1051 1715 1100 1781 vel

164 1824 224 1892 per
243 1802 437 1872 diuturnam
456 1802 735 1873 cohabitationem
765 1817 979 1894 spontaneam
1000 1805 1099 1874 etiam

165 1897 236 1967 sine
256 1898 388 1987 copula,
410 1897 460 1965 vel
476 1917 559 1965 noro
579 1916 743 1967 consensu
763 1896 868 1966 libero
889 1898 987 1967 etiam
1010 1895 1100 1968 clan-

161 1991 306 2060 destino.
320 1990 431 2057 Primo
447 1990 544 2059 modo
560 1990 1002 2075 vatidaturrnatrimonium,
1021 1993 1099 2081 quia
1122 2069 1127 2082 x

160 2086 202 2154 ad
219 2085 294 2154 eius
309 2085 453 2154 valorem
474 2083 643 2152 dumtaxat
657 2082 842 2171 requiritur
861 2104 1041 2154 consensus
1061 2085 1101 2154 il-

162 2179 227 2248 lius
247 2199 428 2268 personae,
450 2198 536 2268 quae
557 2189 682 2246 metum
705 2194 796 2265 passa
819 2188 884 2258 est,
908 2197 982 2244 cum
1004 2198 1100 2266 prae·

160 2272 301 2343 cesserit
325 2284 358 2340 ct
376 2271 562 2340 virtualiter
581 2280 770 2359 perseveret
787 2288 967 2339 consonans
988 2270 1097 2351 illius,
1133 2336 1136 2342 .

161 2368 219 2456 qni
247 2377 371 2435 metum
394 2365 539 2447 indurit3
561 2365 617 2434 sed
640 2362 698 2457 qui
714 2363 867 2452 copulam
883 2362 988 2433 libere
1003 2376 1037 2433 et
1058 2366 1102 2433 al·

163 2462 249 2530 lectu
270 2459 414 2528 maritali
429 2479 526 2541 ,non
552 2457 664 2527 animo
683 2457 861 2526 fornicario
883 2457 999 2540 babet,
1022 2477 1100 2528 oon-

163 2561 294 2624 seusum
315 2573 412 2622 suum
434 2562 602 2642 praestat,
621 2550 828 2641 proindeque
847 2551 1098 2621 matrimonium

163 2649 326 2718 aalidetur
350 2665 485 2715 necesse
504 2657 565 2716 est.
590 2645 627 2713 ln
646 2646 719 2714 loro
749 2656 884 2714 externo
904 2646 1012 2716 locum
1034 2646 1096 2715 sibi

163 2742 305 2810 vindicat
324 2739 563 2829 praesumptio,
587 2740 676 2828 quod
696 2739 813 2828 copula
831 2750 948 2828 sponte
968 2751 1002 2809 et
1020 2739 1098 2809 alle·

163 2845 217 2904 ctu
233 2833 377 2903 maritali
399 2832 509 2902 habita
531 2833 643 2915 luerit,
664 2831 726 2900 niai
752 2833 955 2901 contrarium
977 2833 1098 2921 proba·

163 2938 227 2997 tur.
242 2929 323 3016 Cap.
339 2925 385 2995 30
400 2927 441 2994 de
464 2924 615 3016 Sponsal.
636 2923 765 2993 Pariter
792 2926 955 2995 relidatur
981 2925 1096 2996 matri-

128 3030 132 3038 “
163 3023 311 3091 monium
332 3040 392 3110 per
422 3031 636 3109 spontaneam
667 3016 969 3100 cohabitationem,
993 3040 1096 3108 quum
1186 3032 1196 3043 ·

160 3136 197 3183 ea
215 3116 259 3185 sit
289 3115 421 3202 signum
442 3113 607 3182 sufficiens
636 3109 711 3179 novi
738 3129 942 3195 consensus,
966 3112 1023 3200 qui
1044 3132 1097 3180 so-

163 3209 227 3276 lum
264 3209 304 3276 ad
337 3207 610 3277 convalidandum
645 3203 895 3273 matrimonium
929 3204 1097 3273 desidera·

162 3312 226 3370 tar.
249 3299 354 3369 Porro
384 3299 584 3370 cohabitatio
609 3309 679 3366 tum
702 3308 856 3366 censetur
886 3308 1068 3386 spontanea
1087 3352 1095 3379 ,

159 3415 234 3463 cum
252 3393 377 3463 incussi
397 3405 492 3463 antea
527 3391 657 3462 timoris
678 3410 775 3460 causa
806 3390 850 3460 ita
874 3402 924 3461 est
952 3389 1097 3461 sublata.

160 3499 197 3557 ut
215 3509 311 3578 pars,
331 3506 417 3578 quae
446 3497 572 3555 metum
597 3502 693 3574 passa
713 3495 787 3566 est,
818 3485 868 3553 vel
889 3485 1024 3575 lugere,
1046 3488 1095 3554 vel

158 3582 331 3651 commode
358 3581 541 3649 reclamare
566 3578 732 3669 potuerit:
750 3598 816 3648 nou
837 3578 925 3648 enim
947 3577 1094 3655 sufficit,
