2642 4175
278 340 343 400 154
612 353 716 400 canor
732 355 781 401 m.

229 477 290 547 pro
307 457 397 526 linea
416 453 598 525 collaterali
618 453 751 545 aequali
772 454 857 524 haec
876 465 938 524 est:
960 479 975 521 r
995 466 1077 546 quot
1095 475 1176 544 gra·

229 550 328 620 dibus
342 571 360 619 a
374 549 525 640 proximo
540 547 709 619 communi
724 546 837 639 stipite
851 568 1015 639 personae
1029 548 1171 633 distant,

231 655 280 715 tot
295 644 454 736 gradibus
464 642 684 714 distantinter
696 661 743 726 se,
756 667 771 709 e
785 663 844 712 seu
857 653 933 713 ‹tot
944 654 1022 713 sunt
1033 643 1174 730 gradus

229 749 312 828 quot
336 737 567 827 generationes
588 737 622 806 in
642 756 709 806 uua
736 736 835 821 sarie,
857 738 990 826 dempto
1011 735 1171 826 stipite‚›

233 855 248 899 ‹
265 852 387 922 nempe
400 833 441 902 ab
456 850 520 900 uua
538 851 578 900 ex
595 829 648 899 his
667 829 830 921 personis,
847 831 888 900 de
901 851 1043 921 quarum
1058 830 1176 919 cogni·

230 924 321 995 tione
335 925 521 1017 quaeritur,
537 925 577 993 ad
595 923 782 1014 proximum
796 944 1007 994 communem
1020 923 1174 1014 stipitem

230 1020 430 1101 ascenditur,
442 1019 499 1089 sed
513 1038 580 1087 nou
593 1019 817 1101 descenditur,
833 1029 866 1087 ct
880 1028 928 1088 tot
941 1029 1019 1087 sunt
1030 1017 1172 1103 gradus,

232 1123 315 1203 quot
329 1133 511 1204 personae,
533 1112 667 1202 dempto
684 1111 810 1202 stipite.
823 1112 933 1183 Tertia
951 1112 1086 1181 demum
1107 1132 1174 1201 pro

228 1207 317 1278 linea
330 1205 513 1278 collaterali
527 1204 696 1295 inaequali
712 1216 774 1276 e'st:
796 1229 811 1273 r
829 1216 911 1296 quot
923 1206 1080 1294 gradibus
1096 1225 1177 1294 per-

230 1322 309 1371 sona
330 1300 522 1371 remotiora
551 1300 700 1388 proximo
720 1298 887 1371 communi
916 1298 1027 1389 stipite
1046 1298 1172 1384 distat,

231 1393 445 1483 totgradibus
458 1392 582 1463 distant
595 1392 683 1463 inter
696 1404 930 1479 se‚»seu‹tot
941 1404 1020 1464 sunt
1030 1393 1173 1482 gradus,
1225 1431 1231 1444 ·

230 1499 314 1578 quot
332 1507 494 1577 personae
519 1487 554 1555 in
572 1487 718 1576 longiori
737 1487 835 1570 serie,
858 1488 991 1577 dempto
1010 1486 1137 1576 stipite,
1156 1510 1172 1553 a

233 1674 333 1745 serie.
355 1673 475 1743 Hiuor
498 1675 549 1743 rir
566 1675 624 1765 qui
646 1696 665 1745 a
684 1674 797 1765 stipite
816 1686 936 1765 quarto
955 1675 1072 1766 gradu,
1095 1692 1175 1743 mu·
1225 1741 1232 1756 ,

234 1768 297 1837 lier
316 1789 403 1859 quae
423 1790 461 1838 ex
482 1768 547 1838 alio
568 1770 673 1839 latere
691 1768 791 1838 distat
822 1768 963 1860 quinto,
985 1768 1173 1838 secuudum
1254 1814 1262 1828 ·

234 1863 386 1952 regulam
414 1863 655 1953 approbatam,
679 1862 768 1932 licita
789 1873 927 1952 possunt
957 1861 1175 1933 matrimonio

235 1955 397 2046 copulari,
422 1980 437 2022 e
455 1959 504 2025 uti
521 1956 696 2026 confirmat
714 1954 894 2046 Gregorius
911 1957 954 2025 tx
972 1956 1007 2027 in
1024 1952 1175 2046 cap.th

139 2091 143 2112 ι
234 2068 291 2130 our
320 2051 361 2121 de
381 2050 545 2139 Consang.
568 2061 601 2120 et
628 2051 727 2121 llffin.
748 2051 803 2121 lus
823 2051 917 2121 civile
937 2070 1111 2122 romanum
1138 2063 1175 2121 et

233 2143 433 2214 hodiernum
462 2145 634 2216 nationum
655 2158 725 2215 turn
750 2145 785 2216 in
805 2146 893 2216 linea
912 2156 1019 2230 reeta,
1042 2155 1112 2213 tunr
1135 2144 1195 2213 in*

233 2238 428 2322 collaterali,
449 2249 578 2309 tantum
597 2240 735 2329 respicit
746 2259 925 2309 numerum
940 2258 1173 2329 personarum,

232 2332 274 2404 de
305 2352 449 2423 quarum
484 2332 772 2421 consanguinitate
805 2333 1006 2423 inquiritur,
1029 2343 1063 2402 et
1087 2347 1200 2423 quot·

231 2444 405 2515 personae,
430 2445 490 2494 seu
508 2426 753 2514 generationes,
775 2438 824 2497 tot
840 2426 963 2517 gradus
982 2438 1171 2507 enumerat,
1238 2448 1275 2535 gs

231 2538 297 2587 una
318 2518 467 2608 ipsarum
485 2520 638 2609 dempta;
663 2520 882 2610 quamobrem
901 2521 954 2591 ius
975 2520 1069 2590 uirile
1087 2540 1171 2590 con-
1279 2522 1285 2537 '

231 2610 322 2681 venit
341 2631 416 2680 cum
438 2613 597 2683 canonico
617 2613 652 2683 in
670 2615 758 2684 linea
780 2626 869 2684 recta
886 2667 895 2698 ,
914 2635 981 2684 nou
1000 2625 1113 2684 autem
1133 2613 1170 2683 in

232 2703 386 2794 obliqua,
407 2704 441 2774 in
461 2727 526 2797 qua
544 2708 657 2777 nullus
677 2719 727 2778 est
743 2708 872 2798 primus
889 2709 1089 2798 gradus,-et
1105 2708 1171 2777 fra·

227 2803 321 2867 trem
336 2798 425 2868 inter
445 2812 479 2870 et
497 2820 660 2886 sororem,
683 2823 768 2891 quae
784 2801 910 2873 scilicet
929 2823 1005 2872 cunr
1022 2821 1172 2871 commu

231 2891 269 2960 ni
287 2891 399 2981 stipite
420 2903 487 2964 tres
504 2906 584 2964 sunt
606 2915 793 2986 personae,
816 2897 882 2966 duo
907 2897 1030 2986 gradus
1048 2915 1169 2965 nurne-

232 2997 362 3055 rantur.
385 2985 430 3056 lle
449 2986 550 3057 huius
569 2988 771 3059 discriminis
806 2990 935 3061 rationo
966 2992 1000 3060 in
1029 3009 1169 3079 compu-

231 3079 341 3150 tandis
359 3080 529 3169 gradibus,
551 3081 624 3153 ride
640 3084 731 3153 Alex.
749 3084 778 3152 ll
798 3083 902 3173 Epist.
921 3081 967 3153 38
985 3084 1073 3175 apud
1088 3080 1169 3152 Gra·
1298 3165 1304 3177 1

232 3171 316 3243 tian.
334 3172 433 3245 Ceus.
454 3172 512 3259 35,
534 3198 570 3267 q.
588 3174 622 3261 5,
644 3178 725 3248 Can.
748 3175 784 3247 2.
804 3177 993 3266 lliilerentia
1029 3198 1068 3246 ex
1096 3176 1169 3267 ipso

231 3267 362 3337 arboris
381 3269 550 3340 schemate
570 3269 624 3340 lric
645 3272 773 3342 adnexo
793 3272 919 3361 patebit
945 3271 1082 3363 cuique}
1100 3271 1169 3341 llo·
1220 3277 1224 3286 '

232 3360 295 3430 dus
314 3363 527 3451 computandi
548 3366 671 3452 gradus
699 3364 867 3455 simplices
895 3366 1001 3436 facilis
1028 3381 1090 3438 est.
1112 3367 1171 3436 list
1285 3382 1307 3419 a

232 3454 361 3523 nonita
382 3455 447 3525 dici
466 3457 588 3540 d‘ebet,
609 3458 768 3529 sisermo
788 3459 832 3529 sit
851 3461 898 3530 da*
913 3459 1085 3549 personis,
1109 3459 1168 3552 qni
1207 3475 1213 3481 ·

234 3546 372 3638 duplici,
386 3548 509 3639 triplici
529 3553 706 3624 autetiam
724 3553 934 3645 quadruplici
954 3553 1062 3645 capite
1081 3553 1170 3624 inter
1222 3571 1230 3584 ·
