2642 4175
349 366 394 411 un
408 364 645 411 mrunusuurts
663 365 864 412 numeru
959 354 1025 414 etr

137 474 171 534 et
188 461 424 535 inaccensum
451 471 650 551 potestesse
673 462 829 547 nullum,
851 473 889 533 ut
914 465 1074 556 coniuges

137 558 226 625 inter
242 574 282 627 se
296 555 387 625 solas
403 555 445 624 de
463 574 549 625 noro
572 552 635 625 sub
651 554 842 626 conditione
861 558 1071 645 mutrahaut,

138 648 271 720 diceme
290 666 357 717 uuo
376 667 459 737 ap:
475 645 510 718 Si
524 668 564 718 ex
580 646 692 738 aliqua
712 668 810 719 causa
825 649 1075 722 matrimonium

138 752 293 812 nomrum
312 760 379 811 uon
400 753 490 811 esset
506 740 664 825 raiidum,
685 742 759 812 rulo
779 753 890 813 tecum
910 764 1072 830 exnunc,

139 844 172 904 et
188 835 232 906 de
249 854 333 905 noto
350 833 563 918 contrahere,
578 834 684 904 attero
695 834 826 906 sincere
838 839 1073 927 respondente:

139 926 219 997 toro
238 927 364 1018 pariter
383 937 417 996 et
442 947 505 1016 ego
525 938 635 998 tecum
655 927 877 1012 contrahere,
900 940 935 998 et
963 941 995 999 te
1013 951 1074 1019 pro

139 1039 243 1106 nuuc,
265 1031 299 1092 et
317 1038 451 1108 semper
469 1040 530 1110 pro
549 1040 625 1090 meo
644 1020 788 1110 coniuge
807 1020 943 1105 habera;
962 1023 1020 1091 tali
1040 1043 1076 1092 e·

139 1113 210 1183 uim
239 1113 339 1184 modo
366 1113 560 1203 saepissime
591 1111 797 1185 sufficienter
825 1114 1021 1198 consulitur,
1043 1126 1077 1185 et

140 1206 286 1276 efficitur
320 1203 585 1277 Sacramentum.
620 1204 699 1275 Post
732 1205 924 1277 huiusmodi
949 1206 1077 1277 discur-

139 1319 213 1369 sum
234 1308 394 1390 expectet,
417 1311 451 1371 et
469 1298 579 1369 rideat
596 1299 716 1369 coniux
728 1299 891 1370 nullitatis
911 1300 1073 1383 conscius,

141 1413 184 1463 au
217 1413 286 1463 non
325 1404 401 1483 past
434 1391 535 1462 istum
575 1392 762 1463 discursum
795 1394 881 1463 alter
914 1393 1077 1464 uirilitatis
1137 1447 1140 1455 .

141 1486 304 1576 ignarus,
337 1486 480 1576 ipsemet
510 1484 648 1574 incipiet
678 1487 719 1557 de
749 1485 813 1555 hac
845 1486 984 1557 materia
1016 1487 1077 1558 ite·

141 1599 216 1648 rum
236 1578 448 1662 discurrere,
476 1588 511 1649 et
527 1577 693 1649 discursui
720 1580 939 1650 conformiter
961 1569 1077 1651 matri·

142 1672 246 1742 monii
268 1692 391 1742 norum
411 1683 617 1742 conuectum
636 1673 900 1745 conditionatum
928 1676 1078 1763 praefato

141 1766 238 1835 modu
256 1776 430 1855 appetere,
450 1765 498 1833 sel
521 1765 638 1835 saitem
666 1765 887 1851 commanem,
909 1779 944 1836 et
961 1787 1074 1837 ausam
1098 1778 1102 1785 ’

142 1859 316 1947 praebere,
337 1869 376 1927 ut
394 1857 545 1927 conscius
574 1857 738 1950 multitaria
758 1858 845 1928 idem
867 1859 911 1928 ob
929 1860 1077 1929 auditam

141 1952 306 2022 rationem
325 1951 501 2021 consulere
519 1951 637 2033 taleat3
654 1949 684 2019 si
697 1949 861 2020 uetueris
880 1951 1076 2039 ignarusnit

141 2043 287 2136 desuper
301 2044 391 2116 aliud
409 2043 580 2127 discurrit,
599 2042 741 2133 ipsemet
755 2041 907 2112 conscius
922 2055 1079 2134 opportu-

141 2157 183 2208 no
202 2150 379 2227 tempore,
400 2149 434 2209 et
465 2136 639 2206 occasione
658 2137 700 2205 de
719 2135 784 2205 hoc
803 2134 964 2225 incipiat,
985 2138 1077 2206 etad

140 2242 273 2303 narrata
293 2231 335 2300 de
353 2251 389 2301 se
408 2229 610 2313 referendo,
642 2229 846 2319 persuadere
863 2226 1020 2310 studeat,
1042 2239 1079 2298 ut
1102 2252 1110 2267 ,

142 2344 200 2413 pru
220 2322 342 2394 maiori
362 2322 542 2394 securitate
567 2323 752 2411 gratiarum
773 2320 1076 2406 sacramentalium,

141 2416 393 2487 matrimonium
410 2416 453 2485 de
471 2415 640 2486 uera-snb
657 2415 848 2488 conditione
866 2434 979 2485 secum
999 2434 1079 2484 cou-

30 2595 31 2598 Ἴ
142 2509 288 2594 trahent,
306 2508 482 2594 uidelicet,
504 2509 593 2601 quod
613 2508 642 2579 si
661 2508 762 2580 etiam
782 2508 932 2600 ipserum
963 2507 1078 2578 matri·

114 2687 116 2692 ,
141 2603 293 2674 monium
310 2622 350 2673 ex
370 2601 482 2696 aliqua
498 2621 595 2673 causa
613 2614 702 2674 esset
719 2602 863 2687 nullum,
878 2622 918 2683 ex
932 2620 1023 2672 nuuc
1036 2602 1078 2672 de

141 2714 224 2767 uera
244 2696 328 2765 illud
349 2695 545 2766 conuehere
565 2697 677 2768 retiut.
705 2719 720 2763 r
742 2696 909 2768 Hactenus
939 2696 1078 2766 Anacte-

140 2799 193 2859 tur
211 2787 441 2859 Reideustuel.

561 3012 578 3103 5
598 3009 655 3081 70.
721 3046 726 3054 ·

404 3168 451 3226 lte
468 3166 628 3227 οωιιοιο
644 3166 679 3224 tn
695 3164 814 3224 radice.

188 3342 349 3434 Superest
365 3362 480 3429 nunc,
510 3356 550 3414 ut
567 3343 713 3414 breviter
742 3342 947 3412 disseramus
965 3339 1007 3412 de
1025 3338 1076 3409 di-

158 3436 354 3516 tteuaatioue
373 3436 408 3505 in
428 3436 540 3508 recise
557 3434 789 3520 matrimonii,
810 3454 870 3504 seu
899 3432 940 3504 de
960 3432 1076 3506 matri·

161 3530 247 3600 mciii
266 3529 440 3602 cenaticum
458 3528 495 3600 in
513 3529 647 3616 radice,
679 3549 765 3619 quae
783 3526 980 3619 urgentibus
999 3547 1077 3617 gra·
