2642 4175
264 353 330 411 tot
583 360 745 406 manum
761 362 783 405 t.

262 464 380 542 llodo,
399 472 435 531 nt
466 457 545 531 huin
569 458 808 548 impedimento
838 461 964 531 errotis
999 458 1153 533 ultimam

215 577 352 631 manum
373 556 594 646 imponamus,
617 565 731 635 restat,
754 565 791 621 ut
811 565 965 625 notamus
986 557 1151 626 actionem

215 675 275 744 pro
296 647 497 723 matrimonii
519 647 672 717 nullitate
693 648 879 735 promoveri
902 669 919 716 a
939 669 1061 739 sponso
1081 663 1155 721 tan-

215 761 286 817 tum
306 764 425 836 posse,
446 741 502 832 qui
537 739 569 810 iu
598 761 749 810 aurorem
780 740 933 819 inductus
957 754 1031 822 est,
1051 757 1153 833 prout

214 841 311 915 verm
329 837 385 908 rit.
408 835 538 910 artiouli
559 846 674 922 sparte
693 834 850 903 inuuunt.
873 835 965 905 dorin
986 857 1150 907 veronen

215 932 358 1024 amplius
378 927 574 1009 admittitur,
588 949 622 997 ar
641 929 677 997 si
692 929 732 1015 fa
749 929 967 998 meditatione
978 933 1151 1000 continea-

215 1021 1153 1117 tuperuomem,d0purdeloaporohn...eoumriarlo

217 1123 360 1190 l'emore.

262 1212 445 1285 Videndum
475 1228 564 1281 unne
589 1219 664 1291 est,
701 1209 782 1297 quid
814 1207 972 1298 importet
1009 1209 1152 1300 impedi·

216 1320 363 1379 mentum
397 1303 557 1377 dirimens
577 1322 614 1371 aa
634 1303 765 1373 delsotu
798 1323 978 1372 consensus
1005 1324 1149 1388 eorum,

215 1401 378 1492 aquibus
405 1396 517 1487 spousi
549 1408 656 1467 aetate
682 1395 828 1465 minores
858 1397 1150 1485 dependentium

214 1515 292 1565 vero
324 1490 515 1565 huiusmodi
548 1488 826 1579 impedimentum
852 1489 886 1557 iu
907 1511 947 1559 so
965 1491 1065 1560 situm
1086 1504 1150 1575 est,

216 1589 305 1678 quod
326 1585 492 1659 masculus
517 1595 594 1657 aute
614 1582 684 1666 25,
704 1594 737 1652 st
752 1582 874 1652 lomina
899 1594 975 1653 anta
995 1582 1035 1651 tt
1059 1597 1152 1654 aeta-

172 1692 177 1699 “
216 1685 257 1750 tis
273 1701 353 1751 suas
372 1697 496 1753 anuum
518 1677 745 1766 completum,
775 1676 847 1746 sine
872 1688 1049 1766 parentum
1071 1699 1153 1748 eon·

213 1795 313 1844 sensu
334 1785 367 1843 et
385 1769 606 1879 auotpritata,
626 1769 840 1841 matrimonio
867 1769 974 1839 valide
1002 1773 1153 1841 ineundo

124 1890 132 1905 ’
214 1868 351 1937 οηοοίηο
370 1864 527 1935 inlralulis
545 1865 600 1935 ait.
623 1864 658 1933 ld
680 1865 842 1952 expressis
860 1862 970 1933 vorbis
990 1865 1152 1934 statuitur

215 1973 277 2031 art.
295 1958 351 2030 63:
367 1959 398 2028 ll
409 1960 512 2048 pylio,
530 1958 587 2027 ohe
602 1979 668 2027 unu
682 1959 726 2027 lto
739 1959 900 2048 compium
914 1957 964 2046 ptr·
979 1960 1062 2026 nuni
1074 1979 1150 2026 uen-

215 2057 370 2147 tumque·
390 2054 422 2123 lu
442 2052 560 2142 fiplr'o,
583 2050 639 2120 elre
658 2073 724 2120 nou
743 2052 788 2120 lm
807 2053 966 2141 compluto
988 2052 1038 2142 pli
1066 2053 1151 2120 anui

213 2159 354 2220 sentuno
367 2170 433 2218 nou
445 2167 583 2237 poeoouo
596 2154 763 2215 contrane
781 2147 991 2215 matrimonio
1009 2167 1104 2215 senza
1122 2147 1153 2215 r'l

214 2265 365 2314 museum
384 2242 437 2311 det
449 2241 555 2330 podre
572 2261 591 2308 e
609 2240 697 2308 dello
712 2241 837 2309 madre.

262 2336 295 2406 Si
320 2336 380 2405 lilii
400 2333 540 2424 legitimi
570 2343 671 2414 sunt,
703 2332 726 2399 ii
759 2353 777 2400 a
798 2343 892 2423 patra
910 2343 944 2401 et
963 2342 1070 2400 matre
1091 2332 1152 2401 de-

213 2432 384 2520 pendent,
406 2439 440 2497 et
469 2446 585 2496 eorum
616 2445 814 2495 eonsensum
835 2426 958 2494 habere
977 2436 1149 2495 tenentur.

216 2524 249 2593 Si
271 2525 355 2592 ulter
375 2522 551 2590 defunctus
568 2519 633 2601 sit,
656 2531 715 2588 aut
732 2530 877 2609 nequeat
896 2539 989 2588 suam
1011 2519 1152 2587 manite-

218 2628 307 2685 stare
326 2615 552 2696 voluntatem,
575 2613 714 2683 alterius
735 2614 855 2686 suffieit
885 2633 1079 2684 cousensus.
1101 2614 1152 2679 An

217 2708 383 2779 suffiuians
402 2707 445 2778 ait
464 2706 578 2776 matris
608 2727 814 2789 consensus,
836 2727 922 2797 quae
940 2707 1085 2775 alterum
1104 2706 1153 2772 vi-

216 2824 290 2872 rum
311 2801 459 2893 legitime
478 2799 581 2884 duxit,
605 2799 639 2874 iu
659 2802 916 2890 disputationem
936 2811 1096 2883 vocatur,
1119 2809 1154 2867 et

215 2898 335 2986 duplex
351 2897 444 2972 adest
462 2893 637 2980 sententia²
657 2895 698 2963 de
720 2915 784 2984 qna
805 2894 877 2962 vide
898 2889 1010 2975 Loord,
1033 2893 1154 2982 Esprit

214 2992 260 3060 dat
282 2990 367 3068 dode
397 2988 485 3068 civit
504 2998 530 3060 l.
550 2984 595 3071 3,
642 2986 751 3058 .l05.
777 2987 809 3057 Si
831 2998 950 3077 agatur
968 2986 1009 3056 de
1028 2986 1099 3058 filio
1117 3007 1152 3053 a·

214 3086 358 3173 domito,
379 3083 437 3174 oui
458 3102 584 3160 anuum
604 3009 645 3154 {l
669 3083 817 3154 nondum
838 3079 995 3169 explevit,
1015 3088 1152 3168 praeter

216 3189 393 3267 parentum
409 3195 619 3256 muraneum,
641 3175 829 3266 adoptantis
850 3174 947 3243 etiam
969 3191 1152 3240 conprensus

213 3273 412 3359 postulatur.
432 3271 501 3339 Art.
525 3265 582 3337 63.
605 3266 638 3336 Si
659 3282 814 3357 parentes
844 3264 965 3336 mortui
987 3265 1076 3348 sint,
1100 3264 1152 3331 rel

214 3365 257 3432 ob
276 3364 549 3445 imbecillitatem,
569 3361 718 3452 aliasque
739 3383 867 3445 causas,
882 3379 1080 3430 eonsensum
1102 3378 1154 3427 ex·

216 3458 360 3544 primore
378 3468 566 3548 nequeant,
588 3456 803 3528 ascendentes
822 3477 861 3525 ex
881 3465 1024 3542 utraque
1047 3452 1150 3546 linea,

213 3571 274 3618 seu
294 3550 360 3634 avi,
380 3552 561 3640 aviaeque,
589 3559 647 3634 et,
676 3549 728 3619 his
747 3548 1000 3629 delinientibus,
1022 3545 1149 3634 proavi,
