2642 4175
306 313 372 370 272
644 324 749 372 CAPUT
766 324 813 369 111.

259 437 357 496 matr.
372 446 447 494 cum
461 435 549 495 esset
561 421 712 515 quaestio
732 422 773 492 de
791 420 1006 493 matrimonio
1023 434 1195 498 contracto

257 539 367 589 eorem
389 519 533 608 parocho
569 516 658 588 domi
680 536 761 586 snae
780 515 865 584 circa
898 515 1015 586 horam
1045 530 1193 589 octavam

257 612 362 683 noctis
378 612 598 703 deprehenso,
618 608 676 701 qui
697 608 804 677 virum
826 622 1031 699 agnoverat,
1055 612 1195 703 eiusque
1297 665 1299 716 p

256 707 353 776 verha
372 706 543 776 audiverat
558 730 572 773 t
590 704 712 794 sepnor
727 701 851 773 Coreto
864 702 909 771 te·
920 705 972 772 sia
987 707 1192 777 testimonio»

257 800 431 870 mutierem
452 812 563 869 antem
584 819 645 869 nec
665 797 814 880 viderat,
850 816 911 865 nec
932 798 1115 883 audiverat,
1141 821 1194 871 ea·
1298 837 1299 864 1

256 894 330 962 dem
352 893 385 963 S.
420 893 471 978 C,
494 892 606 962 audito
636 902 711 961 roto
743 890 941 960 Canonistne
977 904 1010 960 et
1048 892 1191 963 duorum
1298 929 1299 936 κ

256 986 513 1077 theologorum,
533 984 704 1077 respondit
722 981 768 1052 Ἠ
786 981 876 1074 Sept.
896 981 989 1053 1753
1011 1009 1026 1052 ‹
1048 987 1191 1057 affirma·
1298 973 1299 1056 s

255 1079 319 1150 tire
336 1102 396 1172 pro
417 1081 583 1151 validitate
616 1077 840 1161 matrimonii,
860 1078 995 1148 attentis
1028 1080 1106 1149 facti
1131 1081 1193 1150 oir·
1298 1077 1299 1166 3

255 1174 462 1245 eumstantiis
483 1174 516 1243 in
536 1193 615 1242 casu
635 1172 676 1241 de
697 1193 763 1261 quo
781 1171 938 1260 agitur.»
969 1171 1024 1241 Sic
1042 1173 1078 1243 S.
1100 1174 1137 1243 C.
1159 1196 1192 1244 e·
1298 1173 1299 1176 ’

254 1268 322 1356 pud
341 1269 532 1359 annnnnm
551 1266 608 1335 tih.
631 1266 672 1334 de
686 1265 794 1334 claud.
816 1265 909 1354 desp.
926 1286 957 1334 c.
979 1264 1073 1346 Quod
1097 1267 1190 1338 nohis
1298 1315 1299 1358 ,

253 1381 290 1429 n.
310 1359 367 1445 ct,
392 1374 425 1431 et
445 1360 567 1430 Bened.
589 1358 655 1428 xlv
675 1359 696 1427 Ι.
719 1380 749 1427 c.
770 1379 804 1427 n.
828 1356 908 1428 5ad
925 1358 1086 1429 dubium:
1108 1386 1121 1428 e
1143 1363 1189 1431 An
1298 1371 1299 1456 t

252 1454 295 1524 sit
313 1454 576 1537 matrimonium,
599 1452 625 1523 si
644 1454 710 1521 duo
730 1451 930 1522 contrahant
946 1472 1007 1542 per
1028 1454 1128 1523 verba
1149 1456 1189 1524 de
1298 1461 1299 1524 ζ

257 1548 433 1636 praesenti,
454 1546 590 1638 proprio
611 1545 756 1637 parocho
773 1557 971 1634 praesente,
995 1558 1029 1616 et
1048 1547 1123 1619 aliis
1143 1568 1190 1617 re·
1298 1583 1299 1596 ,

254 1638 384 1730 quisitis
401 1661 468 1710 non
488 1639 630 1722 omissis,
652 1638 705 1707 cui
734 1639 917 1709 contractui
940 1640 1107 1728 parochus
1124 1641 1141 1729 l
1161 1680 1189 1725 ,-

231 1734 385 1802 molitor
403 1734 572 1803 adhibitos
593 1753 658 1803 non
679 1732 753 1815 fuit,
771 1733 827 1802 sed
849 1733 927 1801 dum
944 1733 1029 1803 forte
1049 1734 1187 1804 convivii

209 1863 212 1883 ι
254 1828 304 1897 vet
325 1826 601 1898 confabulationis
620 1826 669 1896 rel
691 1825 779 1895 aliud
811 1825 973 1895 tractandi
1004 1847 1102 1897 causa
1137 1828 1188 1896 ad·

257 1933 354 2006 esset,
375 1923 467 1991 audit
483 1919 674 1991 huiusmodi
689 1929 895 1989 contractam
913 1920 1004 2008 geri,
1026 1933 1059 1990 et
1078 1934 1187 2011 postea

256 2014 340 2085 alter
359 2014 626 2085 contrahentium
645 2012 723 2082 velit
742 2012 783 2081 ab
802 2012 992 2082 huiusmodi
1014 2026 1185 2084 contractu

253 2106 382 2180 ratione
410 2109 509 2180 huius
530 2110 678 2179 detectus
696 2106 826 2177 resitire
843 2108 859 2174 ‘i
878 2130 892 2173 a
912 2128 1024 2198 resp:
1050 2132 1065 2175 ‹
1091 2108 1186 2180 Posse

251 2202 410 2293 (resilire)
431 2204 492 2273 nisi
513 2202 575 2272 alia
606 2200 856 2285 intervenerint,
888 2221 974 2291 quae
1003 2202 1183 2292 parochum

251 2297 555 2367 econtrahentihns
574 2297 759 2365 adhibitum
776 2295 878 2383 foisse
897 2304 1052 2383 arguant.
1076 2319 1090 2362 a
1114 2294 1184 2365 Por·

251 2410 288 2458 ro
307 2403 345 2462 ut
360 2391 524 2480 parochus
543 2390 673 2458 dicatur
691 2389 869 2472 adhibitus,
899 2409 966 2457 non
988 2389 1185 2479 requiritur,

250 2484 339 2572 quod
360 2496 455 2555 antea
474 2494 660 2566 moneatur,
683 2503 834 2573 expresse
868 2494 1027 2565 vocetur,
1055 2503 1094 2552 ac
1113 2504 1182 2552 cer·
1297 2526 1298 2545 i

249 2575 401 2660 tioretur,
415 2579 471 2648 sad
490 2575 623 2661 sufficit,
640 2590 677 2646 ut
692 2597 803 2645 coram
824 2596 863 2644 eo
877 2594 1057 2646 consensus
1075 2575 1184 2667 expri-

251 2681 378 2753 matur,
401 2671 477 2762 quia
499 2691 537 2739 eo
556 2682 732 2758 praesente
752 2668 889 2759 exprimi
911 2669 1020 2739 dehet.
1297 2722 1298 2751 ,

295 2764 367 2834 Non
385 2785 517 2853 possum
537 2763 617 2854 quin
637 2764 693 2832 hic
712 2762 846 2833 afferam
862 2763 1021 2853 quasdam
1040 2761 1075 2832 S.
1091 2762 1128 2832 G.
1145 2762 1182 2831 C.

250 2856 433 2927 decisiones
465 2879 482 2926 a
515 2857 641 2950 Zypaeo
669 2858 692 2925 l.
725 2856 748 2924 li
776 2858 817 2925 de
837 2856 1008 2945 sponsah,
1032 2877 1049 2925 a
1072 2855 1185 2925 Beiohlr

249 2950 434 3022 Commeat.
456 2951 491 3021 in
512 2952 537 3019 1.
566 2950 604 3019 C.
622 2949 676 3017 W.
703 2951 728 3018 Ι.
750 2948 782 3030 h,
804 2961 828 3019 t.
850 2948 884 3030 3,
907 2970 943 3017 n.
964 2946 1022 3031 35,
1045 2949 1184 3040 aliisque

250 3043 394 3130 relatas,
424 3066 506 3136 quas
533 3055 721 3135 perspectas
753 3043 877 3113 hahere
901 3043 1066 3114 tironibus
1093 3043 1183 3112 valde

236 3140 409 3228 proderit.
432 3141 465 3211 S.
489 3139 526 3208 C.
548 3138 583 3208 C.
605 3138 753 3207 censuit:
784 3137 855 3205 1⁰«
881 3136 942 3206 Uhi
958 3136 1132 3206 decretum
1152 3156 1182 3204 e·

251 3233 380 3304 iusdem
397 3233 535 3304 Concilii
553 3252 618 3300 non
636 3243 685 3301 est
701 3230 917 3321 publicatum,
941 3230 1050 3299 rutero
1072 3228 1182 3299 matri·

250 3330 360 3397 monia
380 3339 546 3397 contracta
567 3325 693 3415 absque
706 3323 912 3394 observantie
926 3324 1053 3392 formae
1072 3344 1088 3391 e
1106 3323 1182 3392 Con·

250 3420 330 3490 cilio·
348 3421 585 3511 praescriptae.
601 3418 638 3486 2⁰
651 3416 912 3487 publicationem
929 3415 1109 3505 praesumi,
1129 3413 1179 3483 uhi

251 3516 420 3585 decretum
456 3515 518 3585 fuit
549 3513 661 3604 aliquo
687 3523 835 3604 tempore
865 3511 897 3579 in
918 3509 1075 3600 parochia
1104 3521 1181 3578 tam·
