2642 4175
291 372 358 429 472
607 390 771 436 mnnunrx
789 392 812 436 1.

243 483 394 555 videlicet
412 483 593 563 constituit,
621 494 658 553 nt
691 484 851 554 dirimens
887 485 1089 555 matrimonii
1112 486 1178 555 irn-

242 578 469 669 pedimentutn
486 589 573 647 esset
586 599 595 659 ;
631 577 665 645 1.
697 577 854 666 Coniugis
881 579 1110 659 homicidium,
1131 581 1177 649 ab

245 684 386 760 utraque
404 682 497 761 parte
516 671 550 739 in
568 690 643 740 enm
668 670 768 742 finem
802 685 1039 760 procuratum,
1061 685 1098 743 ut
1128 675 1180 743 si·
1303 731 1306 739 .

244 765 313 833 mul
333 765 465 854 nuptias
495 763 581 834 inire
612 778 759 854 possent.
794 763 829 834 2.
850 766 1072 836 Homicidium
1098 788 1178 836 curn

242 859 421 928 adulterio.
441 855 478 927 3.
507 858 716 929 Adulterium
736 880 809 928 cum
831 860 1051 948 promissione
1069 861 1177 929 lutari

243 950 461 1021 matrimonii.
488 949 522 1019 1.
550 952 757 1022 Adulterium
780 966 813 1022 et
833 954 1108 1033 matrimonium,
1127 954 1179 1022 ri·

243 1057 339 1116 vente
358 1045 511 1133 coniuge,
544 1065 620 1115 cum
658 1047 808 1116 adultera
841 1059 1050 1118 attentatum.
1086 1048 1179 1116 Haec

245 1152 387 1228 quatuor
406 1139 582 1207 criminum
612 1161 736 1228 genera
756 1141 797 1210 de
831 1141 903 1210 iure
935 1140 1174 1226 ecclesiastica,

245 1232 495 1303 matrimonium
509 1232 682 1317 dirimunt,
695 1245 730 1302 ut
744 1233 776 1303 in
798 1246 935 1304 tractatu
949 1235 990 1302 dc
1005 1235 1179 1303 matrimo-

245 1326 301 1396 nio
320 1326 541 1416 exposuimus.
569 1328 610 1397 dl
629 1328 702 1397 iura
729 1327 835 1411 civili,
857 1328 1075 1397 homicidium
1094 1328 1179 1397 sim·

245 1420 320 1510 plex
338 1421 545 1491 solummodo
572 1421 778 1491 matrimonii
805 1422 1080 1510 impedimentum
1099 1442 1183 1490 con·

246 1513 355 1585 stituit
383 1535 420 1582 aa
449 1514 602 1596 ratione,
633 1536 698 1604 qua
725 1515 866 1585 habetur
888 1527 950 1584 art.
973 1512 1045 1583 82:
1080 1514 1184 1584 ‹Clea‘

243 1609 281 1694 su
300 1609 337 1675 in
353 1608 497 1695 piudirt'a
515 1607 688 1677 criminale
714 1610 863 1677 convicta
888 1630 966 1692 rea,
987 1630 1007 1677 a
1027 1609 1185 1697 complice

244 1701 280 1768 di
298 1701 450 1769 omicidia
469 1699 651 1769 comatoria
671 1723 853 1777 rammasse,
871 1710 1023 1771 manacta
1041 1724 1061 1769 o
1080 1710 1185 1771 tenta·

246 1801 277 1861 la
295 1793 385 1861 nella
399 1815 540 1882 persana
558 1795 595 1862 di
610 1818 677 1863 nno
696 1796 749 1864 dei
760 1797 903 1883 coniupt',
925 1818 990 1863 nan
1006 1799 1072 1885 pud
1090 1797 1184 1864 unir-

244 1888 275 1955 εἰ
293 1888 330 1957 in
349 1889 561 1957 matrimonio
577 1889 739 1958 aoll’ultra
753 1891 901 1977 coninpc.
922 1888 965 1957 Se
982 1890 1021 1975 fn
1038 1889 1183 1956 soltunto

242 1982 463 2071 pronunciata
482 1982 517 2050 lo
531 1991 681 2051 contenta
694 1984 731 2051 di
749 2004 879 2063 accusa,
896 2002 1009 2050 aurern
1029 1981 1182 2049 ordinata

248 2075 282 2144 lo
300 2084 443 2158 coitura,
464 2076 495 2145 ri
513 2077 709 2166 conprenderit
728 2076 755 2144 il
772 2077 982 2145 nautrimona'o
999 2076 1067 2164 fina
1084 2075 1184 2170 atahe

246 2169 274 2237 it
291 2170 434 2259 piadizia
456 2170 509 2238 sia
539 2171 726 2239 terminata.
747 2194 761 2235 a
784 2170 848 2240 Res
875 2170 1094 2258 explicatione
1113 2190 1182 2237 non

246 2262 385 2352 indiget.
404 2263 452 2332 Ex
478 2263 570 2333 hisce
588 2264 697 2333 verbis
716 2264 827 2335 statim
859 2275 959 2352 patet,
981 2263 1015 2330 in
1046 2284 1115 2352 quo
1133 2262 1182 2330 ci·

246 2354 309 2425 vile
329 2378 347 2425 a
369 2357 527 2425 canonica
548 2357 633 2441 iuro,
660 2358 770 2447 quoad
799 2356 862 2425 lrac
882 2356 1182 2446 impedimentum,

248 2449 422 2539 discrepet.
444 2449 530 2518 lllud
550 2463 677 2520 certum
713 2463 764 2522 est
792 2451 826 2519 in
847 2452 920 2519 inre
940 2449 1124 2534 canonico,
1143 2470 1183 2518 ex

246 2541 387 2630 simplici
408 2542 586 2611 homicidia
606 2565 672 2613 non
701 2544 781 2613 oriri
810 2544 1086 2633 impedimentum
1122 2543 1183 2611 cri·

249 2633 361 2703 minis.
384 2635 467 2703 Hinc
486 2646 547 2721 est,
568 2639 646 2706 utsi
667 2638 743 2728 quis
763 2637 940 2707 interficiat
953 2637 1184 2705 alteriusmo-

247 2726 334 2815 ingis
355 2728 536 2811 maritum,
556 2742 594 2799 ut
612 2751 686 2799 eam
716 2731 903 2801 inararem
922 2730 1044 2812 ducat,
1068 2729 1184 2798 matri·

249 2820 397 2892 monium
420 2822 497 2891 iniri
518 2821 604 2893 inter
617 2836 794 2914 utramque
809 2825 940 2913 putarit,
963 2834 1078 2912 utpote
1095 2823 1183 2911 quod

249 2915 349 2988 nullis
368 2916 497 3005 legibus
517 2918 684 2987 canonicis
704 2918 916 3008 reprobatum
938 2927 1078 2986 constet.
1102 2918 1185 2985 Sunt

250 3029 316 3079 nan
338 3010 433 3099 pauci
452 3031 491 3080 ex
508 3010 671 3100 theologis
690 3023 723 3079 et
743 3011 933 3095 conanimis,
956 3009 1014 3100 qui
1036 3010 1184 3080 latentur

250 3102 430 3191 optandum
447 3124 530 3187 esse,
553 3115 590 3173 ut
607 3105 750 3175 Ecclesia
775 3106 838 3174 hoc
859 3106 958 3174 etiam
975 3104 1009 3172 in
1027 3123 1110 3174 casu
1123 3103 1185 3172 im·

251 3194 480 3286 pedimentum
495 3198 654 3269 dirimens
674 3209 849 3268 statueret.

296 3287 360 3360 Sed
381 3289 446 3360 iarn
465 3292 642 3362 videndam
664 3303 740 3373 cst,
770 3291 807 3359 1ο
825 3310 986 3380 quasnam
1015 3289 1186 3359 nullitates

251 3380 393 3470 singula,
410 3404 497 3473 quae
516 3384 690 3475 hucusque
709 3387 932 3474 exposuimus,
950 3383 1185 3473 impedimenta

251 3474 457 3563 producant;
478 3492 512 3550 et
533 3476 570 3547 11
601 3500 765 3568 quaenam
785 3480 852 3550 sint
868 3478 950 3547 iuris
971 3476 1186 3546 ecclesiastici

251 3567 502 3656 impedimenta,
519 3593 606 3662 quae
625 3572 660 3644 in
679 3572 793 3644 codice
813 3571 899 3641 cirili
919 3590 986 3642 nou
1005 3569 1183 3653 hahentur,
