2642 4175
293 369 360 428 326
449 439 452 442 ¹
631 376 733 423 canor
750 378 799 422 ιιι.

246 489 362 550 menta
397 474 646 546 matrimonium
680 474 868 543 dirimentis
902 472 1114 543 constituere.
1143 472 1177 539 ld

250 572 388 641 tradunt
406 568 552 638 Sauchen
572 569 645 636 loco
661 567 774 649 citato;
793 565 910 637 Petrus
930 565 1008 635 Soto
1026 565 1084 638 lib.
1100 564 1123 632 l
1138 564 1178 631 de

252 661 466 733 matrimonio
479 661 514 729 in
533 660 613 743 fine;
628 670 674 744 ct,
694 671 730 728 ut
744 660 827 729 alios
840 672 1059 748 praeteream,
1073 657 1176 726 Docto

248 777 304 827 res
316 755 591 824 salmanticenses
600 774 655 841 op.
667 776 681 817 r
694 752 817 822 Cursus
826 753 1011 840 theologiae
1021 752 1178 822 moralis»
1302 813 1303 834 g

233 860 345 924 ,tract
367 869 399 916 c.
427 846 482 932 tl,
501 867 536 915 n.
553 845 611 929 tl,
633 845 690 933 qui
711 845 793 915 hacc
811 845 945 914 habent:
968 869 983 911 c
1003 844 1094 915 licet
1111 843 1180 913 talis
1302 901 1303 926 ¹

249 951 395 1032 potestas
414 961 453 1009 ex
472 959 508 1009 se
523 939 696 1008 conveniat
714 938 939 1007 saecularibus
958 936 1181 1027 principihns‚
1302 937 1303 1002 J

250 1055 330 1104 usus
349 1039 461 1104 tamen
481 1033 570 1101 illius
590 1043 640 1101 est
656 1031 697 1100 ah
717 1031 861 1100 Ecclesia
879 1052 939 1119 pro
959 1031 1024 1100 illis
1039 1029 1184 1119 prohihi-

247 1138 324 1211 tus,
345 1126 390 1195 ita
412 1125 534 1196 utiam
555 1145 621 1194 uon
640 1123 768 1213 possint
785 1145 848 1195 nec
865 1125 989 1206 aalide,
1016 1143 1078 1191 nec
1094 1122 1183 1196 licita

248 1219 485 1309 impedimenta
511 1216 701 1285 dirimentis
734 1217 982 1286 matrimonium
1009 1215 1184 1285 instituere

249 1333 311 1402 pro
336 1312 491 1380 fidelihus
512 1310 574 1379 sihi
593 1309 745 1392 subditis,
767 1320 801 1378 et
820 1309 847 1378 si
868 1320 980 1378 contra
1001 1309 1068 1377 tale
1088 1328 1182 1397 prae-

249 1417 380 1494 ceptum
398 1402 565 1472 Ecclesiae
587 1423 625 1471 ea
643 1402 818 1471 instituere
836 1401 1078 1482 attentaverint,
1101 1400 1183 1469 nihil

250 1497 404 1566 efficient.
424 1519 439 1561 ι
461 1494 616 1565 Nonnulli
648 1496 782 1565 demum
812 1494 897 1562 hanc
923 1506 1118 1583 potestatem
1140 1494 1182 1562 ita

250 1589 457 1678 principibus
472 1608 510 1656 er
525 1587 573 1657 rei
593 1598 712 1657 natura
730 1599 918 1678 competere
932 1586 1131 1669 existimant,
1150 1599 1189 1655 ut

251 1701 363 1771 neque
383 1681 546 1749 sublatam
572 1680 699 1764 luisse,
720 1701 759 1749 ex
788 1702 855 1769 quo
875 1679 1125 1749 matrimonium
1145 1681 1184 1747 ad

255 1772 460 1842 Sacramenti
477 1773 684 1843 sanctitatem
706 1786 852 1843 evectum
878 1773 964 1856 luit,
986 1793 1097 1861 neque
1125 1792 1188 1840 un·
1304 1789 1305 1834 ι

254 1888 353 1957 quam
378 1886 438 1956 per
456 1864 622 1936 Ecclesiae
641 1867 898 1936 reservationem
918 1866 1066 1948 aulerci,
1089 1866 1188 1934 adeo·

256 1980 323 2050 que
335 1959 502 2049 principes
518 1958 697 2028 hodiedum
719 1960 818 2028 etiam
836 1979 873 2028 ea
891 1958 938 2027 uti
953 1979 990 2028 ac
1004 1957 1104 2047 potiri
1119 1978 1191 2047 pos·

252 2071 311 2137 se,
333 2052 486 2143 pluribus
505 2052 710 2141 argumentis
730 2063 952 2142 propugnant.
975 2051 1022 2121 lta
1040 2052 1191 2122 sentiunt

238 2145 373 2217 .Gerhet
394 2171 409 2213 r
432 2141 543 2216 Traith
559 2147 604 2215 du
626 2145 765 2234 pouaoir
777 2147 818 2214 de
835 2145 961 2232 l’eglisc
980 2156 1014 2214 et
1026 2146 1084 2214 des
1097 2145 1188 2234 prin-

253 2260 307 2310 ces
326 2260 384 2309 sur
400 2241 432 2308 le
452 2240 720 2328 emnechements
739 2239 784 2306 du
802 2239 951 2323 mariage
967 2261 981 2303 ι
1001 2260 1037 2327 p.
1058 2235 1092 2320 d,
1114 2259 1190 2326 cap.
1305 2290 1306 2313 2

253 2328 289 2416 3,
311 2354 363 2422 pr.
392 2330 437 2415 3,
467 2331 621 2413 Gohard,
643 2352 703 2400 seu
723 2331 830 2401 editor
859 2331 994 2400 collect.
1020 2331 1187 2418 Andegan

253 2424 397 2494 Bucholz
416 2424 451 2492 in
471 2420 682 2513 Ephemhrid,
704 2424 877 2511 Theolog.,
892 2423 1026 2506 Pleuit,
1045 2422 1191 2492 Viennae

258 2513 433 2598 ltus-36,
465 2515 654 2586 Pachmann
696 2516 908 2586 ‹Lehrhuch
941 2517 999 2586 des
1029 2516 1189 2584 Kirchen-

257 2611 369 2680 rechts
389 2609 532 2678 Viennae
552 2606 639 2678 1851
658 2622 702 2691 et,
723 2621 761 2679 ut
780 2610 821 2678 de
841 2610 913 2677 aliis
927 2610 1056 2692 sileam,
1072 2609 1192 2678 Claris-

235 2703 360 2772 ⁴simus
383 2701 534 2772 Carridre
553 2723 610 2792 op.
637 2726 653 2769 c
676 2701 722 2771 De
741 2701 949 2771 Matrimonio
970 2725 986 2767 ι
1004 2722 1039 2769 n.
1062 2699 1127 2769 571
1156 2715 1190 2770 et

255 2794 1192 2979 {attathtutata?lltlt‘dtltlhtltt

255 2981 383 3071 illicque,
400 3001 502 3071 quam
514 3002 576 3050 uos
595 2992 739 3065 tuemur,
755 2979 914 3062 adhaesit,
929 3001 968 3050 eo
983 2980 1085 3068 quod,
1100 3001 1189 3059 eum,

258 3085 294 3144 ut
306 3074 376 3164 ipse
394 3075 527 3154 fatetur,
543 3074 628 3142 «duo
643 3086 806 3143 moveant:
828 3074 1006 3143 auctoritas
1022 3072 1188 3160 theologo

256 3189 344 3251 rum,
370 3170 426 3253 sed
447 3166 642 3256 praesertim
662 3167 842 3237 auctoritas
861 3166 894 3234 S.
916 3165 1045 3235 Sedis.»
1063 3166 1188 3235 Verun-

258 3273 368 3330 tamen
387 3259 429 3329 ab
447 3258 639 3329 huiusmodi
657 3260 821 3329 sententia
848 3260 939 3329 valde
958 3259 1058 3328 distat
1076 3258 1190 3347 opinio

257 3353 414 3435 Canonici
443 3353 527 3422 Litta
553 3352 828 3436 Mediolanensis,
850 3373 949 3441 quam
978 3364 1054 3421 ante
1074 3351 1189 3420 retuli·

258 3465 345 3529 mus,
365 3467 451 3535 quae
470 3465 601 3517 omnem
617 3446 783 3515 Ecclesiae
803 3456 1000 3535 potestatem
1020 3445 1083 3513 hac
1101 3444 1136 3512 in
1152 3463 1189 3510 re

258 3537 392 3606 adimit:
414 3538 577 3608 sententia
598 3550 707 3608 autem
729 3538 897 3628 exposita,
918 3538 1096 3627 rariusque
1116 3556 1189 3613 eam
