2642 4175
247 332 313 392 608
557 348 720 393 mrnunrx
736 348 773 393 11.

199 538 262 606 XV.
283 538 443 609 Formota
470 541 603 630 petendi
629 542 904 630 dispensationem
925 549 1000 630 post
1017 543 1138 609 matri·

248 634 343 701 m'nm
360 641 560 703 contractum
575 656 673 723 super
689 635 810 703 occulto
826 636 1057 724 impedimento
1072 636 1138 703 ori·

246 727 373 809 minis,
398 729 538 796 admissi
568 749 643 796 cnm
674 729 845 818 utriusque
868 728 920 797 oel
943 728 1138 797 alterutrius

246 826 413 889 materam
431 820 684 890 machinatione.

344 938 353 967 l

286 1070 511 1142 lllustrissime
530 1071 873 1142 ae‘Reverendissime
894 1072 1051 1156 Domine,

249 1283 346 1353 Caius
368 1292 401 1352 et
419 1282 519 1367 Gaia,
541 1280 705 1353 Diocaesis
723 1281 763 1352 N.
797 1281 944 1365 subditi,
967 1280 1140 1351 matrimo-

121 1374 124 1379 ’
202 1376 296 1446 nium
331 1376 472 1446 invalide
511 1387 747 1447 contraxerunt
781 1376 824 1444 ob
861 1374 1139 1465 impedimentum

202 1469 353 1539 criminis
383 1481 492 1538 ortum
514 1471 668 1558 scopula
697 1469 822 1537 carnali
850 1468 938 1536 inter
963 1469 1064 1557 ipsos,
1082 1468 1142 1537 ha-

203 1562 283 1645 bita,
304 1573 412 1631 stante
433 1561 644 1632 matrimonio
664 1561 763 1631 Gaiae
783 1582 858 1630 cum
876 1562 981 1649 priori
1004 1560 1137 1644 marito,
1215 1558 1224 1570 ’

202 1677 279 1723 oum
309 1654 528 1742 promissione
553 1654 757 1723 matrimonii
788 1656 862 1723 data
883 1666 916 1723 et
946 1666 1140 1743 acceptata,

204 1758 237 1815 et
270 1746 514 1818 machinatione
542 1748 645 1817 solius
676 1747 774 1817 Gaiae
806 1747 840 1815 in
871 1747 970 1816 vitam
1003 1746 1140 1825 mariti,

202 1859 290 1930 quae
323 1839 387 1909 luit
412 1860 487 1909 vera
514 1862 612 1910 causa
640 1839 869 1927 coniugicidii
895 1840 1141 1908 Matrimonium

206 1937 240 2002 in
272 1933 390 2002 taciem
424 1932 591 2004 Ecclesiae
622 1934 709 2002 bona
744 1934 810 2002 fide
841 1933 883 2002 ol·
919 1932 1144 2020 ignorantiam

205 2025 287 2096 iuris
302 2040 538 2098 contraxerunt
554 2038 588 2098 et
603 2037 890 2097 consummarunt.
916 2026 1140 2116 lmpedimen·

205 2134 274 2188 tum
296 2131 347 2189 est
372 2123 537 2190 occultum
569 2141 631 2189 nec
661 2123 799 2189 timetur
835 2121 1138 2202 manifestandum;

203 2213 324 2283 deinde
343 2230 447 2303 quum
464 2213 637 2284 occasione
664 2213 829 2283 missionis
856 2213 984 2282 crimen
1005 2212 1040 2280 in
1060 2234 1140 2282 aon·

206 2307 348 2376 sessione
379 2307 640 2391 declaraverint,
673 2319 790 2397 petunt
809 2318 846 2375 ut
877 2308 917 2375 ad
950 2305 1141 2375 evitandum

206 2400 396 2468 scandalum
418 2412 450 2469 et
470 2400 660 2488 gravissima
682 2401 781 2485 mala,
803 2421 889 2488 quae
909 2420 1037 2468 moram
1063 2400 1145 2467 sori·

207 2493 306 2561 hendi
327 2491 464 2561 Romam
486 2515 552 2562 non
582 2495 780 2582 patiuntur,
800 2493 930 2562 sublato
949 2492 1062 2561 statim
1082 2512 1143 2581 per

207 2584 486 2673 dispensationem
510 2586 774 2674 impedimento,
802 2585 1066 2664 matrimonium,
1090 2606 1145 2653 oo·

206 2677 295 2745 culte
314 2690 468 2748 renovato
502 2678 589 2748 inter
608 2701 643 2749 se
669 2687 784 2750 mutuo
803 2700 991 2763 consensu,
1014 2678 1145 2746 valeant

209 2768 428 2839 consolidare.

255 2861 375 2947 Quare,
398 2885 501 2953 quum
522 2862 554 2932 in
577 2883 654 2933 nasu
676 2863 845 2935 evidenter
867 2863 974 2933 adsint
992 2884 1049 2934 sex
1065 2886 1143 2935 con·

208 2955 352 3025 ditiones
371 2957 592 3026 communiter
608 2956 695 3027 iuxta
714 2956 836 3027 Bened.
853 2957 920 3025 xtv
935 2956 1015 3048 Syn.
1029 2957 1139 3027 Dices.

210 3049 268 3118 lib.
291 3048 324 3133 9,
346 3068 420 3138 cap.
441 3049 463 3118 t
482 3050 688 3139 requisitae,
712 3064 749 3120 ut
767 3052 941 3140 episcopus
961 3051 1065 3139 possit
1082 3071 1141 3142 pro

211 3144 282 3211 loro
312 3142 532 3212 eonscientiae
553 3144 745 3233 dispensare
764 3164 866 3234 super
883 3144 1139 3232 impedimentis,

108 3301 116 3314 Ι
171 3238 181 3248 ‘
213 3237 247 3304 in
268 3235 418 3342 quibus
408 3258 479 3325 ipse
500 3234 655 3307 Summus
684 3237 832 3306 Pontifex
850 3236 1042 3326 dispensare
1066 3256 1142 3305 con-

211 3327 330 3409 suevit,
350 3328 537 3399 humillime
557 3351 617 3420 per
642 3351 695 3399 me
723 3329 969 3400 lllustrissimae
988 3330 1141 3399 Domina-

212 3418 293 3489 tioni
306 3425 439 3491 Vestrae
452 3423 650 3512 supplicant,
667 3434 704 3492 ut
719 3444 820 3512 super
832 3423 890 3492 illo
907 3422 1142 3511 impedimento

210 3533 287 3582 cum
308 3513 388 3602 ipsis
406 3514 478 3585 sine
497 3537 588 3585 mora
610 3517 803 3632 dispensare
820 3516 990 3605 dignetur.
1124 3537 1126 3540 ’
