2642 4175
460 386 503 429 nn
520 384 734 432 anoumurnua
977 372 1019 432 29

135 483 282 556 contrahi
300 494 440 574 possunt
472 482 642 571 quibusvis
672 481 801 573 paena,
824 504 912 574 quae
942 504 960 553 a
993 483 1067 556 iuro

135 597 199 649 non
217 579 285 648 sint
303 576 493 667 reprobatu,
512 588 545 646 et
574 588 713 646 naturae
746 576 813 648 sive
845 578 1063 668 sponsalium,

134 672 199 743 siro
218 670 425 742 matrimonii
444 691 510 740 uon
530 668 597 740 siut
624 670 803 742 contraria.
831 671 982 743 Profecto
1008 694 1067 764 pa·

135 777 235 847 etum,
257 766 347 856 quod
362 765 402 834 ad
417 776 610 854 perpetuam
632 764 808 853 adstringit
826 764 1064 840 habitationem

134 861 168 930 iu
182 871 276 929 certo
295 860 381 940 loeo,
401 877 467 927 nou
484 870 535 928 eet
555 857 629 927 iure
649 859 891 947 reprobatum,
917 881 980 930 neo
1005 880 1065 930 nr·

132 965 227 1024 tunae
247 965 306 1022 aut
322 953 544 1041 sponsalium,
570 962 638 1021 aut’
653 951 857 1021 matrimonii
878 955 946 1024 ulio
966 955 1064 1024 modo

132 1047 351 1126 eontrarium.
375 1046 416 1116 Et
439 1066 476 1113 re
507 1045 642 1135 quidem
665 1066 741 1115 veru
767 1066 834 1116 nou
868 1048 1066 1136 reprobatur

132 1141 205 1211 iure
226 1153 380 1222 naturae,
402 1160 462 1209 seu
482 1138 604 1222 divino,
622 1139 701 1228 quia
723 1159 783 1228 per
802 1139 993 1209 huiusmodi
1010 1162 1067 1230 pa·

134 1247 220 1305 uum
242 1234 380 1306 libertas
400 1253 466 1302 nnn
487 1232 657 1315 adimitur,
678 1233 735 1301 sed
764 1233 879 1323 aliquo
899 1234 1068 1304 dumtaxat

133 1330 243 1411 modo,
266 1340 301 1399 et
318 1339 501 1417 spontaneo
521 1327 676 1416 propriae
697 1327 874 1397 voluntatis
904 1348 1066 1398 oonaensu

131 1421 358 1510 restringitur.
380 1421 452 1490 Non
470 1421 669 1509 reprobatur
689 1420 762 1490 iure
779 1421 878 1504 uiviii;
901 1422 1066 1492 hooeuim

131 1516 203 1586 iura
217 1528 353 1592 nautum
374 1515 552 1604 reperitur,
574 1515 663 1604 quod
678 1514 752 1604 quis
766 1515 867 1584 fundo
883 1516 992 1585 alieno
1009 1517 1067 1586 ad·

132 1610 275 1680 seribiet
286 1608 650 1678 iureourialioonstitui
660 1621 779 1697 potest,
794 1608 838 1678 ita
850 1611 1065 1679 utneofundo

132 1705 241 1773 alieno
262 1703 438 1774 adstrictus
471 1713 539 1771 toto
559 1723 639 1771 suae
666 1701 750 1772 vitae
777 1714 927 1791 tempore
947 1703 988 1772 ab
1009 1724 1066 1773 eo·

132 1799 206 1868 dem
227 1795 438 1877 dondanine
459 1795 592 1866 lieentia
613 1796 752 1878 domini,
772 1809 874 1886 queat
893 1797 1062 1878 recedere,

131 1912 194 1961 neo
212 1890 283 1959 sine
303 1891 436 1970 licentia
462 1890 624 1977 praesidis
653 1891 809 1959 deserere
841 1891 969 1960 curiam
991 1911 1066 1979 pos·

132 1986 174 2055 sit
193 1984 260 2063 ilie,
280 1984 338 2072 oui
359 1983 447 2054 iuter
465 1983 608 2054 curiales
627 1984 730 2052 fuerit
750 1978 947 2074 adscriptus,
967 1983 1002 2052 L.
1024 1981 1066 2052 Ο-

131 2097 319 2150 tremamus
339 2076 395 2160 ii,
419 2090 451 2149 et
471 2077 507 2145 L.
529 2077 603 2147 eod.
622 2078 663 2144 de
684 2077 845 2165 Agrieoiis
866 2091 899 2147 et
916 2077 1062 2159 censitis;

132 2173 163 2243 t.
187 2172 222 2254 i,
241 2169 298 2253 tt,
318 2170 362 2239 ab
384 2174 457 2239 eod.
479 2172 520 2239 de
542 2170 797 2240 Decurionibus.
817 2171 889 2241 Nou
922 2170 1067 2257 denique

132 2266 331 2356 reprobatur
351 2267 423 2334 iure
442 2265 615 2346 canonico,
634 2263 801 2351 siquidem
829 2284 869 2332 ne
890 2262 1066 2350 vestigium

133 2362 266 2452 quidem
288 2359 387 2427 huius
407 2358 604 2448 reprobatae
637 2358 799 2447 partionis
832 2356 865 2426 in
899 2368 969 2426 toto
996 2356 1069 2425 iure

136 2455 296 2523 canonico
316 2453 497 2542 reperitur.
514 2451 606 2532 Quod
622 2473 700 2521 vero
720 2451 783 2520 boo
803 2463 933 2541 paetum
951 2471 1069 2540 perpe·

133 2558 206 2618 tuae
221 2546 437 2616 habitationis
457 2547 490 2614 iu
511 2559 601 2614 certo
622 2546 694 2615 loeo
711 2558 850 2614 naturae
864 2545 1066 2635 sponsalium

136 2653 192 2710 aut
211 2640 415 2710 matrimonii
434 2640 527 2708 nullo
545 2642 642 2708 modo
663 2641 705 2708 sir
722 2639 939 2722 eontrarium,
957 2639 1068 2708 iteres

136 2738 221 2804 alara
243 2746 293 2803 est
313 2746 413 2823 atque
435 2734 619 2821 explorata,
642 2746 680 2801 ut
709 2736 758 2802 vet
783 2733 953 2802 minimam
985 2732 1069 2801 diffi-

134 2828 263 2898 cultatis
284 2828 436 2896 umbram
457 2839 602 2917 nequeat
623 2829 812 2897 admittere.

177 2921 246 2989 Hac
266 2933 393 2990 retentu
413 2921 589 3004 sententia,
627 2921 710 2988 illud
730 2941 795 2990 non
828 2920 991 2988 inutiliter
1018 2917 1068 2986 in·

134 3015 290 3105 quiritur,
308 3035 348 3083 an
372 3036 453 3083 uxor
469 3036 487 3082 a
503 3016 575 3083 loco
596 3025 755 3094 convento
774 3014 930 3084 recedere
949 3024 982 3083 et
999 3033 1069 3080 rua·

135 3108 234 3178 ritum
253 3109 320 3176 aiio
341 3130 375 3177 se
396 3109 620 3178 conferentem
642 3109 737 3197 sequi
764 3107 951 3195 obligetur?
977 3104 1068 3176 Obli-

135 3202 299 3290 gationem
319 3201 404 3270 hano
425 3203 458 3270 in
480 3202 620 3269 muliere
648 3204 782 3291 quidam
816 3211 999 3290 agnoscunt
1030 3218 1066 3266 ea

134 3297 273 3377 ratione,
298 3298 387 3384 quod
405 3316 511 3364 omne
527 3307 660 3384 paetum
692 3296 757 3383 legi
790 3295 920 3361 divinae
950 3292 1067 3360 cedere

136 3389 262 3459 debeat.
284 3389 373 3458 Haeo
391 3401 501 3457 autem
523 3409 658 3456 uxorem
691 3389 730 3456 ad
757 3386 963 3475 sequendum
996 3406 1067 3453 ma·

137 3481 235 3550 ritum
268 3494 359 3551 certo
398 3482 519 3552 certius
557 3482 744 3569 adstringit.
779 3478 954 3548 Praeterea
986 3478 1067 3547 ittud

138 3575 275 3660 addunt,
296 3577 386 3668 quod
407 3576 538 3656 mulier,
566 3575 714 3665 inspectu
749 3573 849 3643 etiam
874 3573 948 3642 iure
968 3569 1065 3649 civili,
