2642 4175
328 376 372 418 un
390 375 626 420 munumentum
645 375 843 424 manuninum
941 367 1004 423 251

115 472 308 563 probatum,
324 492 383 561 pro
397 471 573 561 posteriori
590 473 761 544 serebatur
776 474 953 557 sententia,
972 495 1055 565 quo-

118 566 180 635 tics
200 566 299 654 plena
321 565 472 654 probatio
492 566 615 655 prioris
635 568 839 638 matrimonii
859 568 1055 638 clandestini

117 679 257 748 prorsus
274 660 401 727 deerat.
412 657 518 738 Quum
536 680 614 729 vero
630 660 832 747 gravissimis
850 662 944 730 malis
957 681 1057 750 saepe

119 772 254 821 causam
273 751 474 841 praeberent
492 751 574 821 baec
594 754 805 824 matrimonia
825 756 908 823 clam
929 754 1053 837 habita,

119 845 304 914 Concilium
325 845 555 915 Tridentinum
577 845 640 914 hoc
659 846 732 916 iura
749 847 874 936 optimo
896 847 1058 928 decrerit,

119 959 202 1008 sess.
215 937 322 1023 XXIV,
341 958 371 1005 c.
389 936 423 1021 l,
441 939 481 1008 de
495 938 566 1008 llcl.
583 939 693 1008 biatu:
719 939 811 1020 «Qui
832 940 940 1024 aliter,
956 961 1056 1031 quam

120 1044 296 1120 praesente
328 1029 499 1116 Parocho,
521 1033 572 1102 val
599 1032 664 1101 alio
694 1031 871 1103 Sacerdote
891 1033 932 1103 de
952 1032 1057 1123 ipsius

120 1124 276 1207 Parochi,
297 1144 358 1193 seu
377 1124 540 1193 ordinarii
558 1125 706 1210 licentia,
730 1139 763 1195 et
782 1126 912 1195 duobus
932 1127 982 1194 vel
1003 1125 1058 1194 tri·

120 1218 183 1287 bus
196 1178 338 1288 testibus
351 1218 602 1287 matrimonium
619 1219 817 1292 contrahere
837 1219 1058 1300 attentabunt,

121 1332 179 1381 eos
199 1310 236 1380 S
257 1310 408 1403 Synodus
428 1312 468 1380 ad
494 1312 542 1381 sic
560 1312 823 1382 contrabendum
850 1312 986 1383 omnino
1007 1312 1058 1380 in-

123 1392 253 1473 babilas
274 1404 400 1488 reddit,
420 1416 453 1474 et
472 1404 663 1475 huiusmodi
684 1417 872 1476 contractus
892 1405 1006 1476 irritos
1026 1417 1058 1474 et

125 1498 237 1567 nullos
256 1518 329 1567 esse
347 1498 498 1567 decernit
512 1510 639 1589 ,prout
665 1520 722 1568 eos
739 1501 904 1588 praesenti
924 1500 1059 1569 decreto

122 1591 238 1660 irritos
262 1591 342 1661 lacit
361 1603 394 1659 et
420 1552 572 1662 annullat
576 1643 644 1660 .....
665 1592 846 1663 llecarnit
838 1613 997 1681 msupar,
1023 1604 1059 1660 ιιι

122 1684 316 1753 huiusmodi
332 1684 504 1753 decretum
519 1685 552 1752 in
569 1705 771 1776 unaquaque
785 1684 944 1755 Parocbin
959 1705 1056 1754 suurn

124 1777 231 1847 robur
247 1787 322 1867 post
339 1777 476 1865 triginta
493 1778 563 1848 dies
584 1778 709 1848 babere
729 1779 866 1869 incipiat
883 1800 900 1848 a
918 1779 972 1848 die
990 1777 1058 1867 pri·

126 1892 201 1939 mae
221 1870 456 1959 publicationis
483 1870 516 1939 in
538 1873 653 1941 eadem
683 1872 843 1941 Parochia
873 1873 978 1940 sactae
997 1892 1059 1940 nn·

126 1965 319 2035 merandos.
339 1988 354 2029 ι
373 1965 512 2054 ltaque
503 1985 537 2033 m
558 1965 598 2034 iis
617 1965 710 2048 locis,
733 1966 791 2033 ubi
811 1965 875 2032 boc
889 1966 1058 2033 decretum

123 2057 330 2147 publicatum
351 2069 424 2142 est,
447 2058 583 2149 nuptiae
616 2057 732 2127 irritae
765 2069 799 2127 ct
828 2058 940 2126 nullae
969 2067 1058 2138 sunt,

126 2150 457 2242 quaesineParocbi,
468 2151 580 2221 etsine
594 2152 737 2220 duorum
747 2149 912 2219 auttrium
926 2148 1060 2218 testium

66 2294 69 2300 ,
124 2245 312 2352 praesentia
331 2245 553 2328 celebrentur,
570 2265 632 2314 uec
651 2245 744 2314 locus
764 2241 975 2349 estamplius
996 2261 1062 2310 rna·

125 2338 293 2408 trimoniis
311 2339 545 2428 praesumptis,
561 2338 695 2428 illisque
708 2338 771 2408 lori
787 2337 913 2408 externi
926 2334 1062 2424 regulis,

124 2453 208 2521 quas
225 2432 381 2520 superius
400 2432 629 2515 indicavimus,
649 2453 736 2521 quae
753 2431 932 2502 servandae
951 2429 1060 2500 solum

125 2525 252 2594 suntin
267 2524 517 2604 Paroebiis‚ubi
533 2527 704 2595 decretum
720 2546 781 2596 nec
795 2524 999 2632 publicatum
1013 2532 1063 2593 est

124 2639 186 2688 nec
205 2618 307 2707 viget
326 2619 442 2708 ltaque
470 2631 546 2707 post
577 2619 677 2727 Cone:
699 2619 792 2689 l'rid
810 2618 1059 2689 matrimonium

127 2711 370 2781 clandestinum
392 2712 474 2780 illud
495 2724 544 2781 est
562 2712 713 2802 proprie,
736 2715 824 2804 quod
845 2733 912 2782 non
931 2723 1061 2781 coutra-

126 2805 220 2874 hitur
245 2824 356 2874 coram
382 2803 542 2889 Parocho‚
565 2819 598 2875 et
617 2807 748 2876 duobus
767 2806 918 2876 testibus.

172 2897 277 2966 Porro
291 2898 427 2967 nominc
439 2896 580 2967 Parochi
595 2899 829 2987 intelliguntur
841 2920 898 2988 qur
890 2895 1062 2966 Ecclesiis

127 2990 379 3061 Parocbialibns
399 2992 657 3082 praesentiscat,
679 2993 746 3061 sive
765 2992 813 3060 eis
834 2990 981 3080 praesint
1000 2989 1061 3057 irn-

127 3084 283 3170 mediate,
303 3084 352 3153 uti
368 3084 515 3174 ipsarum
529 3044 682 3167 Parochi;
698 3085 764 3154 sive
779 3083 926 3174 praesint
941 3080 1062 3150 media·
1132 3118 1134 3123 ·

127 3187 181 3259 te,
200 3177 251 3245 uti
271 3177 425 3285 Episcopi
444 3200 504 3248 seu
523 3177 690 3248 Ordinarii
708 3197 926 3267 ,corumque
944 3172 1062 3242 llicarii

125 3269 326 3340 Generales
317 3292 350 3341 m
364 3292 434 3341 suis
445 3271 668 3355 broccasrbus
685 3273 853 3342 Romanus
866 3265 1037 3349 Pontifex
1026 3287 1061 3335 ιιι
1171 3298 1172 3301 ¹

126 3374 195 3434 toto
216 3375 382 3433 terrarum
412 3364 499 3434 Orbe
513 3365 654 3452 ‚Legati
677 3387 693 3434 a
715 3365 848 3435 latare'
840 3385 873 3433 m
885 3361 961 3431 suis
981 3338 1060 3429 Pro·

23 3498 25 3533 3
124 3456 253 3542 vinciis,
272 3457 493 3528 cardinales
485 3480 517 3529 m
539 3458 694 3528 Ecclesiis
713 3479 850 3529 suornm
873 3457 1059 3535 titulorum,

123 3550 313 3640 Capitulum
334 3573 394 3621 sen
414 3550 892 3641 liceriuscapitularis,,Sede
911 3557 1059 3626 vacante,
