2642 4175
348 311 392 354 un
408 306 645 353 turnnrnrnnrns
668 307 865 351 unnnmonrr
962 297 1025 352 147

141 410 350 493 consentire,
370 420 442 477 tum
462 405 541 497 quia
561 426 657 475 error
684 406 740 476 bic
760 406 960 478 conditionis
979 410 1080 479 servi·

142 506 195 588 lis,
210 503 289 582 licet
305 502 350 572 sit
369 521 466 571 error
483 500 667 590 qualitatis,
684 520 751 569 non
770 520 943 589 personae,
965 512 1078 574 tamen

140 609 291 668 versatur
312 596 400 664 circa
421 614 478 673 ea,
498 614 586 683 quae
606 594 647 662 ad
666 594 884 665 substantiam
905 596 1077 678 matrimo-

143 692 190 759 nii
209 690 392 781 pertinent:
415 688 562 758 conditio
582 686 673 756 enim
701 686 828 758 servilis
851 689 939 758 bono
965 687 1078 761 Sacra·

144 786 257 863 menti,
278 783 439 852 nimirum
456 781 645 851 individuae
678 781 828 851 societati
854 794 888 852 et
907 782 1077 855 cohabita·

80 927 88 939 s
143 879 222 947 tinni
241 878 441 965 coniugum,
464 875 499 946 in
520 874 636 964 primis
656 875 762 944 obest.
800 874 919 945 Servus
952 877 1076 968 quippe

142 973 239 1041 debet
259 972 395 1040 domino
415 990 475 1040 suo
501 969 746 1059 obtemperare,
769 968 884 1058 ibique
910 971 1073 1056 babitare,

143 1067 198 1135 ubi
216 1065 374 1134 dominns
393 1063 464 1152 ipse
483 1061 705 1132 constituerit.
742 1059 790 1130 Ob
810 1064 962 1132 eamdem
998 1085 1077 1135 cau·

142 1180 211 1228 sant
234 1157 381 1228 conditio
400 1155 529 1227 servilis
545 1156 632 1225 bono
658 1155 735 1225 fidei
765 1156 950 1246 coniugalis
967 1160 1079 1227 adrer-
1152 1180 1155 1187 ·

143 1265 247 1337 satur,
270 1251 348 1342 quia
369 1251 527 1339 coniuges
547 1249 683 1319 omniuo
709 1262 882 1339 nequeunt
910 1250 1078 1341 coniugali

144 1347 255 1417 debito
281 1348 392 1415 facere
424 1345 515 1413 satis.
557 1344 705 1433 Denique
738 1343 880 1413 maxime
912 1356 1079 1435 repugnat

143 1441 228 1511 bono
256 1440 372 1531 prolis,
390 1438 450 1530 qui
470 1437 556 1507 banc
577 1457 640 1507 nec
673 1439 846 1507 commode
876 1438 967 1508 alere
1002 1460 1077 1528 pos-

106 1533 116 1548 '
143 1548 240 1618 sunt,
271 1555 334 1603 nec
359 1544 450 1602 recte
479 1531 677 1602 instituere:
705 1552 773 1601 non
800 1532 890 1602 alere
914 1532 1074 1622 quidem,

144 1631 233 1719 quod
264 1648 379 1697 servus
409 1625 520 1696 omnia
555 1624 699 1715 acquirit
731 1625 866 1694 domino
890 1646 970 1709 suo;
1009 1647 1078 1696 nou

141 1736 231 1793 reete
266 1721 467 1804 instituere,
503 1719 580 1809 quia
615 1720 724 1808 proles
755 1719 789 1787 in
821 1730 983 1808 potestate
1018 1721 1078 1791 do-

143 1816 224 1886 mini
246 1828 319 1899 est,
342 1814 370 1884 si
403 1825 509 1882 mater
534 1833 626 1882 serva
656 1812 723 1896 sit3
746 1824 860 1903 partus
881 1813 1005 1903 quippe
1024 1835 1076 1883 se·

143 1911 257 2001 quitur
276 1921 443 1978 ventrem:
464 1907 491 1976 si
512 1927 589 1977 vero
618 1927 732 1976 servus
765 1919 860 1995 pater
892 1907 951 1990 sit,
971 1907 1077 1977 libera

142 2017 259 2087 mater,
277 2015 347 2072 tum
368 2003 479 2091 proles
499 2000 634 2091 quidem
665 2000 810 2087 ingenua
831 1999 918 2082 erit,
941 2001 998 2069 sed
1019 2022 1077 2090 pa·

144 2100 219 2182 tris,
243 2109 359 2187 utpote
380 2097 413 2165 in
445 2097 603 2165 servitute
633 2093 819 2177 constituti,
840 2093 1013 2182 disciplina
1045 2107 1079 2164 et

143 2193 292 2263 doctrina
314 2189 452 2260 carebit.
476 2191 516 2259 dt
535 2187 568 2257 S.
592 2187 752 2270 Thomas,
776 2185 811 2254 S,
833 2185 1074 2268 bonaventura,

144 2287 268 2376 aliique
285 2283 420 2374 plurimi
438 2283 549 2368 verius
569 2282 705 2364 docent,
728 2279 770 2348 ob
791 2299 940 2349 errorem
964 2279 1078 2348 condi-

145 2381 242 2450 tionis
270 2378 398 2448 servilis
427 2374 678 2446 matrimonium
698 2373 810 2442 dirimi
843 2373 917 2443 iure
948 2375 1077 2443 tantum

144 2472 377 2544 ecclesiastico.
391 2470 540 2559 Namque
561 2470 642 2538 tales
658 2488 820 2556 personae
840 2466 986 2536 ineundo
1007 2488 1078 2537 ma·

145 2566 302 2638 trimonio
317 2564 444 2634 habiles
462 2563 660 2633 naturaliter
677 2574 766 2644 sunt;
782 2561 930 2650 itemque
950 2580 988 2630 ex
1002 2582 1078 2650 par·

143 2673 174 2731 te
190 2661 387 2731 eorumdem
403 2656 670 2727 contrabentium
688 2676 755 2724 non
784 2656 877 2724 deest
897 2674 1077 2725 consensus

145 2754 177 2823 in
194 2773 386 2845 personam,
410 2771 495 2841 quae
512 2751 578 2819 duo
596 2769 634 2818 ex
649 2750 723 2818 iure
740 2760 879 2818 naturae
892 2748 973 2818 satis
987 2760 1077 2830 suut,

146 2860 181 2916 nt
205 2846 345 2937 nuptiae
373 2846 515 2915 valeant.
549 2841 736 2926 Praeterea,
757 2843 898 2913 servitus
926 2842 1077 2931 ignorata

146 2942 296 3011 absolute
312 2959 378 3008 non
393 2949 558 3028 repugnat.
575 2936 739 3006 esseutiae
759 2947 792 3005 et
813 2947 952 3005 naturae
968 2935 1080 3005 matri-

147 3035 274 3117 monii;
297 3021 500 3122 quamquam
531 3030 644 3112 enim,
668 3041 705 3097 ut
725 3029 835 3119 inquit
854 3029 887 3098 S.
907 3029 1076 3112 Thomas,

146 3130 255 3219 suppl.
278 3149 314 3217 q.
336 3124 381 3194 52
410 3135 472 3194 nrt.
503 3123 519 3191 l
552 3121 631 3193 add
661 3123 839 3193 «servitus
859 3122 1081 3191 contrarietur
1174 3137 1176 3140 ’

146 3219 360 3291 matrimonio
390 3229 550 3309 qnantum
582 3218 622 3287 ad
655 3227 789 3298 actum,
817 3216 856 3283 ad
884 3234 984 3303 quem
1006 3213 1080 3303 quis

145 3338 203 3405 per
239 3313 491 3383 matrimonium
524 3310 620 3381 alteri
654 3308 846 3397 obligatur,
879 3327 980 3397 quem
1013 3327 1081 3376 non

145 3420 254 3498 potest
280 3407 387 3476 libere
419 3405 581 3496 exseqni,
605 3405 693 3494 ,dum
722 3401 880 3471 nimirum
900 3412 1082 3491 occupatur

145 3502 287 3573 servitiis
307 3500 433 3570 domini
458 3501 530 3581 sui,
557 3509 590 3568 et
605 3508 778 3588 ‚qnantum
798 3496 982 3567 adbonnm
1004 3516 1083 3586 pro·
