2642 4175
409 358 453 401 ure
468 357 598 402 marusa
614 357 814 403 utrmuoun
988 346 1030 404 93

139 466 272 542 tempus
292 452 480 541 adsignant,
499 475 566 561 quo
583 453 735 524 Christus
752 455 868 526 atach
885 455 967 535 XIX,
985 454 1007 524 6
1026 455 1079 524 dt

28 552 33 579 ³
138 547 206 616 xit
232 546 360 627 «Quod
382 546 468 616 Deus
487 547 671 630 coniunxit
694 548 793 617 homo
813 570 880 618 non
896 560 1076 640 separet

140 639 199 709 alii
218 652 331 709 autem
354 661 428 709 curu
453 641 587 730 nuptias
620 642 654 711 iu
680 642 768 711 Caua
796 642 960 713 Galilaeae
980 664 1077 733 prae-

139 733 250 805 sentia
269 755 330 803 sua
351 734 588 818 cohonestavit,
611 734 703 805 loau
725 735 767 804 ll.

188 825 274 908 Quia
295 848 372 897 vero
393 827 604 916 baptismus
596 849 695 897 ianua
716 842 766 900 est
790 842 997 901 caeterorum
1027 851 1078 900 aa·

141 933 413 1005 crementorum,
436 921 518 990 ittud
541 921 775 1011 consequitur,
798 925 887 1013 quod
909 925 1081 993 matrimo-

140 1016 221 1100 nia,
246 1035 334 1103 quae
354 1035 443 1084 nunc
468 1015 556 1084 inter
583 1015 739 1097 ludaeos,
763 1018 908 1099 Turcas,
931 1018 1080 1106 aliosque

141 1129 211 1178 uon
227 1108 411 1198 baptizatos
430 1110 602 1194 ineuntur,
623 1130 698 1179 vern
717 1111 852 1217 quidem
870 1110 1081 1179 matrimonia

141 1201 209 1270 sint
230 1202 266 1271 in
286 1203 415 1271 ratione
434 1213 634 1287 contractus,
656 1204 853 1311 neutiquam
871 1225 948 1272 vero
969 1203 1002 1270 in
1029 1224 1082 1272 ra·

142 1296 234 1365 tione
262 1294 481 1389 Sacramenti.
515 1298 564 1365 An
589 1318 688 1379 vero,
715 1299 803 1388 qood
830 1297 917 1367 inter
948 1297 1082 1366 eosdem

140 1410 209 1458 non
232 1388 416 1479 baptizatos
436 1402 641 1459 contractum
675 1349 776 1460 iuerit
805 1390 1080 1473 matrimonium,

142 1485 323 1553 accedente
343 1483 565 1589 baptismate,
602 1484 852 1555 Sacramentum
890 1484 1083 1565 evadat‚o

141 1577 340 1664 Theologis‚
364 1598 430 1646 non
451 1576 522 1646 sine
542 1589 653 1647 tamen
675 1578 871 1666 opinionum
892 1579 1084 1667 discrepan-

141 1671 202 1750 tia,
223 1672 310 1740 solet
327 1671 466 1760 inquiri.
487 1671 645 1739 Nonnulli
673 1672 796 1762 quippe
817 1684 952 1742 tuentur
972 1670 1083 1740 statim

143 1775 221 1854 post
242 1765 445 1853 baptismum
466 1765 592 1855 absque
612 1766 681 1834 ullo
714 1787 797 1835 novo
822 1787 985 1835 consensu
1013 1786 1085 1832 ma·

143 1857 343 1927 trimonium
358 1858 431 1927 fieri
451 1858 715 1942 Sacramentum
735 1859 940 1929 arbitrantur
957 1858 1013 1928 alii
1031 1856 1086 1927 Sa·

144 1963 356 2021 crementum
376 1954 534 2037 eradere,
556 1975 632 2021 curn
652 1955 702 2022 vel
732 1974 836 2023 novus
863 1954 904 2022 ab
938 1953 996 2035 iis,
1026 1952 1085 2041 qui

144 2045 306 2136 baptizati
328 2058 422 2131 sunt,
445 2046 581 2138 ponitur
610 2067 814 2131 consensus,
846 2048 895 2116 vet
929 2046 1087 2134 antiquus

145 2140 405 2230 quoquomodo
427 2153 617 2224 renovatur,
638 2141 764 2209 scilicet
799 2152 856 2208 aut
888 2139 1008 2221 verbis,
1030 2153 1088 2207 aut

142 2235 297 2317 nutibus,
326 2245 385 2304 out
412 2235 531 2304 affectu
559 2233 716 2302 niaritali.
748 2233 820 2301 Non
839 2235 959 2301 desunt
978 2244 1087 2300 tamen

145 2328 224 2397 etii
246 2327 385 2417 quidem
407 2349 471 2398 uon
491 2328 600 2418 pauci,
629 2328 687 2418 qui
709 2326 900 2395 huiusmodi
922 2326 1090 2394 matrimo-

144 2420 199 2490 nia
225 2422 323 2490 nullo
343 2422 442 2490 modo
463 2421 639 2512 acquirere
660 2420 865 2491 Sacramenti
893 2420 1087 2508 dignitatem

113 2581 117 2590 .
147 2526 354 2584 asseverant.
383 2515 504 2584 Verum
533 2516 615 2584 haec
643 2514 793 2604 quaestio
815 2526 887 2604 post
906 2513 1086 2583 solemnem

146 2608 310 2698 loquendi
328 2610 463 2677 modum
484 2608 576 2678 aPio
597 2608 639 2676 tx
667 2608 864 2692 adhibitum,
887 2610 928 2678 tle
947 2629 1013 2697 quo
1032 2628 1088 2675 su·

146 2724 220 2791 pra,
240 2701 347 2772 otiosa
364 2703 474 2772 forsan
492 2723 529 2771 ac
549 2701 677 2772 inutilis
695 2703 759 2770 dici
780 2703 914 2792 poterit.

578 2925 667 3017 qai.

149 3086 195 3141 Ite
214 3083 395 3142 discrimina
413 3082 643 3140 matrimonium
661 3081 747 3139 inter
764 3081 796 3138 ot
808 3080 886 3139 ellos
899 3081 1089 3138 contractus.

198 3263 314 3345 Qualis
336 3275 447 3333 autem
475 3262 661 3333 differentia
695 3262 738 3331 sit
766 3261 853 3329 iuter
883 3268 1087 3327 contractum

152 3358 361 3428 matrimonii
381 3357 530 3448 aliosque
550 3367 737 3425 contractus
755 3353 898 3423 breviter
911 3353 1088 3458 explanatq-

152 3452 315 3521 domest
337 3451 453 3540 ltaque
473 3450 633 3520 naturalis
664 3458 853 3519 contractus
884 3445 1087 3514 matrimonii

151 3545 349 3615 aeivilibus
383 3560 416 3616 et
444 3544 599 3614 humanis
631 3542 853 3622 contractibus
892 3537 1087 3630 praesertim
