2642 4175
397 334 441 378 nn
458 334 692 380 menumnnrrs
712 335 910 382 nnnsmomr
1007 324 1072 382 243

176 432 340 503 monium
357 431 585 520 praecesserit,
605 430 662 500 aut
679 432 882 524 subsequuta
899 433 1012 519 fuerit,
1029 447 1120 520 tunc,

178 528 212 598 si
236 548 276 597 ea
294 525 455 594 naturalis
475 525 518 594 sit
538 535 571 593 et
587 524 777 611 intrinseca,
795 529 1011 616 praecessisse
1032 550 1126 619 prae·

176 621 346 702 sumitur;
366 620 453 709 quod
471 617 560 687 enim
574 640 590 687 a
605 630 723 688 natura
741 619 838 705 inest,
854 642 985 711 semper
1002 623 1123 693 adinis-

177 736 222 783 se
244 724 411 782 censetur.
435 710 468 781 Si
487 732 564 781 vero
584 712 795 783 accidentalis
815 714 856 782 sit
875 728 908 784 et
927 716 1120 799 extrinseca,

180 806 440 876 matrimonium
490 805 727 894 subsequutum
776 825 847 876 esse
884 809 1122 898 praesumitur.

183 929 201 967 o
226 900 312 970 Cum
329 899 430 982 enim,
452 897 499 967 ait
519 895 664 967 Senchez
684 899 745 968 lib.
766 898 799 983 7,
822 899 907 989 disp.
927 900 1007 985 t03,
1028 922 1121 970 num.

180 992 222 1078 5,
240 1006 362 1063 natura
382 992 449 1081 ipsa
473 991 642 1061 hominem
662 992 758 1060 iilum
779 1004 946 1082 potentem
967 997 1126 1083 produxe·

181 1087 247 1165 rit,
266 1086 426 1155 asserenti
459 1105 534 1154 eum
567 1085 745 1173 aliqnando
778 1085 995 1174 impotentem
1025 1087 1125 1157 fnisse

180 1200 278 1250 onus
310 1178 470 1267 probandi
500 1177 685 1261 incumbit,
709 1187 823 1266 utpote
850 1179 903 1247 cui
935 1181 1126 1249 adversatur

181 1272 418 1362 praesumptio
449 1292 465 1340 a
495 1283 613 1340 natura
644 1271 713 1360 ipsa
745 1272 999 1341 descendens.»
1034 1272 1124 1353 Quae

181 1364 417 1455 praesumptio
445 1363 586 1432 maxime
606 1365 703 1448 valet,
727 1365 859 1454 quando
879 1367 996 1436 coniux
1016 1367 1058 1435 de
1079 1367 1127 1435 ai·

183 1459 298 1529 terius
330 1456 525 1547 impotentia
546 1456 603 1525 diu
623 1467 698 1547 post
717 1468 922 1528 contractum
955 1459 1127 1529 matrimo-

182 1551 286 1621 nium
301 1549 460 1641 conqueri
481 1548 609 1639 incipit:
629 1573 643 1617 c
663 1548 696 1618 Si
713 1550 800 1620 enim
819 1554 1000 1622 reclamare
1012 1552 1126 1622 voluit.

183 1666 253 1714 cur
273 1645 384 1713 tandiu
410 1641 540 1712 tacuit‘t
568 1642 632 1711 cito
652 1644 740 1711 enim
762 1658 795 1715 et
814 1646 945 1734 praevio
978 1657 1127 1735 tempore

184 1738 280 1808 scire
297 1736 427 1826 potuit,
450 1736 477 1803 si
499 1756 610 1803 secum
632 1737 721 1818 coire
739 1738 913 1826 potuisset.
938 1762 953 1804 n
974 1738 1020 1807 lta
1052 1759 1125 1828 cap.
1223 1745 1227 1750 '

186 1834 366 1901 Accnmsrr
388 1831 428 1898 de
446 1829 523 1917 frig.
547 1840 580 1897 et
596 1830 707 1899 melei.
723 1831 764 1898 At
783 1832 810 1898 si
828 1832 928 1900 dubia
946 1832 1055 1901 adhuc
1071 1832 1128 1899 ad·

187 1926 262 1994 sint
280 1924 385 2012 signa,
409 1943 470 1990 nec
489 1921 625 1990 muratis
647 1921 810 1991 certitudo
830 1946 847 1992 a
869 1923 977 1992 iudice
1000 1924 1127 2015 acquiri

188 2029 325 2109 potest,
361 2015 412 2084 vel
441 2015 470 2083 si
503 2014 689 2084 constiterit
716 2015 757 2084 de
785 2015 977 2105 impotentia
998 2029 1130 2085 antece·
1235 2069 1238 2072 .

189 2114 294 2180 dente
307 2123 323 2195 ,'
336 2122 369 2180 et
388 2108 559 2178 dubitetur
579 2129 621 2176 an
642 2108 817 2191 absoluta,
839 2109 888 2176 vei
910 2109 1068 2189 relativa,
1088 2129 1129 2176 an

190 2227 234 2274 ea
256 2215 416 2293 perpetua
433 2201 492 2284 sit,
513 2223 554 2270 an
572 2199 789 2289 temporalis,
811 2213 883 2269 tum
904 2202 1011 2268 locum
1032 2199 1133 2269 habet

193 2297 413 2367 celeberrima
435 2294 633 2365 constitutio
653 2292 832 2363 Caelestini
852 2293 895 2362 ΙΙΙ
913 2314 988 2383 cap.
1004 2293 1132 2361 Ltunn·

193 2390 400 2472 BlLttnteod.,
417 2389 534 2477 inqua
553 2387 602 2456 sic
620 2386 746 2455 statuit:
770 2411 784 2454 o
803 2386 1014 2476 Requisivisti
1030 2407 1133 2477 quan·

192 2497 268 2554 tum
284 2482 444 2572 temporis
464 2480 706 2568 indulgendum
725 2479 768 2549 sit
787 2481 984 2550 naturaiiter
1004 2480 1133 2569 frigidis

196 2579 238 2646 ad
255 2575 490 2665 experientiam
507 2573 645 2663 copulae
659 2571 862 2662 coniugalis?
874 2574 939 2643 Nos
951 2594 1026 2643 vero
1041 2593 1135 2663 prae·

195 2670 284 2740 senti
306 2666 548 2737 consultatione
574 2665 761 2750 sentimus,
784 2677 822 2735 ut
840 2689 858 2735 a
879 2679 1030 2756 tempore
1048 2668 1135 2737 cele·

196 2763 284 2833 brati
307 2759 535 2843 matrimonii,
558 2759 586 2828 si
615 2759 780 2847 frigiditas
800 2760 894 2849 prius
914 2761 1048 2849 probari
1067 2780 1134 2829 non

197 2856 326 2946 possit,
361 2853 552 2922 cohabitent
581 2872 641 2941 per
673 2851 871 2921 triennium.
903 2853 1134 2922 «Triennium

200 2970 301 3039 porro
315 2969 352 3017 es
368 2947 472 3036 praxi,
483 2966 521 3014 ac
534 2946 618 3035 stylo
628 2944 830 3014 curiaeadie
844 2945 973 3015 decreti
983 2946 1010 3015 si
1024 2946 1135 3036 paullo

200 3053 274 3132 post
294 3039 545 3110 matrimonium
559 3037 751 3107 reclamatio
770 3039 880 3106 locum
900 3038 1029 3121 habuit,
1050 3059 1138 3107 com·

200 3134 385 3224 putandum
406 3152 478 3201 esse
500 3131 629 3199 ridetur
646 3151 683 3199 er
701 3130 753 3214 iis,
770 3152 858 3221 quae
875 3131 975 3199 habet
993 3129 1026 3197 S.
1043 3130 1080 3198 C.
1097 3129 1134 3196 C.

202 3230 235 3296 in
251 3228 377 3296 Lucen.
391 3224 499 3293 ltiiaii
514 3221 620 3291 t775.
638 3222 672 3291 Si
692 3245 750 3313 per
773 3225 885 3312 pluras
904 3240 1007 3290 annos
1023 3218 1139 3290 coniu-

202 3341 259 3409 ges
282 3317 565 3400 cohabitaverint,
588 3316 851 3405 experimentum
875 3337 893 3385 a
915 3325 1064 3404 tempore
1084 3334 1140 3383 co-

203 3415 301 3501 pulae
328 3422 509 3481 attentatae
529 3419 753 3499 computatur.
778 3411 930 3479 Manente
950 3422 1060 3478 antem
1083 3407 1143 3474 du·

98 3518 106 3527 “
202 3505 269 3591 bio,
293 3505 377 3574 haec
405 3525 423 3573 a
451 3503 559 3573 Sacris
578 3500 768 3572 Canonibus
786 3501 910 3589 sancita
930 3512 1027 3571 sunt:
1049 3499 1086 3566 t⁰
1107 3497 1143 3565 Si
