2642 4175
379 339 422 383 on
437 337 673 382 manumissore
698 339 895 408 uxvmuoxu
992 331 1057 388 283

172 449 299 517 tantur,
319 446 463 505 sanctam
484 433 614 516 Sedem,
632 436 722 503 nulla
747 435 876 524 praevia
896 437 1020 508 decreti
1035 440 1107 509 Tri·

171 530 297 612 clentini
311 529 538 617 derogatione,
558 527 813 618 dispensatione,
837 543 894 599 aut
913 532 1109 604 declaratio-

172 646 225 708 ne,
241 624 421 713 aliquando
441 620 624 692 decrevisse
643 643 703 711 pro
723 623 838 692 validis
867 624 1017 698 habenda
1038 648 1109 697 esse

173 717 384 787 matrimonia
407 716 649 785 baereticorum
671 716 770 787 etiam
792 716 826 784 in
845 718 937 803 locis,
954 720 1010 788 ubi
1025 720 1109 789 lorte

174 823 301 882 constat
319 810 502 879 Concilium
524 830 595 878 essa
614 821 802 899 receptum,
829 814 963 882 attentis
983 813 1111 903 praeei-

174 927 238 995 pue
259 904 416 994 gravibus
436 903 603 972 rationum
620 904 814 985 momentis,
838 926 876 974 ao
895 906 1111 976 circumstan-

174 998 228 1067 tiis
248 1019 286 1067 ex
300 997 467 1067 societatis
480 997 683 1066 acatholicae
697 996 868 1067 existentia
890 998 1107 1089 depromptis.

175 1092 290 1182 ltaque
310 1093 351 1161 ad
374 1112 445 1160 rem
477 1090 614 1180 propius
633 1092 838 1171 secedendo,
869 1092 937 1160 seio
957 1093 1111 1181 equidem

176 1185 236 1255 bos
256 1198 409 1254 auctores
429 1184 516 1252 baud
539 1184 680 1252 multum
701 1183 797 1252 inniti
819 1186 967 1275 exemplo
987 1208 1024 1253 ex
1044 1206 1112 1255 ma-

175 1279 341 1348 trimoniis
358 1280 391 1346 in
413 1277 591 1347 foederatis
611 1276 716 1365 Belgii
736 1277 914 1366 provinciis
946 1279 1036 1349 initis
1057 1280 1111 1349 de·

177 1386 347 1463 prompto,
370 1393 472 1462 quum
491 1383 607 1441 notum
629 1370 710 1460 ipsis
729 1370 772 1441 sit
803 1371 843 1440 de
863 1371 926 1441 boc
950 1372 1034 1443 lacto
1055 1395 1113 1444 au·

176 1477 282 1535 atores
303 1466 428 1535 diversa
451 1466 597 1547 sentire,
632 1482 694 1534 neo
713 1484 781 1532 uno
811 1466 995 1556 eodemque
1017 1469 1114 1536 modo

176 1560 339 1649 explicare
357 1559 490 1637 motiva,
507 1558 629 1647 quibus
648 1557 730 1626 ben.
751 1558 817 1625 xlv
837 1558 992 1630 inductus
1011 1563 1111 1630 estad

177 1673 212 1722 ea
231 1652 338 1722 valida
357 1653 566 1721 declaranda.
589 1652 659 1720 Hoc
679 1651 790 1740 itaque
810 1652 942 1722 silentio
963 1656 1115 1723 consulto

176 1745 460 1835 praetermisso,in
477 1744 623 1814 medium
639 1745 746 1833 primo
761 1746 1112 1837 afferuntexemplum,

177 1840 262 1929 quod
281 1839 427 1909 Helvetia
449 1837 592 1907 exhibet.
612 1839 696 1907 Cum
715 1837 804 1906 enim
833 1839 969 1909 dubium
998 1862 1115 1931 propo·

176 1934 274 2002 situm
298 1945 384 2004 esset
411 1932 451 2001 de
482 1932 649 2004 validitate
684 1930 886 2000 matrimonii
919 1935 1006 2002 iuter
1034 1934 1116 2002 duas

179 2047 337 2116 personas
357 2048 393 2096 ex
412 2036 498 2096 secta
519 2025 708 2096 calviniana
725 2024 758 2092 in
773 2045 857 2114 pago
871 2025 1008 2115 Coppet,
1028 2025 1060 2095 S.
1076 2025 1116 2096 0.

177 2120 256 2190 levia
277 2120 312 2204 5,
332 2119 354 2190 3
375 2142 446 2209 apr.
471 2118 563 2189 1752
582 2118 727 2186 validum
749 2118 954 2187 connubium
975 2140 1048 2188 esse
1064 2120 1115 2188 de·

177 2214 289 2296 crevit,
309 2227 342 2285 et
356 2214 479 2284 Bened.
495 2213 563 2281 lllV
579 2232 691 2280 coram
712 2212 958 2281 consultoribus
977 2233 1115 2301 genera·

178 2307 232 2376 tiro
256 2308 354 2377 dixit:
380 2333 394 2375 r
417 2308 488 2376 Non
508 2327 581 2376 esse
601 2306 743 2395 amplius
763 2304 862 2374 bodie
882 2304 915 2374 in
936 2306 1115 2375 discrimen
1192 2378 1195 2385 ,

179 2403 395 2471 revocandam
414 2401 615 2470 validitatem
631 2398 921 2468 matrimoniorum
937 2399 1024 2470 inter
1042 2400 1118 2470 hae·

176 2495 308 2580 reticos,
330 2506 364 2563 et
394 2495 531 2583 insuper
559 2492 844 2564 animadversione
879 2494 1017 2583 dignum
1039 2514 1115 2564 een-

176 2588 252 2671 snit,
283 2589 370 2678 quod
402 2587 568 2677 separatio
589 2587 774 2677 coniugalis
793 2607 859 2657 non
880 2588 923 2659 ita
944 2589 1040 2658 facile
1059 2589 1116 2656 ad·-

177 2683 335 2752 mittenda
358 2692 407 2750 est
426 2681 459 2749 in
478 2680 637 2770 iisuloois,
667 2681 700 2750 in
722 2682 866 2772 quibus,
890 2692 928 2751 ut
947 2681 1113 2759 notorium

178 2788 225 2844 est
245 2797 306 2866 per
324 2786 417 2866 paeto
437 2787 596 2844 conventa
630 2776 664 2843 iu
698 2797 777 2864 pace
796 2774 1018 2865 Westphalioa
1040 2797 1058 2845 a
1080 2775 1114 2845 S.

178 2867 261 2938 Sede
281 2890 415 2958 semper
434 2868 636 2958 reprobata,
672 2867 808 2958 impune
828 2881 1022 2957 grassantur
1042 2869 1115 2938 bae·

178 2984 279 3047 reses,
304 2974 338 3031 et
364 2962 573 3031 matrimonia
604 2961 843 3031 catholicorum
878 2973 911 3029 et
937 2962 1118 3031 baeretico-

176 3077 249 3124 rum
268 3056 388 3138 valide,
408 3056 486 3125 licet
502 3055 628 3139 illicite,
646 3054 925 3123 contrabuntur.o
947 3054 983 3122 2⁰
998 3054 1115 3123 Exem-

176 3152 280 3240 plum,
302 3149 356 3219 oui
377 3149 576 3232 innituntur,
607 3148 744 3238 praebet
767 3147 939 3215 Hibernia.
962 3146 1114 3236 Episcopi

180 3245 267 3313 enim
290 3263 418 3326 omnes,
441 3242 583 3331 exceptis
604 3241 758 3331 Archiep.
781 3239 999 3323 Dublinensi,
1022 3250 1056 3307 et
1075 3238 1116 3307 Ε-

177 3336 311 3427 piscopo
332 3335 535 3427 Ossospensi,
558 3349 734 3426 postquam
760 3344 872 3424 aperte
907 3334 1117 3402 declararunt

177 3431 277 3503 Cone.
299 3430 390 3498 Trid.
415 3431 584 3498 decretum
617 3442 805 3519 atempore
826 3426 1059 3497 immemoriali
1081 3425 1115 3494 in

179 3543 215 3592 ea
235 3523 376 3614 regione
393 3532 563 3612 receptum
582 3543 654 3592 esse
682 3544 720 3592 ac
738 3524 1005 3614 promulgatum,
1025 3521 1117 3588 dem-
