2642 4175
357 327 402 370 nn
418 326 655 371 mrnnmnums
673 326 878 373 mamuouu
974 317 1039 375 225

150 434 282 492 externo
303 422 437 513 probari
456 434 602 513 nequeat
619 423 841 498 controuersia
861 434 911 494 est
927 425 1014 496 inter
1032 427 1088 497 do·

150 530 267 602 atores,
279 517 321 585 de
336 535 401 607 qua
416 517 542 586 consuli
558 518 682 606 poterit
692 516 837 587 Sanchez
851 519 873 586 l.
887 516 919 602 7,
931 519 1014 611 disp.
1026 519 1084 607 68,

151 611 171 675 l.
193 608 238 678 13
256 623 290 680 et
310 631 380 701 seq.
399 622 432 680 et
446 610 585 681 Pontius
602 611 624 678 l.
645 608 678 694 7,
702 632 730 680 c.
754 608 811 695 025,
835 632 870 680 n.
890 610 947 696 16,
967 636 1027 705 pro
1042 616 1086 684 al·

149 703 322 789 firmatim,
344 724 404 794 pro
421 704 571 792 negativa
603 704 767 775 sententia
789 703 1087 796 Schmalagrueber

150 798 171 863 l.
189 794 222 881 8,
238 798 263 866 1.
278 796 314 881 1,
330 795 456 879 5105,
472 818 510 866 cc
525 796 558 866 S.
569 798 757 887 Alphonsus
771 799 811 868 de
825 798 955 887 ligurio
969 800 1086 873 Theol.

150 889 228 958 ldor.
251 892 276 959 l.
299 888 333 975 6,
355 889 515 960 111067.
537 891 711 960 Caeterum
731 891 882 980 publicae
903 893 1084 965 honestatis

154 984 442 1073 impedimentum,
459 985 548 1074 quod
569 986 671 1054 semel
693 1005 732 1052 ex
748 985 956 1075 sponsalibus
974 987 1089 1057 ualidis

153 1088 262 1146 ortum
290 1090 353 1162 est,
374 1088 536 1168 perpetuo
557 1090 681 1161 manet3
704 1098 766 1146 nac
785 1079 935 1147 aufertur
959 1079 1088 1148 etiamsi

151 1170 317 1259 sponsalia
344 1182 461 1239 mutuo
485 1189 647 1240 consensu
675 1171 906 1256 dissolvantur,
929 1173 1088 1263 quemad·
1187 1245 1191 1254 ,

150 1265 283 1332 modum
305 1263 339 1333 S.
361 1264 397 1334 C.
422 1265 458 1334 C.
481 1265 613 1354 saepius
632 1264 836 1348 declaravit,
859 1277 891 1334 et
911 1267 1089 1356 praecipue

151 1357 203 1426 die
221 1355 242 1425 6
263 1357 337 1426 iulii
357 1378 411 1426 an.
442 1355 533 1427 1658
559 1359 645 1447 apud
667 1357 859 1447 Pugnanum
891 1358 924 1426 in
945 1380 1016 1451 cap.
1039 1360 1088 1428 dn

153 1469 356 1520 auuruurmu
377 1452 417 1519 de
439 1449 589 1540 Sponsal.
613 1463 647 1521 et
666 1452 753 1542 apud
774 1451 930 1521 Zamhoui
949 1452 1085 1524 collect.

150 1544 235 1613 decl.
255 1566 285 1610 v.
304 1544 383 1615 hat.
404 1543 496 1635 511,
519 1566 553 1613 n.
575 1541 609 1613 l.

193 1638 286 1720 Quod
306 1659 383 1707 uero
404 1634 444 1706 ad
462 1638 711 1706 matrimonium
740 1637 908 1727 pertinet,
930 1638 1084 1728 publicae
1132 1703 1135 1706 i

148 1731 333 1800 honestatis
354 1727 628 1820 impedimentum
658 1733 829 1821 consurgit
854 1753 893 1802 er
919 1733 1088 1802 matrimo-

151 1824 208 1893 nio
225 1825 396 1895 dumtaxat
413 1833 497 1893 rato.
524 1847 538 1891 c
561 1825 806 1894 Matrimonium
829 1824 917 1895 enim
935 1845 1089 1895 cunsum-

153 1930 279 1986 matum
302 1930 360 1986 aut
378 1929 488 1986 veram
506 1919 660 2007 producit
680 1918 899 2003 affinitatem,
923 1933 981 1989 aut
999 1933 1088 1989 certe

152 2010 241 2079 aliud
264 2011 541 2102 impedimentum
559 2031 625 2081 non
647 2011 757 2102 parit,
779 2034 794 2076 a
814 2022 852 2079 ut
870 2024 959 2080 recte
977 2023 1090 2081 monet

148 2105 349 2175 Benedictus
369 2105 436 2174 XIV
455 2106 496 2175 de
513 2105 592 2197 Syn.
616 2105 726 2173 Dioeo.
749 2103 809 2173 lih.
830 2102 862 2185 9,
877 2125 906 2172 c.
929 2102 985 2183 13,
1001 2125 1038 2172 n.
1051 2103 1086 2172 1.

147 2199 335 2268 Notandum
354 2199 409 2267 hic
428 2212 477 2271 ost
496 2199 648 2290 publicae
669 2197 852 2266 honestatis
870 2196 1089 2285 impedimen·

146 2306 218 2361 tum
238 2314 278 2361 ex
291 2293 503 2363 matrimonio
519 2304 591 2362 rato
615 2292 757 2360 invalide
772 2302 940 2360 contracto
961 2301 1084 2377 ortum,

145 2397 222 2474 post
245 2386 578 2469 consummationem,
608 2404 808 2469 remanere,
831 2395 864 2454 et
888 2404 1088 2455 concurrere

147 2501 226 2548 cum
248 2479 418 2564 affinitate,
441 2499 527 2570 quae
548 2478 758 2568 supervenit3
785 2477 817 2548 id
839 2479 968 2549 ratione
989 2478 1086 2547 intel·
1210 2478 1213 2496 '

144 2573 267 2662 ligitur
284 2584 317 2642 et
330 2573 538 2642 documentis
557 2573 805 2662 comprobatur.
824 2573 903 2642 Vide
921 2571 1031 2642 donst.
1052 2571 1085 2641 S.

145 2666 198 2734 Pii
220 2666 256 2734 V.
282 2668 321 2735 ad
342 2667 539 2749 Romanum,
562 2666 585 2733 1
604 2666 676 2735 iulii
697 2665 808 2747 1568,
827 2678 860 2736 et
880 2665 913 2735 S.
937 2666 972 2735 G.
995 2664 1030 2737 C.
1053 2666 1088 2735 iu

143 2760 294 2829 Brixien.
310 2757 414 2844 1767,
437 2772 470 2831 et
489 2760 522 2828 in
543 2758 713 2829 Valentius
731 2758 776 2829 15
790 2780 866 2847 aug.
883 2757 990 2828 slot.
1006 2759 1088 2829 Cum

142 2874 225 2923 vero
246 2852 438 2923 Tridentina
459 2852 608 2944 Synodus
628 2852 714 2922 circa
736 2853 1010 2942 impedimentum
1029 2875 1088 2942 pu·

142 2947 255 3015 blicae
276 2947 469 3031 honestatis,
489 2948 577 3036 quod
592 2947 700 3015 oritur
713 2966 750 3015 ex
773 2944 985 3014 matrimonio
1000 2957 1085 3030 rato,

142 3040 234 3108 nihil
248 3039 462 3123 innovaverit,
485 3041 562 3108 hinc
580 3040 666 3109 sicut
679 3040 776 3122 olim,
792 3037 836 3111 ita
853 3058 1089 3128 huncquoque

145 3133 428 3222 impedimentum
441 3133 633 3203 huiusmodi
649 3132 796 3221 exsurgit
806 3146 847 3199 *en
862 3130 1011 3219 quolibet
1024 3153 1091 3198 ma·

145 3225 308 3295 trimunio
324 3238 409 3310 rato,
428 3226 527 3296 etiam
543 3226 696 3306 invalido,
710 3224 889 3294 dummodo
910 3222 1088 3292 invalidum

144 3339 216 3388 non
231 3320 273 3390 sit
286 3340 325 3389 ex
340 3320 469 3389 defectu
491 3339 682 3403 consensus,
707 3331 738 3388 et
753 3316 885 3407 nuptias
905 3316 1033 3387 dirimit
1048 3316 1088 3385 ad

146 3424 308 3501 quartum
321 3414 575 3503 usqnegradum
587 3411 756 3481 inclusive.
772 3410 1018 3481 Matrimonium
1031 3431 1089 3479 au-

145 3518 217 3574 tem
238 3519 346 3577 ratum
373 3508 551 3577 invalidum
574 3517 624 3577 est
641 3526 678 3575 ex
699 3505 827 3576 defectu
849 3525 1039 3588 consensus,
1061 3503 1089 3572 si

99 3678 103 3682 .
126 3702 136 3707 ἡ
251 3635 288 3689 De
306 3636 473 3691 Matrimonia
989 3638 1020 3685 15
