2642 4175
383 384 426 426 on
445 383 681 432 ιιιιιιιιιιιιιιι
696 384 893 429 ιιιιιιιιιιιιιι
989 373 1056 431 165

172 479 364 551 'lhomistac
382 491 497 549 tenent
516 479 746 569 cognationem
767 483 921 570 legalem,
941 504 1028 573 quoe
1044 505 1110 554 me·

172 574 369 645 trimonium
391 574 537 654 dirimat,
555 574 752 666 neutiquam
771 575 853 645 oriri
873 596 912 646 cx
930 577 1110 667 adoptione

92 714 95 721 ·
175 667 381 758 imperiecta,
403 668 600 758 praesertim
628 669 716 758 qnod
748 669 1025 758 impedimentum
1047 671 1111 741 hoc

173 782 214 832 eo
228 762 296 835 fine
312 761 485 835 inductum
502 774 563 833 est
568 783 586 832 a
605 762 737 850 legibus
754 784 972 834 romanorum
990 776 1030 835 ιι
1036 785 1112 835 con·
1157 786 1164 797 ‘

175 854 344 931 firmatum
366 877 384 927 u
405 856 510 931 sacris
528 857 723 939 canonibus,
743 870 781 933 ut
787 857 961 928 vitaretur
978 858 1111 949 pericu·

174 950 242 1027 lum
266 949 556 1035 incontinentiae,
579 971 616 1021 ιι
635 951 739 1021 nimia
770 950 997 1021 familiaritate
1024 951 1111 1023 inter

49 1105 56 1110 .
164 1042 368 1113 ,huiuamodi
399 1056 557 1134 cognatos
585 1031 778 1115 imminens.
806 1042 892 1113 Sane
922 1043 1109 1133 periculum

171 1136 368 1209 huiusmodi
383 1138 666 1246 tnncdnmtonat
657 1138 834 1209 imminere
847 1137 988 1217 ridetur,
1005 1158 1111 1228 quen-

174 1230 214 1299 do
235 1231 398 1321 adoptans
417 1232 536 1303 transit
567 1231 600 1301 io
621 1243 818 1322 potestatem
851 1242 885 1301 et
902 1230 1112 1301 familiama·

168 1324 354 1414 deplantis,
373 1326 484 1416 quod
496 1346 564 1397 non
584 1326 622 1394 lit
640 1347 702 1415 per
721 1325 934 1417 adoptionem
955 1323 1113 1415 imperfe-

168 1429 275 1491 ctam.
298 1419 379 1489 Nam
399 1419 598 1509 simpliciter
614 1419 764 1509 adoptati
784 1440 851 1489 non
874 1418 1087 1489 traduntur
1078 1440 1111 1488 ιι

168 1512 311 1588 domurn
329 1513 532 1603 adoptantis
546 1534 607 1584 ιιι
622 1513 657 1585 in
678 1522 874 1603 potestatem
892 1533 932 1582 ac
950 1513 1110 1582 familiam

170 1606 246 1675 eius
267 1618 454 1679 transeunt.
476 1605 831 1692 EcontraSeotistae,
854 1606 960 1677 etalii
984 1608 1109 1696 plnres,

168 1721 258 1790 quos
276 1701 321 1773 cit
307 1713 356 1773 ιιι
373 1701 618 1790 Heislingerp.·
635 1699 668 1783 l,
688 1722 754 1771 cas.
778 1701 831 1785 ΙΧ,
849 1711 918 1769 tum
937 1720 977 1769 ιι
1007 1701 1112 1789 perse·

167 1805 224 1865 cla
264 1815 480 1867 romanorum
513 1794 719 1885 adoptione,
738 1802 810 1865 turn
834 1815 873 1863 ex
892 1794 1110 1882 imperfecta,

170 1888 452 1977 impedimentum
482 1889 680 1961 canonicam
711 1887 918 1977 cognationis
938 1886 1055 1976 legalis
1075 1909 1112 1956 o·

170 1982 234 2055 riri
255 1981 379 2053 acriter
409 1993 647 2072 propugnant,
666 1980 734 2052 sive
764 1982 852 2072 quod
873 1980 1018 2051 Ecclesia
1038 1982 1114 2049 ado-

163 2076 325 2165 ptionem
342 2076 375 2145 in
393 2097 516 2165 genere
533 2077 670 2166 accepit,
688 2073 770 2165 quin
787 2075 828 2144 de
842 2074 969 2156 formis,
983 2095 1020 2143 ac
1036 2072 1115 2162 ¹cort·

172 2169 360 2242 ditionibus
380 2171 476 2255 eius,
499 2170 637 2241 diversis
656 2170 737 2239 locis
765 2190 803 2237 ae
831 2167 1038 2257 temporibus
1067 2168 1114 2235 ri·

168 2263 505 2352 poeninitentiam
528 2276 627 2349 esset;
649 2262 829 2352 sinequod
855 2259 1072 2369 pericnlum·
1063 2281 1114 2329 m·

100 2447 102 2450 ,
168 2357 400 2430 continentiae
414 2358 449 2428 in
464 2360 640 2448 adoptione
661 2358 856 2447 imperfecta
874 2354 983 2424 adhuc
1005 2353 1116 2425 existit

90 2451 96 2464 ‘
170 2461 208 2522 ιι
235 2464 437 2539 perseueret
457 2452 641 2524 Clericatns
661 2451 763 2520 decis.
785 2448 888 2519 udde
910 2447 1003 2519 Seer.
1017 2449 1113 2518 Matr

171 2541 279 2616 ,nun
297 2544 383 2616 hanc
404 2546 605 2615 sententiani
624 2544 743 2615 dicit
734 2565 768 2614 ιι
794 2541 884 2635 praxi
916 2544 1113 2651 amplecten-

171 2566 251 2708 1dlotn
272 2645 443 2729 tamquam
462 2639 568 2727 magis
583 2639 802 2730 probabilem,
821 2658 862 2707 ιι
875 2636 1112 2726 magistatem.

173 2730 222 2806 De
239 2731 345 2804 lustin.
367 2734 393 2802 l.
415 2731 494 2802 lc.
512 2732 544 2814 6,
563 2755 598 2804 n.
621 2731 666 2802 56
693 2733 785 2801 illem
806 2731 969 2801 veriorem
1004 2741 1112 2821 putat.

172 2824 311 2900 Gordiu.
346 2825 441 2898 Petra
472 2827 657 2896 Comment.
687 2827 728 2895 od
747 2827 859 2895 Const.
881 2823 903 2892 ι
923 2827 1036 2895 noan.
1059 2824 1109 2906 lv,

172 2930 258 2994 nect.
281 2916 315 3003 ι,
349 2940 384 2990 ι.
413 2918 471 3003 19,
490 2932 572 2991 tom.
595 2919 629 3004 ι,
653 2929 787 3002 censet,
806 2920 833 2987 si
855 2929 974 3008 agetur
998 2919 1042 2988 de'
1060 2938 1115 2986 su·

172 3012 331 3088 ,stinendo
352 3014 564 3084 matrimonio
592 3023 781 3096 contracto,
803 3011 1014 3101 adoptionem
1029 3044 1033 3053 ·
1048 3033 1114 3084 non

171 3106 329 3181 sufficere
350 3108 389 3178 ad
410 3107 494 3176 illud
515 3106 754 3189 dirimendum,
776 3125 873 3174 secus
891 3125 968 3173 vero
987 3105 1029 3172 nd
1051 3105 1114 3190 im-

173 3200 379 3289 pediendum
398 3202 546 3270 nondum
572 3203 804 3271 'contractum
823 3198 861 3265 ln
888 3197 952 3265 hoc
982 3207 1115 3266 senten-

173 3293 300 3366 tiorum
322 3294 489 3378 conflictu,
512 3294 538 3364 si
560 3294 660 3363 nobis
669 3293 719 3361 las
732 3302 782 3362 est
799 3290 905 3361 libere
919 3293 1114 3379 expromere

170 3387 283 3476 quid
274 3388 337 3477 rpsi
354 3388 561 3468 sentiamus,
579 3407 647 3458 non
668 3385 866 3456 dubitamus
879 3402 1055 3474 necarere,
1078 3408 1115 3456 ιι

132 3565 136 3570 ,
172 3479 370 3570 imperfecta
385 3481 520 3589 qnoque
534 3480 711 3570 adoptione
725 3478 805 3549 orio
798 3478 1111 3568 impedimentum,

168 3574 341 3664 siqnidem
363 3575 478 3668 opinio
505 3576 587 3645 haec
615 3586 687 3644 turn
707 3571 919 3643 validissimis
935 3571 1115 3644 roboratur
