2642 4175
338 344 404 402 362
673 355 775 402 carun
791 356 839 400 111.

291 453 438 524 tionibus
457 452 759 523 matrimonialibus
778 473 879 543 super
905 455 1012 543 primo
1033 454 1091 525 aiut
1107 477 1207 526 secun·

294 548 336 617 do
356 547 461 634 gradu
482 545 652 616 affinitatis
678 566 716 615 ex
736 546 825 615 licita
845 547 1078 619 coniunctione
1107 571 1207 638 prore-

291 638 426 721 nientis‚
448 639 672 709 necessarium
701 640 820 709 deinde
839 657 907 708 non
935 641 978 709 sit
998 640 1171 730 explicere,
1184 643 1207 711 si

289 743 366 802 ante
382 733 583 822 praecedens
603 731 853 801 matrimonium
871 733 912 800 alr
926 744 1060 804 oratore
1078 735 1125 802 rel
1143 756 1207 802 ora·

290 824 466 894 tricenum
487 824 641 894 defuncto
659 822 801 913 coniuge
821 823 939 893 initum
959 838 1002 896 et·
1012 847 1206 897 consumma·

290 927 361 986 tum
390 917 452 987 alia
474 917 562 987 inter
581 917 670 1005 ipsos
696 917 810 986 illicita
836 920 954 1007 copula
982 919 1171 989 intercessit.
1192 944 1213 1005 r⁸

289 1007 394 1079 Porro
414 1010 606 1080 huiusmodi
627 1031 822 1098 responsum
844 1030 910 1079 non
930 1022 1057 1081 tantum
1077 1011 1207 1101 respice·
1281 1095 1283 1102 y

291 1122 329 1172 re
350 1102 437 1183 illos,
460 1103 494 1172 in
515 1124 657 1192 quorum
679 1104 823 1172 favorem
844 1103 1026 1186 emanavit,
1049 1105 1104 1174 sed
1123 1105 1160 1173 ad
1177 1125 1207 1172 o·

289 1215 384 1264 mnes
402 1195 531 1265 extendi
549 1216 644 1285 posse
658 1216 764 1276 casus,
784 1195 899 1284 eisque
919 1196 1090 1285 applicari,
1102 1196 1203 1265 iisdem

288 1307 401 1357 rerum
420 1288 583 1357 adiunctis
601 1287 888 1370 concurrentibus,
907 1288 1035 1377 liquido
1051 1310 1090 1357 ex
1105 1309 1141 1357 eo
1156 1311 1205 1378 ap·

287 1390 400 1470 paret,
430 1381 519 1470 quud
539 1381 795 1470 archiepiscopo
814 1379 1046 1451 Ultraieetensi
1066 1382 1203 1451 eumdem

287 1472 421 1558 generis
441 1473 588 1542 eiusdem
619 1494 732 1542 cesum
757 1473 974 1562 proponenti,
998 1473 1051 1544 die
1072 1473 1093 1542 9
1125 1473 1201 1563 Sept.

286 1561 399 1646 1851,
420 1564 617 1654 rescriptum
639 1565 763 1634 luerit:
795 1589 810 1631 r
833 1566 953 1635 dentur
973 1565 1103 1637 litterae
1130 1570 1203 1656 dpu-

285 1655 423 1726 stolicae
442 1658 484 1727 de
513 1656 567 1727 die
588 1655 633 1725 29
656 1657 762 1728 llartii
795 1655 887 1726 1811
903 1681 913 1742 ;
931 1660 955 1724 a'
974 1678 1062 1748 quae
1082 1660 1201 1750 quidem

287 1748 409 1832 verba,
433 1750 461 1818 si
488 1750 538 1819 vel
570 1750 686 1819 leviter
706 1751 953 1840 expendantur,
974 1752 1054 1822 antis
1082 1755 1201 1821 demon·

1281 359 1283 436 l

290 1852 409 1923 strant,
432 1854 471 1912 ut
493 1843 644 1912 observat
664 1842 859 1912 Benedictus
876 1844 944 1912 lllV
962 1843 1070 1914 instit.
1101 1843 1154 1926 10,
1172 1863 1199 1911 u.

242 1953 246 1956 ·
286 1932 321 2001 5:
349 1958 364 1999 ι
390 1933 424 2005 S.
452 1934 547 2005 Sedis
563 1937 764 2007 voluntatem
787 1935 899 2019 luisse,
922 1949 959 2005 ut
977 1959 1028 2019 en,
1043 1939 1084 2007 de
1099 1936 1201 2027 quibos

288 2039 340 2098 est
358 2048 482 2113 sermo,
499 2029 539 2099 ed
569 2029 740 2099 universos
756 2028 955 2112 reserantur,
977 2030 1056 2101 lieet
1079 2030 1134 2100 viri
1153 2028 1200 2098 ali·

285 2119 382 2190 euius
400 2121 578 2210 singularis
592 2120 697 2210 gratia
720 2123 961 2192 emanaverint.
981 2147 996 2190 a

331 2211 395 2283 Pro
416 2214 662 2303 dispensatione
690 2235 792 2304 super
811 2215 949 2305 reliquis
969 2212 1198 2307 impedimentis

286 2307 488 2376 matrimonii
505 2307 588 2377 lruee
603 2318 684 2376 sunt
702 2306 879 2396 praecipue
897 2310 1101 2398 exponenda.
1115 2308 1147 2376 ln
1159 2326 1199 2374 co·

283 2398 441 2484 guntione
456 2399 632 2488 spirituali,
654 2410 786 2488 praeter
805 2401 1052 2489 expressionem
1068 2400 1197 2490 copulae,

282 2490 310 2557 si
332 2489 442 2561 habitu
462 2492 515 2572 sit,
535 2494 764 2580 exponendum
785 2503 846 2574 est,
867 2514 910 2561 an
929 2494 973 2564 sit
993 2494 1162 2584 paternitas
1173 2500 1200 2558 et

283 2581 400 2651 filiatio
419 2583 613 2671 spiritualis,
636 2605 678 2654 an
694 2586 951 2673 compaternitas
971 2600 1006 2657 et
1025 2596 1199 2658 commater·

283 2673 383 2757 nitas3
401 2674 565 2764 siquidem
584 2688 641 2745 aut
659 2697 855 2768 numquam,
870 2691 930 2750 aut
945 2672 1023 2749 raro'
1039 2678 1196 2749 admodum
1280 2680 1281 2725 l

287 2764 522 2856 dispensetur,
544 2769 572 2838 si
598 2770 751 2858 cognatio
771 2771 813 2839 sit
834 2771 921 2840 inter
939 2774 1100 2843 leuantem
1119 2782 1149 2839 et
1162 2768 1198 2834 le

282 2870 407 2929 vatum.
422 2860 459 2928 ln
473 2861 621 2931 criminis
640 2863 876 2952 impedimento
897 2866 1132 2954 explanandum
1148 2868 1196 2937 est,

282 2972 325 3019 an
340 2953 511 3041 proveniet
530 2976 567 3024 ex
586 2955 657 3024 solo
678 2955 841 3025 adulterio
860 2968 893 3025 et
905 2956 970 3028 fide
988 2959 1075 3040 data,
1090 2976 1128 3025 an
1147 2971 1198 3020 ma·
1279 3032 1280 3035 ,

282 3043 427 3114 chinatio
447 3047 559 3137 aliqua
579 3069 617 3117 ex
637 3060 731 3136 parte
745 3049 932 3139 utriusque,
956 3052 1006 3120 vel
1024 3045 1196 3120 alterutrius
1279 3128 1280 3131 Ἴ

283 3136 527 3222 intercesserit,
547 3161 589 3209 an
609 3140 761 3210 ellectum
779 3142 894 3213 sortita
912 3143 974 3226 sit,
990 3165 1033 3212 an
1053 3139 1195 3227 denique,

281 3228 408 3300 vivente
428 3232 536 3301 adlrnc
554 3232 704 3321 legitimo
724 3233 877 3323 coniuge,
901 3256 976 3304 cum
996 3227 1196 3306 adulteraret
1279 3238 1280 3293 I

282 3323 432 3393 adultera
453 3324 701 3394 matrimonium
728 3337 924 3397 attentatum
945 3328 1002 3398 sit.
1023 3329 1060 3398 ln
1076 3319 1196 3414 impedi·

281 3426 393 3484 mento
421 3417 571 3506 publicae
604 3418 786 3490 honestatis
820 3421 1052 3509 explicandum
1082 3428 1146 3492 cst,
1164 3430 1198 3516 {¹1
1278 3458 1279 3491 r

281 3503 364 3573 haec
383 3528 420 3576 er
443 3509 655 3597 Sponsalibus
676 3512 717 3581 de
737 3511 872 3597 futuru,
893 3536 935 3584 an
952 3536 991 3584 ex
1012 3511 1198 3585 llatrimouro
1278 3508 1279 3551 ³

1150 3954 1155 3959 ’
1275 3996 1278 4119 t
