2642 4175
327 390 371 451 nn
389 384 665 433 rnorarnrnumns
683 387 882 433 unanmouu
963 366 1029 435 tta

140 489 186 557 rit
203 480 243 555 a'd
262 486 326 554 riri
346 483 613 555 emendationem
631 487 836 569 conducere}
860 482 1078 577 quamobrem

140 582 169 651 si
188 596 227 649 ex
245 580 386 649 divortio
404 579 588 669 probabitis
607 580 651 648 sit
670 581 1004 669 spesemeadationis
1023 585 1081 652 nit*

144 675 311 757 tinendoe,
332 673 442 742 arico
461 673 625 742 divertere
655 684 799 743 tenetur.
821 676 885 754 tr,
910 675 998 746 facto
1028 678 1080 746 die

142 769 266 851 vortio,
296 768 324 836 si
352 767 538 836 adulterum
562 767 686 856 *flagitii
705 788 782 836 vere
802 768 979 856 poeniteat,
1002 792 1079 859 pars

144 863 303 931 innocens
322 871 440 950 potest,
453 858 530 929 ‘imo
551 881 589 929 ex
607 862 744 930 caritate
764 872 908 944 tenetur,
929 866 1079 951 quando·

142 966 222 1046 qne,
236 955 411 1043 etiamper
425 955 622 1023 sententiam
640 952 827 1037 irrideam,
842 956 948 1024 eidem
966 976 1080 1026 recon-

23 1102 25 1137 2
142 1049 265 1118 citiori.
297 1048 416 1117 Verum
436 1048 543 1116 uxori
563 1048 762 1137 permissum
783 1068 855 1117 esse
880 1062 1077 1138 perpetuum

142 1138 320 1211 disortium
335 1143 377 1210 ob
391 1138 591 1210 adulterium
609 1142 670 1209 viri
691 1142 840 1230 apprime
859 1142 1078 1231 coliig'itnrex

144 1236 248 1305 Paulo
269 1236 309 1304 ad
326 1234 477 1305 Corinth.
496 1234 561 1318 vlt,
579 1233 635 1313 tt,
656 1247 745 1303 etex
765 1236 893 1305 ratione
913 1247 1012 1324 patet,
1034 1239 1078 1305 si·

23 1368 24 1373 κ
143 1328 279 1420 qnidcru
302 1329 431 1398 divortii
452 1329 505 1397 ius
525 1350 562 1396 er
581 1329 748 1398 adulterio
768 1341 878 1398 ortum
900 1332 1077 1425 praecipue

141 1423 625 1492 sunmhabetiondamentum
659 1422 903 1499 innotatione
933 1424 1008 1493 iidei
1045 1428 1078 1494 ot

143 1517 208 1586 tori
230 1517 428 1604 coniugalis;
448 1536 514 1585 non
536 1516 647 1584 minus
665 1528 776 1585 antem
790 1517 873 1585 haec
896 1538 956 1605 per
985 1519 1079 1586 adoi-

144 1611 268 1679 terium
288 1610 419 1690 uxoris,
439 1629 539 1699 quarn
560 1610 684 1693 mariti,
705 1611 833 1694 violari,
856 1612 935 1679 satis
955 1623 1005 1681 est
1024 1633 1079 1680 ex·

143 1703 322 1793 ploratum.
344 1706 393 1771 dn
413 1703 532 1772 coniux
549 1703 720 1786 innocens,
743 1704 770 1772 si
792 1717 866 1793 post
884 1706 1005 1773 facturn
1028 1707 1080 1776 di·

142 1799 285 1866 sortium
307 1797 384 1864 velit
405 1798 493 1865 uitro
512 1797 723 1865 reconciliari
743 1798 889 1881 nocenti,
912 1800 1079 1887 obligetur

23 1966 25 1979 ᾖ
143 1911 267 1960 nocens
287 1901 459 1979 acceptare
474 1891 559 1959 etad
580 1890 861 1960 cohabitationem
877 1893 998 1976 redire,
1020 1914 1080 1961 ne·
1104 1956 1108 1963 .

141 1999 241 2073 gatar
254 1985 286 2052 id
301 1984 434 2074 quidem
450 2005 468 2051 a
483 1985 652 2052 nonnuiiis
670 2005 707 2052 ea
729 1983 859 2067 ratione
876 1986 978 2067 sultis,
1001 1984 1079 2074 quia

144 2080 314 2166 innocens,
337 2077 533 2146 dimittendo
554 2077 754 2160 adulterum,
777 2077 970 2160 omniiure·
991 2082 1079 2169 qood

144 2174 177 2242 in
197 2171 306 2263 ipsum
328 2171 449 2253 hahet,
479 2171 611 2239 videtur
640 2192 677 2239 se
709 2167 879 2260 spoliasse.
906 2170 1079 2259 vulgatum

144 2279 255 2337 autern
278 2277 338 2349 est,
361 2265 449 2355 quod
471 2265 722 2333 remittentibus
753 2265 826 2333 inra
856 2283 915 2333 sua
947 2286 1014 2333 non
1040 2268 1083 2333 sit

145 2362 273 2430 dandus
293 2379 464 2447 regressus
480 2359 506 2426 l.
526 2357 583 2440 id,
596 2364 622 2441 ὅ
643 2357 676 2440 9,
690 2358 725 2426 ff.
745 2359 786 2426 de
807 2359 953 2427 aedilitio
974 2359 1081 2428 edicto

23 2449 25 2458 ’
146 2452 398 2522 Ataffirmativa
432 2452 595 2521 sententia
630 2452 1011 2542 veriorvidetur‚-quia
1033 2453 1083 2521 di·
1124 2441 1132 2450 “

146 2549 290 2616 sortium
311 2563 464 2615 excausa
491 2545 646 2614 adulterii
682 2546 715 2614 in
747 2546 888 2635 gratiam
915 2548 1084 2616 dumtaxat

147 2640 334 2709 innocentis
366 2639 488 2721 datur,
524 2651 557 2708 et
576 2640 715 2728 proinde
739 2661 805 2709 non
840 2642 938 2710 debet
957 2641 991 2709 in
1012 2643 1083 2710 eins

149 2736 261 2803 odium
283 2744 316 2802 et
335 2731 579 2801 incommodum
600 2735 802 2822 retorqueri,
825 2735 932 2824 Atque
953 2736 985 2802 id
1009 2757 1084 2824 pro·

148 2829 248 2909 cedit,
268 2826 395 2895 etiamsi
416 2846 474 2915 per
492 2827 689 2895 sententiam
711 2827 829 2895 indicis
849 2832 888 2896 ad
907 2828 1082 2899 divortium

97 2927 99 2931 ’
151 2919 1087 3010 detentumfoerit;naminnocensrevocarepotestadul·

151 3029 263 3085 torum
283 3033 426 3102 eumque
456 3029 575 3100 cogere
600 3012 639 3079 ad
661 3013 892 3094 redeundum,
919 3025 989 3081 tum
1009 3014 1085 3104 quia
1122 3032 1128 3036 ·

153 3108 318 3178 sententia
335 3127 405 3175 non
425 3105 523 3175 debet
538 3107 694 3195 prodesse
714 3125 784 3189 reo,
807 3116 878 3173 tum
898 3108 978 3195 qnia
996 3108 1088 3175 inno·

153 3221 232 3270 cens
249 3222 310 3290 per
326 3221 398 3269 eam
417 3200 545 3267 nulium
562 3200 613 3268 ius
634 3199 754 3280 amisit,
787 3199 945 3288 nullaque
962 3199 1088 3288 obliga·

155 3296 246 3364 tione
267 3315 401 3363 nocens<
419 3294 578 3363 liberatos
612 3305 684 3378 est,
719 3292 782 3361 nisi
816 3294 1089 3373 consecutivam

156 3388 413 3477 aiunt,quandiu
428 3386 554 3457 scilicet
564 3407 630 3455 non
643 3388 795 3456 ineritab
811 3388 984 3457 innocente
997 3405 1089 3456 revo-

157 3491 262 3566 catus,
280 3483 438 3550 innocens
452 3500 519 3548 non
538 3480 700 3569 spoliatur
715 3481 788 3550 iure
802 3502 874 3565 suo,
889 3482 951 3550 sed
967 3501 1091 3551 nocens

157 3577 265 3644 solnm
288 3576 361 3644 iure
380 3587 463 3658 suog
495 3575 625 3643 volente
658 3576 730 3665 ipso
747 3576 903 3665 coniuge,
926 3576 1093 3666 privatur.
