2642 4175
360 393 404 435 na
423 392 658 436 rnanntunnnns
676 393 873 438 baromonte
971 382 1032 437 131

142 488 244 558 tificis
277 500 311 556 et
343 487 496 577 Episcopi
526 488 758 570 interdictum,
796 490 884 578 quod
913 488 1080 573 Pontifex,

143 580 323 650 interdicto
353 602 432 665 suo,
464 602 530 649 non
550 582 657 649 solum
688 582 864 670 prohibere
884 594 1013 672 potest,
1040 607 1083 654 ne
1167 581 1172 589 ”

145 675 236 744 inter
267 674 454 763 peculiares
487 695 644 763 personas
674 675 921 743 matrimonium
953 689 1083 747 contra·

146 769 272 848 hatur,
295 787 409 835 verum
432 768 530 835 etiam
559 769 764 848 decernere,
788 780 826 836 ut
851 779 963 837 contra
987 791 1080 840 suam

145 860 408 950 prohibitionem
432 860 533 930 initae
553 861 690 948 nuptiae
707 862 819 929 nubae
843 862 933 930 sint:
953 874 986 932 at
1005 863 1082 954 Epi-

144 973 267 1042 scopus
293 953 380 1021 sicut
395 952 631 1042 impedimenta
652 953 842 1023 dirimentis
864 965 1009 1024 statuere
1029 977 1083 1026 ne·

144 1047 233 1136 quit,
256 1046 299 1113 ita
322 1066 432 1133 neque
452 1047 585 1115 decreto
606 1046 759 1116 irritante
775 1047 822 1114 uti
844 1060 964 1136 potest,
984 1051 1081 1118 autsi

146 1151 273 1221 utatur,
294 1140 426 1207 deiectu
446 1138 617 1228 potestatis
636 1139 720 1207 nibil
749 1139 861 1208 efficit.
896 1139 942 1207 Ex
961 1140 1082 1230 quibus

112 1233 377 1321 0consequitur:
400 1232 436 1299 i⁰
456 1232 673 1301 Interdictum
694 1231 905 1300 Pontificium
930 1233 1002 1302 sine
1024 1236 1082 1305 de·

144 1338 239 1394 creto
260 1325 412 1394 irritante
433 1324 565 1393 illicitas
585 1325 718 1412 nuptias
750 1326 914 1409 reddere,
944 1345 1010 1395 non
1036 1327 1083 1395 in·

145 1417 284 1500 validas
308 1429 342 1486 at
358 1417 384 1485 si
406 1419 539 1487 decreto
561 1417 712 1487 irritante
735 1419 898 1487 munitum
917 1419 959 1487 sit
977 1420 1080 1509 (quod

146 1531 227 1578 raro
242 1512 421 1579 admodum
436 1510 509 1579 fieri
525 1510 623 1598 solet)
640 1523 711 1580 turn
728 1511 870 1593 illicitas,
887 1524 955 1580 tum
970 1513 1082 1581 invali-

145 1605 206 1671 das
221 1624 291 1672 esse
302 1602 446 1692 nuptias,
461 1625 547 1692 quae
561 1603 810 1672 contrabantur.
822 1604 1080 1674 2⁰interdictum

143 1696 300 1785 Episcopi
323 1697 437 1785 quavis
457 1697 617 1779 clausula,
647 1697 746 1764 etiam
763 1698 896 1767 decreto
929 1697 1080 1768 irritante

144 1789 328 1872 munitum,
351 1790 482 1879 nuptias
503 1789 634 1858 illicitas
654 1790 802 1878 quidem,
822 1802 1018 1859 nontamen
1040 1792 1081 1860 ir·

144 1882 230 1950 ritas
260 1882 382 1950 iacere.
410 1881 568 1962 Quocirca
589 1883 674 1972 apud
705 1882 850 1951 Sancbez
876 1884 915 1950 de
935 1885 1077 1952 Matrim.

144 1975 204 2043 lib.
225 1973 247 2042 3
270 1976 322 2043 tit.
339 1975 379 2042 bi
403 1997 438 2043 n.
453 1974 512 2042 db.
535 1973 567 2043 S.
590 1976 628 2044 C.
650 1976 685 2044 C.
709 1976 893 2063 generatim
909 1978 1081 2064 respondit

149 2069 289 2138 «valere
306 2068 554 2137 matrimonium
573 2081 777 2137 contractum
792 2090 903 2137 coram
922 2070 1076 2150 Parocho,

145 2162 201 2229 cui
221 2162 434 2230 interdictum
456 2162 558 2231 estab
576 2161 752 2249 Episcopo,
775 2182 817 2228 ne
837 2161 1076 2229 interveniat.»

143 2253 272 2323 Causae
292 2257 402 2324 variae
419 2276 490 2324 esse
509 2265 658 2344 possunt,
691 2274 740 2321 ex.
761 2274 810 2341 gr.
836 2253 1014 2321 necessitas
1033 2255 1080 2320 ri·

144 2348 235 2414 tandi
256 2349 461 2430 scandalum,
484 2348 587 2424 rixae,
612 2347 834 2429 incommoda,
860 2346 1003 2434 suspicio
1029 2367 1081 2416 se·

145 2440 194 2507 ria
220 2440 363 2508 alicuius
384 2441 611 2529 impedimenti
646 2440 795 2523 latentis,
819 2439 981 2527 oppositio
1014 2460 1079 2508 non

144 2554 224 2601 vana
246 2533 364 2602 tertiae
385 2554 568 2622 personae,
589 2533 776 2619 ignorantia
797 2533 967 2601 doctrinae
990 2533 1079 2600 cbri-

143 2627 284 2707 stianae,
308 2628 348 2694 de
370 2647 433 2715 qua
454 2625 576 2694 Beued.
595 2624 661 2692 ΧΗ]
682 2639 786 2694 const.
809 2625 887 2693 Ersr
908 2645 1037 2706 ninius,
1058 2625 1078 2692 7

143 2719 241 2787 Febr.
260 2717 365 2801 atto,
382 2718 752 2808 aliaequebpiscopum
768 2740 863 2807 posse
881 2740 1003 2806 poenas
1018 2720 1079 2788 im·

145 2832 270 2899 ponere
283 2813 555 2901 delinquentibus
564 2823 699 2900 propter
712 2833 806 2880 suam
822 2812 1079 2900 prohibitionem

144 2905 252 2994 liquet
272 2927 311 2973 ex
331 2903 366 2971 S.
387 2905 425 2973 C.
447 2905 599 2972 C.‘decis.
622 2906 656 2972 in
676 2905 765 2972 Flor.
782 2904 826 2973 ib
848 2905 945 2973 Febr.
967 2904 1077 2984 idid,

144 3019 243 3086 quarn
262 2998 382 3067 videsis
398 3018 497 3086 penes
518 2996 640 3065 Ginaidi
670 3010 695 3065 t.
715 2996 749 3079 i,
765 3008 845 3065 scot.
863 2995 967 3065 ttae.

184 3166 339 3233 Quaesitum
357 3176 416 3228 est,
435 3184 468 3218 an
492 3167 623 3218 Parochus
648 3184 677 3217 cx
703 3167 816 3233 legitima
834 3183 908 3218 eausa
927 3165 1083 3215 interdicere

143 3253 245 3310 potest,
266 3258 301 3293 ne
327 3242 519 3295 matrimonium
546 3241 732 3294 contrabatur?
753 3240 841 3306 Quum
864 3241 912 3307 ipsi
930 3257 992 3291 cura
1010 3256 1083 3290 coru-

144 3321 216 3371 missa
234 3321 279 3380 sit,
301 3327 331 3369 ut
350 3317 540 3369 Matiimouiuru
559 3317 646 3369 debito
667 3316 741 3368 modo
760 3318 874 3376 ineatur,
894 3315 1008 3381 proiecto
1027 3316 1083 3365 iieri

145 3405 240 3463 potest,
260 3404 290 3447 ut
309 3394 449 3461 aliquando
467 3394 658 3446 Matrimonium
679 3395 734 3445 iure
753 3392 909 3460 prohibeat,
927 3390 1017 3441 saltem
1034 3390 1083 3441 do·

144 3487 188 3522 nec
207 3472 355 3539 Episcopus
372 3470 404 3522 de
422 3486 497 3522 causa
516 3468 624 3532 iudicet,
642 3468 771 3537 simulque
789 3466 920 3527 decernat,
940 3463 1002 3537 quid
1016 3467 1085 3516 ultra

142 3548 271 3615 agendum
293 3549 338 3596 sit.
