2642 4175
250 312 291 369 66
596 318 699 365 carun
715 318 738 362 1.

201 422 292 491 tione
311 419 436 490 decreti
468 419 567 488 Cone.
605 417 699 486 Trid.
732 416 809 485 inde
840 414 985 499 exoriri,
1020 417 1135 486 eadem

202 515 286 584 S.C.
303 515 485 604 prudenter
518 511 781 599 uniuscuiusque
809 509 928 579 Viearii
956 510 1134 599 apostolici

202 607 341 678 consilio
361 604 620 697 publicationem
653 602 846 673 huiusmodi
866 604 1136 674 committendam

202 722 274 771 esse
295 700 504 783 existimavit,
528 700 671 768 suadens
691 709 729 767 ut
747 698 788 766 eb
808 697 864 766 illa
884 697 1057 780 abstineat,
1079 698 1135 767 ubi

201 816 274 865 eam
291 794 325 862 in
338 793 595 864 destructionem
609 790 759 882 corporis
773 790 896 861 Christi
910 790 1020 881 potins
1034 793 1134 880 quam

201 888 334 1050 &us
360 887 623 958 aedificationem
656 906 729 956 esse
761 884 939 954 ridebitur.
971 881 1017 952 23
1050 885 1137 954 lunii

623 1195 714 1286 aar.

284 1353 330 1408 lte
350 1351 550 1409 dissolntlone
570 1351 761 1420 sponsalium
779 1353 817 1409 ob
836 1349 1059 1421 professionem

576 1444 769 1513 religiosam.

250 1629 344 1699 Serta
372 1648 467 1696 causa
490 1622 687 1694 dissolvendi
707 1621 871 1712 sponsalia
891 1630 940 1692 est
975 1623 1136 1712 professio

203 1723 371 1812 religiosa,
392 1734 461 1789 tum
484 1720 560 1809 quia
582 1739 620 1787 ex
638 1716 720 1786 iuris
737 1715 954 1805 dispositione
973 1718 1137 1806 spondens

202 1829 355 1885 censetur
373 1815 467 1884 alteri
487 1835 521 1882 se
541 1813 689 1900 obligare
710 1810 772 1878 hac
793 1810 890 1878 tacita
909 1809 1006 1898 lege,
1032 1834 1047 1877 r
1072 1811 1137 1880 nisi

202 1909 288 1978 Deus
309 1930 361 1978 me
378 1909 417 1977 ad
439 1907 631 1996 religiosum
665 1904 749 1972 vitae
780 1915 901 1972 statum
931 1903 1093 1992 elegerit,
1120 1929 1135 1970 a

207 2013 278 2071 tum
300 2004 388 2093 quod
409 1999 567 2070 solemnis
581 2009 730 2066 votorum
748 1995 950 2086 nuncupatio
967 1997 1139 2066 matrimo-

203 2096 296 2165 nium
332 2108 439 2166 ratum
461 2094 588 2163 dirimit
609 2115 617 2176 ;
641 2113 708 2182 qno
727 2090 832 2179 magis
852 2112 931 2178 ergo
959 2112 1019 2180 per
1053 2094 1138 2161 sole-

202 2211 313 2259 mnem
324 2189 560 2280 professionem
574 2184 739 2275 sponsalia
757 2185 992 2253 dissolventur?
1004 2187 1137 2255 duvero

203 2284 390 2372 pessulum
411 2280 583 2368 religionis
603 2280 787 2367 ingressum
810 2278 975 2367 sponsalia
1007 2279 1137 2348 solvan-

201 2389 267 2455 tur,
287 2375 455 2444 discordes
476 2371 658 2441 seutentiae
679 2384 767 2440 sunt.
788 2373 829 2440 dt
861 2371 983 2440 rectius
1015 2373 1138 2441 sentire

204 2467 358 2536 ridentur
378 2465 435 2555 qui
457 2477 584 2554 putant,
608 2476 834 2534 remanentem
856 2465 890 2533 in
909 2467 1040 2534 saeculo
1057 2466 1138 2535 solvi

204 2559 339 2649 qrridem
360 2557 612 2647 obligationem
635 2579 670 2628 se
687 2569 850 2648 suscepta,
872 2571 940 2626 turn
962 2558 1040 2647 qnia
1058 2561 1139 2628 reli-

204 2653 337 2741 gionem
371 2653 539 2740 ingressus
557 2652 635 2721 satis
656 2652 802 2722 declarat
821 2673 856 2721 se
888 2653 1052 2741 sponsalia
1084 2673 1139 2722 re·

204 2745 360 2814 nuntiare
379 2799 387 2829 ‚
404 2758 479 2814 tum
501 2745 578 2835 quia
599 2767 636 2815 ex
668 2757 761 2835 parte
783 2744 887 2834 ipsius
922 2745 1075 2815 notabilis
1101 2747 1140 2814 fit

204 2839 372 2922 mutatio,
393 2839 477 2933 etin
498 2840 629 2908 saeculo
651 2839 796 2908 manenti
817 2859 916 2927 grave
934 2839 1034 2907 nimis
1053 2840 1139 2908 foret

206 2941 310 2999 totum
333 2931 538 3021 probationis
557 2944 686 3022 tempus
705 2954 772 3001 nou
790 2932 860 3001 sine
880 2931 1138 3001 incontinentiae

205 3024 353 3112 periculo
373 3038 580 3114 exspectare,
601 3039 634 3094 et
653 3027 735 3094 alias
755 3025 888 3095 interim
905 3025 1062 3095 connubii
1082 3047 1138 3094 oc·

205 3119 353 3188 casiones
371 3119 553 3207 negligere,
576 3131 633 3187 aut
654 3119 834 3202 dimittere;
852 3119 1044 3208 quinetiam
1064 3140 1138 3207 pro·

205 3212 340 3282 brosum
362 3224 448 3281 esset
465 3212 720 3282 discedentema
742 3213 904 3301 religione
923 3212 958 3280 in
980 3213 1137 3281 maritum

205 3307 255 3372 vel
286 3306 320 3372 in
339 3326 474 3375 uxorem
506 3305 667 3395 recipere.
696 3306 815 3374 Contra
850 3317 960 3375 autem
992 3305 1141 3375 sentiunt
1171 3330 1174 3335 ·

205 3417 272 3465 nou
299 3419 337 3467 er
354 3399 483 3487 integro
504 3399 639 3468 liberari
661 3400 797 3468 alteram
820 3412 973 3488 partem,
996 3399 1139 3489 ideoque

206 3510 223 3558 e
242 3490 404 3579 religione
420 3492 643 3581 egredientem
660 3493 698 3562 ad
713 3493 877 3583 sponsalia
890 3492 1043 3582 obligari,
1063 3513 1140 3562 curn
