2642 4175
342 375 387 421 uu
402 373 637 423 meramnum
654 372 854 421 marmoren
954 361 1020 421 373

124 471 352 544 strictioribus
368 472 476 541 verbis
494 469 984 543 dmoonttbeacendittenem.
1003 521 1013 542 .
1030 524 1038 541 .
1058 526 1068 542 .

126 565 220 635 Adde
234 584 334 653 saepe
347 564 553 637 frustrandos
572 563 632 637 bus
654 562 917 655 dispensationes
934 585 996 637 auo
1015 587 1071 636 aa·

102 719 104 722 a
127 658 216 743 lere,
233 658 261 726 si
281 658 315 726 id
332 670 420 729 esset
432 658 672 742 necessarium,
687 656 766 747 quia
782 678 882 748 saepe
894 658 1070 749 confingit,

127 770 198 820 uon
216 770 314 840 posse
329 751 517 834 nullitatcm
536 750 645 840 detegi
665 750 791 841 absque
807 751 956 841 periculo
975 751 1069 825 dete·

16 900 18 939 2
126 842 231 932 gandi
250 842 385 929 datico,
412 857 445 915 et
465 844 605 917 maxime
623 843 651 914 ai
671 843 948 934 impedimentum
968 843 1012 916 sit
1030 866 1069 916 en

16 952 17 961 ¹
128 947 225 1025 parte
244 936 402 1009 lemicae.
425 937 512 1007 Raro
532 936 652 1009 accidit
670 958 766 1026 posse
784 936 858 1007 viro
880 937 1068 1008 nullitatenr

16 1072 18 1115 f
126 1028 242 1118 detegi
261 1028 387 1119 absque
408 1029 557 1120 periculo
576 1041 610 1102 et
624 1029 815 1119 suspicione
834 1028 975 1101 alicuius
990 1029 1071 1099 deli·

16 1122 17 1193 3
125 1120 189 1204 cti,
209 1133 242 1192 ct
261 1120 399 1193 instabit
418 1123 478 1207 vir,
501 1135 538 1194 ut
556 1122 619 1193 sibi
639 1143 739 1193 cause
757 1122 921 1193 nullitatis
938 1123 1070 1212 detega-

16 1214 17 1269 3
125 1227 199 1296 tur,
219 1225 256 1283 ct
273 1235 314 1285 ea
332 1236 400 1286 nen
419 1216 561 1299 detecta,
583 1214 812 1303 urgentiorem
829 1214 941 1287 delicti
959 1217 1069 1305 suspi-

124 1306 260 1379 cionem
282 1308 448 1398 concipiet
466 1320 567 1399 atqua
586 1307 782 1378 inimicitiae
803 1307 891 1381 inter
909 1308 1071 1397 coniuges

16 1462 17 1495 2
124 1399 295 1471 orientur.
307 1401 431 1471 Deinde
445 1402 522 1492 quia
537 1421 614 1473 curn
631 1403 736 1492 stylus
750 1400 1069 1492 habeat,utsempcr

127 1493 165 1563 iu
181 1492 372 1565 huiusmodi
390 1493 693 1584 dispensationibus
707 1493 790 1565 baec
802 1494 952 1565 clausula
965 1515 1068 1585 appo·
1107 1552 1109 1557 ,

127 1596 245 1670 natur,
254 1606 323 1655 uon
338 1599 388 1658 eet
402 1586 604 1657 credendum
613 1586 782 1671 Doctores,
792 1607 876 1677 quos
890 1587 990 1659 retuli
1004 1588 1065 1657 lib.

127 1682 165 1762 a,
187 1678 312 1768 disput.
335 1676 393 1765 39,
417 1700 452 1750 n.
475 1677 496 1748 b
516 1679 607 1757 huuc
624 1681 746 1773 stylum
765 1680 956 1769 ignorasse,
970 1691 1003 1751 et
1023 1692 1068 1753 ta·

16 1806 17 1809 π
127 1791 208 1841 men
225 1773 405 1846 consulunt
422 1772 458 1845 in
478 1773 541 1844 hoc
556 1794 636 1843 casu
653 1774 828 1862 impetrari
847 1773 1068 1862 dispensatio·

127 1883 207 1933 nem
226 1865 367 1950 occulte,
389 1877 423 1936 et
438 1866 538 1937 tacita
554 1866 680 1956 prieris
698 1886 879 1939 consensus
899 1866 1065 1951 nullitate,

16 1958 17 2033 3
128 1956 213 2029 illud
233 1957 345 2029 denuo
364 1959 552 2029 metrobi.»
571 1959 739 2031 Hactenus
757 1957 857 2028 verba
878 1957 1064 2029 Suncbeaii.

176 2047 211 2120 Si
227 2071 342 2122 verum
363 2052 460 2124 lateri
478 2053 654 2137 volumus,
676 2063 766 2123 recte
783 2051 824 2122 de
843 2050 988 2121 Navarra
1005 2104 1014 2130 ‚
1036 2063 1069 2122 et

129 2141 184 2227 iis,
200 2143 259 2236 qui
275 2144 347 2215 eius
362 2146 554 2236 opinionem
573 2157 773 2235 sequuntur,
790 2143 833 2213 ab
851 2143 982 2213 erudito
1001 2145 1069 2212 du·

131 2247 223 2308 ctore
245 2250 396 2310 notatum
428 2239 515 2323 luit,
542 2239 632 2329 quod
661 2237 809 2328 pondere
837 2235 1068 2306 difficultatum

130 2330 280 2420 oppressi
299 2352 433 2402 omnem
461 2343 593 2402 mouent
624 2330 794 2420 lapidem,
816 2350 884 2420 quo
912 2327 1068 2418 previbus

16 2483 17 2490 ,
129 2423 228 2495 malis
246 2424 476 2510 medicantur,
509 2424 630 2495 imitati
649 2423 712 2495 bac
731 2423 766 2493 in
786 2435 880 2513 parte
907 2420 1065 2506 medicos,

16 2523 17 2566 i
129 2516 255 2607 quibus
274 2518 423 2588 solemne
442 2529 503 2602 eat,
523 2529 561 2588 ut
579 2528 653 2608 pest
672 2516 828 2588 exhausta
848 2514 1019 2599 scientiae,
1036 2528 1070 2587 et

16 2631 18 2696 ᾗ
132 2610 212 2680 artis
228 2610 451 2696 remedia,illa
468 2611 567 2682 etiem
583 2610 774 2694 adhibeant,
790 2610 911 2701 quibus
925 2629 989 2681 nec
1004 2607 1069 2698 ipsi

16 2703 18 2762 Γ
132 2702 233 2773 tidem
253 2702 395 2788 babent,
416 2715 451 2774 et
468 2725 612 2794 quorum
632 2724 696 2793 eps
723 2724 791 2773 non
810 2716 878 2775 tarn
898 2702 1065 2793 erpellere

131 2796 302 2880 morbum,
323 2817 423 2886 quarn
443 2797 559 2868 morbo
587 2797 795 2868 laborantem
817 2796 938 2878 solari,
957 2807 992 2868 et
1010 2815 1069 2883 pa·

133 2909 210 2959 carc
227 2889 425 2970 moliuntur.
447 2889 526 2962 Esto
539 2888 629 2959 enim
648 2889 796 2958 clausula
813 2888 869 2956 illa
897 2884 1069 2956 continens

130 2981 403 3054 certioratiouem
421 2981 584 3056 nullitatis
597 2978 814 3062 matrimonii,
836 2978 925 3050 iuxta
944 2977 1065 3069 stylum

133 3072 256 3145 Sacrae
270 3072 688 3164 Paenitentiariaeapponi
703 3092 769 3143 nen
783 3071 888 3142 soleat
898 3082 1069 3161 tamquam

134 3166 281 3238 conditio
300 3169 499 3253 necessaria,
515 3168 573 3238 sed
594 3165 696 3236 voluti
716 3163 889 3234 instructio
906 3163 1070 3253 quaedam

132 3258 346 3345 Confessarii,
363 3262 452 3351 qued
469 3272 582 3334 tannen
600 3257 730 3329 admitti
746 3257 937 3328 nullatenus
949 3264 1069 3344 potest,

16 3357 18 3378 ²
137 3372 175 3421 ex
194 3352 292 3425 dictis
311 3374 329 3424 a
350 3352 527 3426 Benedicta
558 3351 651 3437 xlv,
686 3350 767 3421 lest.
790 3346 860 3431 at,
878 3369 912 3418 n.
935 3344 1039 3418 67-71
1059 3399 1069 3432 ,

136 3464 268 3538 semper
288 3459 400 3528 tamen
427 3466 543 3518 vuum
564 3457 640 3528 eet,
669 3445 758 3535 quod
780 3441 971 3514 certioretis
991 3440 1074 3514 baec

137 3556 174 3606 ex
194 3540 263 3629 ipsa
282 3550 403 3612 nature
423 3540 474 3610 rei
492 3537 690 3630 requiritur,
716 3549 753 3607 ut
772 3535 868 3610 initio
888 3535 990 3609 buius
1010 3547 1074 3606 ter·
