2642 4175
376 283 420 327 nn
437 281 672 329 nmnnrunnurs
690 286 888 332 meramnum
983 272 1046 329 241

155 393 277 465 vatur,
296 381 323 451 si
343 379 505 451 alteruter
524 399 563 448 ex
594 382 866 455 contrahentibus
898 382 1095 471 religionem

156 475 376 566 approbatam
398 473 592 544 solemniter
614 476 835 564 profiteatur,
857 476 907 546 vel
941 475 1096 546 Summus

159 568 313 638 Pontifex
334 590 393 658 per
414 570 499 637 riam
527 567 654 655 gratiae
692 569 871 660 dispenset.
904 566 940 638 3⁰
961 569 1097 639 Certum

159 673 214 732 est
245 662 348 731 solam
379 659 607 752 impotentiam
633 676 826 752 perpetuam
848 675 881 733 et
900 664 1098 734 anteceden-

160 769 244 839 tem,
267 755 333 825 sive
352 755 514 825 naturalis
529 753 583 832 sit,
602 754 670 826 sive
697 756 932 841 accidentalis,
951 757 1017 827 sive
1038 757 1095 826 ab·

160 851 291 930 soluta,
313 850 381 919 sive
412 847 618 939 respectiva,
639 848 706 920 sive
739 862 815 921 ante
846 851 1096 919 matrimonium

161 944 438 1013 contrahentibus
456 954 534 1012 nota
556 940 668 1027 fuerit,
691 942 758 1013 sive
779 943 903 1033 ignota,
928 942 1099 1015 matrimo-

155 1037 257 1105 nium
275 1037 434 1107 dirimere
454 1048 597 1127 utroque
617 1036 691 1106 iure
711 1049 745 1106 et
762 1036 906 1105 naturali
934 1049 968 1106 et
996 1037 1100 1107 eccle·

163 1130 311 1200 siastico.
332 1130 414 1200 Cum
435 1130 523 1199 enim
547 1131 771 1220 procreandae
790 1129 892 1219 prolis
921 1151 1018 1199 causa
1043 1149 1102 1196 nu·

163 1224 255 1312 ptiae
274 1235 484 1314 comparatae
504 1224 588 1306 sint,
612 1226 652 1294 ad
685 1224 863 1294 essentiam
897 1220 1102 1292 matrimonii

162 1316 310 1405 pertinet
326 1317 472 1407 potentia
492 1319 656 1406 perfectae
678 1318 816 1409 copulae
831 1316 1014 1402 habendae,
1030 1315 1101 1383 sine

164 1433 231 1500 qua
250 1409 339 1480 haud
357 1423 466 1500 potest
485 1410 589 1500 ipsius
611 1410 816 1481 matrimonii
849 1432 929 1480 usus
961 1421 994 1479 et
1024 1406 1101 1477 linis

164 1504 323 1573 obtineri.
347 1505 394 1572 Ad
415 1526 485 1575 rem
515 1504 548 1573 S.
572 1507 715 1576 Thomas
748 1505 782 1574 in
814 1504 837 1573 d
867 1502 1013 1580 distinct.
1042 1499 1100 1585 et,

164 1607 297 1687 quaest.
319 1598 408 1666 unic.
431 1596 487 1667 ab
509 1600 549 1668 ad
571 1599 604 1668 l:
630 1596 819 1680 «Quamvis
839 1611 930 1668 actus
960 1594 1103 1666 carnalis

164 1693 306 1780 copulae
329 1713 395 1761 non
416 1692 458 1762 sit
478 1694 518 1761 de
539 1694 681 1764 essentia
707 1692 932 1776 matrimonii,
956 1687 1104 1781 potentia
1213 1747 1216 1752 ,

166 1799 282 1854 tamen
300 1785 340 1853 ad
362 1785 424 1854 boc
445 1797 495 1854 est
514 1786 555 1854 de
576 1788 648 1857 eius
671 1786 824 1868 essentia,
847 1784 925 1875 quia
953 1805 1013 1875 per
1033 1802 1104 1851 ma·

167 1877 365 1946 trimonium
398 1879 495 1949 datur
515 1880 649 1971 utrique
682 1880 861 1966 coniugum
894 1888 1038 1967 potestas
1069 1874 1103 1942 in

168 1992 310 2059 corpore
339 1973 475 2044 alterius
501 1986 654 2063 respectu
670 1971 998 2059 carnaliscopulae.n
1021 1967 1103 2039 Cum
1176 2025 1181 2038 ,

169 2064 274 2154 igitur
296 2066 465 2155 quaelibet
484 2086 538 2136 res
563 2067 688 2157 absque
721 2086 781 2135 sua
802 2063 943 2133 essentia
970 2072 1106 2131 natura-

169 2158 248 2228 liter
268 2159 449 2229 consistere
466 2170 636 2251 nequeat,
656 2181 695 2229 er
714 2159 787 2228 iure
807 2155 951 2225 naturali
972 2154 1105 2223 irritum

171 2251 236 2320 erit
256 2253 522 2339 matrimonium,
540 2254 567 2323 si
588 2275 626 2324 ea
643 2253 688 2322 sit
708 2251 748 2321 ab
767 2250 863 2321 initio
883 2248 944 2317 viri
964 2258 1021 2316 aut
1038 2266 1106 2313 mu·

169 2346 263 2415 lieris
284 2345 505 2428 imbecillitas,
523 2359 558 2416 ut
578 2347 687 2436 ipsum
708 2363 939 2415 consummare
965 2360 1033 2409 non
1053 2359 1107 2406 va·

169 2439 271 2507 leant.
307 2440 379 2508 Huc
410 2442 509 2509 etiam
528 2441 606 2509 lacit
624 2440 758 2528 Regula
774 2437 871 2521 Iuris,
891 2436 926 2504 t.
950 2431 1029 2517 185,
1048 2432 1108 2500 im-

168 2532 378 2620 possibilium
396 2534 493 2602 nullo
513 2542 558 2602 eal
572 2534 737 2623 oblipnlio.
757 2532 842 2602 Hinc
853 2529 1048 2624 „Alexander
1063 2524 1107 2595 tlt

174 2646 245 2715 cap.
270 2625 364 2706 Quon
385 2645 493 2695 snnnn
511 2628 551 2696 de
570 2628 646 2715 frig.
671 2640 704 2697 et
724 2627 835 2696 malel.
858 2622 1036 2714 respondet
1065 2618 1107 2686 E·
1138 2688 1142 2695 .

174 2719 311 2809 piscopo
329 2720 555 2804 Ambianensi;
581 2745 594 2788 c
620 2720 712 2790 Sicut
732 2741 841 2810 puer,
863 2720 922 2808 qni
948 2737 1015 2786 non
1036 2724 1109 2803 pot·

177 2825 226 2882 est
242 2814 383 2883 reddere
405 2815 565 2897 debiturn,
587 2836 653 2883 non
675 2826 725 2882 est
753 2825 848 2901 aptus
865 2810 1041 2898 coniugio,
1062 2807 1109 2875 sic

177 2906 233 2994 qni
254 2905 454 2995 impotentes
475 2920 563 2991 sunt,
586 2907 723 2975 minime
743 2904 810 2994 apti
828 2905 867 2972 ad
885 2900 1109 2972 contrahenda

180 3000 390 3069 matrimonia
410 3014 620 3090 reputantur.
641 3024 655 3066 a
681 2999 722 3068 Et
744 2996 851 3066 Sixtus
870 2995 894 3062 V
914 2997 947 3064 in
968 2995 1035 3064 suis
1055 2993 1110 3060 lit·

179 3094 256 3161 teris
291 3094 668 3173 «Cananeounnrcer
708 3093 748 3159 ad
778 3089 974 3178 Episcopum
1006 3086 1111 3154 Nova-

181 3184 321 3255 ricnsem
350 3189 437 3276 apud
461 3187 585 3276 Regem
615 3183 847 3275 Hispaniarum
886 3178 1110 3270 Apostolicum

181 3276 335 3349 Nuntium
368 3278 481 3349 blan.
514 3277 603 3348 1587
629 3278 738 3361 datis,
762 3274 939 3344 universim
967 3272 1112 3340 declarat

184 3376 265 3461 quod
288 3376 501 3443 «secundum
522 3374 694 3444 danorum
716 3370 900 3440 sanctiones
921 3379 954 3436 et
972 3376 1111 3434 naturae
1220 3421 1223 3427 .

185 3466 355 3555 rationem,
367 3469 426 3557 qui
439 3467 579 3557 trigidae
594 3476 732 3536 naturae
752 3473 829 3533 sunt
849 3474 881 3532 et
897 3461 1108 3551 impotentes,

280 3604 317 3657 Dc
336 3602 498 3654 Matrimouio
1011 3595 1043 3641 ¹⁶
