2642 4175
239 366 305 425 300
573 383 676 429 curor
693 385 741 430 ιιι.

189 485 313 554 debent
331 482 524 573 parentibus
543 483 612 553 suis
632 482 800 567 exhibere,
817 505 884 554 uno
904 484 1015 568 verbo,
1034 483 1126 558 iuxta

190 577 341 646 omniurn
363 577 602 647 catholicorum
623 577 821 648 sententiaro
843 577 895 647 ins
911 578 1069 668 ¹naturale
1090 579 1130 650 ec

190 670 337 739 divinum
358 670 559 778 plerumque
576 671 692 742 seltern
719 670 885 761 prohibet,
918 691 985 741 nou
1014 683 1126 743 tamen

192 764 286 834 irritu
315 763 425 834 reddit
462 764 675 834 matrimonia
707 764 1010 849 filiorumiernilies,
1041 786 1126 855 quoe

192 857 348 927 ineuntur
376 857 451 930 sine
474 879 638 929 consensu
669 871 858 950 parentum.
890 857 1031 927 erores
1057 859 1127 928 Cel·

191 951 257 1020 vini
279 972 317 1020 ec
337 951 473 1022 Lutheri
501 951 665 1041 Tneutopt
685 953 922 1035 confutarunt,
945 964 978 1021 et
1003 950 1127 1041 ipsuS.

190 1044 384 1118 Tridentino
406 1044 558 1137 Synodus
578 1045 767 1135 reprobavit
787 1045 1020 1135 damnantque
1044 1066 1128 1122 scos

191 1137 296 1216 xxtt,
319 1160 347 1207 c.
372 1139 387 1206 i
413 1141 454 1208 de
475 1138 540 1208 Res
541 1191 548 1206 .
567 1140 616 1206 dn
634 1160 716 1209 vero·
735 1138 924 1210 huiusmodi
956 1138 1127 1209 matrimo-

191 1231 245 1300 nio
267 1231 573 1312 filiorumiornilius,
588 1231 660 1302 sine
680 1244 854 1323 parentum
876 1253 1050 1314 consensu,
1065 1253 1124 1303 seu

191 1324 232 1394 iis
253 1324 365 1394 inseiis
385 1327 434 1394 vel
457 1325 578 1409 inritis,
601 1337 781 1410 contracte,
803 1326 878 1395 iure
911 1325 997 1395 civili
1022 1346 1129 1395 rornu·

192 1437 326 1501 norum,
347 1418 471 1489 tuerint
484 1419 574 1487 nullo
590 1440 627 1487 ec
639 1418 746 1502 irrito,
766 1430 798 1488 et
812 1441 853 1488 nn
871 1419 970 1488 etiarn
987 1419 1077 1488 nulle
1095 1430 1128 1489 et

190 1509 284 1578 irrite
306 1523 382 1581 onte
402 1511 584 1580 Concilium
604 1511 848 1597 osroenorum,
867 1513 908 1581 de
928 1513 1002 1580 iure
1022 1512 1128 1581 ecole-

190 1602 340 1689 siosticu,
363 1604 480 1674 saitem
500 1604 681 1694 aliquando
700 1605 825 1676 tuerint
843 1626 933 1676 nuno
949 1605 1129 1678 discutien-

152 1729 155 1734 ·
189 1696 269 1765 durn
290 1710 353 1767 eet.
377 1698 489 1779 Quoad
507 1699 653 1788 primum
675 1709 812 1789 spectet,
836 1699 887 1768 ius
905 1698 1000 1768 civile
1019 1718 1130 1768 ronre-

190 1810 312 1859 norunn
333 1790 463 1871 ridetur
482 1793 633 1882 protecto
653 1792 865 1870 rnetrirnonin
884 1791 1131 1864 filiorumiumi·

190 1882 263 1966 lios,
296 1884 368 1953 sine
388 1898 563 1975 parentum
582 1906 745 1956 consensu
775 1897 966 1969 corrtreoto,
989 1895 1129 1974 prorsus

190 1977 281 2046 nulio
303 1978 459 2052 habuisse
476 1991 509 2048 et
525 1979 631 2063 irrito,
650 1978 816 2069 siquidem
838 1979 873 2052 in
891 1980 965 2067 lege
980 1979 1051 2058 ,Nnc
1080 1998 1130 2054 rt·
1240 2037 1244 2042 -

192 2090 266 2141 ntus
287 2071 320 2142 in
338 2073 417 2145 Cod.
440 2073 481 2144 de
501 2071 641 2163 Nuptiis,
665 2073 888 2163 Imperatores
905 2071 1131 2151 Diocletianus

193 2177 228 2233 et
246 2166 499 2239 Maximinianos
531 2166 788 2257 rescripserunt:
813 2193 829 2237 ι
847 2168 913 2237 Nec
933 2166 1039 2237 filiurn
1059 2166 1131 2256 qui·

193 2259 266 2327 deur
289 2260 431 2337 inmitins
461 2261 501 2331 nd
536 2282 672 2329 uxorein
700 2261 884 2331 ducendum
919 2259 995 2348 cogi
1014 2261 1130 2348 legun

191 2352 364 2441 discipline
386 2353 558 2443 permittit
583 2353 698 2443 igitur,
713 2354 992 2436 sicutdesidercs,
1015 2354 1130 2429 obser-

192 2445 273 2514 vatis
293 2445 376 2516 iuris
397 2447 591 2537 praeceptis,
606 2447 734 2519 sociere
753 2447 910 2537 copingin
932 2459 1003 2529 tuo,
1027 2466 1129 2536 quern

191 2538 348 2622 volueris,
371 2561 436 2609 noo
458 2541 674 2629 impedieris,
694 2541 742 2613 ito¹
756 2553 866 2617 temen
888 2550 924 2609 ut
945 2541 978 2609 in
999 2553 1129 2617 contru-

193 2630 312 2701 hendis
329 2633 465 2722 nuptiis,
488 2634 592 2723 putris
613 2635 658 2703 tui
680 2655 862 2711 consensus
883 2634 1031 2707 accedet.
1055 2630 1072 2699 ιῖ
1087 2632 1129 2707 Et

195 2723 231 2792 in
253 2725 289 2793 L
309 2723 355 2794 20
370 2726 451 2801 noc
467 2728 541 2801 eod
558 2727 779 2817 Imperatores
792 2728 961 2803 Houorrus
979 2739 1012 2797 et
1029 2726 1131 2799 Theu-

193 2817 307 2888 dosius
326 2820 440 2891 Iunior
459 2820 584 2911 pariter
601 2822 863 2912 rescripserunt:
889 2846 903 2891 o
924 2820 960 2895 ln
993 2820 1131 2895 cunitto-

194 2910 305 2981 ctione
326 2914 470 2987 filiorum
496 2936 534 2984 ex
554 2915 656 2983 socris
676 2915 879 3022 positorum,
910 2913 1014 3004 putris
1032 2933 1131 3003 expe

195 3015 304 3075 otetur
324 3007 511 3091 arbitrium,
539 3008 643 3079 sed
617 3030 643 3077 ιι
672 3009 724 3081 sui
747 3009 830 3078 iuris
850 3009 961 3097 puelle
980 3007 1027 3081 sit
1045 3006 1130 3079 iutra

197 3099 352 3189 quintum
373 3113 406 3171 et
425 3101 622 3191 vigesimum
653 3123 777 3175 nonunt
806 3100 1008 3184 constituta,
1030 3100 1132 3189 ipsius

197 3214 404 3285 quoque
353 3216 404 3265 ess
406 3217 506 3269 eusue
532 3197 734 3285 exploretur
755 3220 769 3263 ι
804 3196 989 3285 Imperator
1020 3204 1133 3267 autern

198 3286 429 3359 iustinianus
420 3289 516 3359 tuitio
536 3288 587 3359 tit
614 3289 697 3364 lust
716 3290 756 3361 de
776 3288 907 3379 Nuptiis
926 3287 1020 3357 idern
1038 3307 1133 3376 repe·

200 3377 250 3448 tit
272 3379 343 3450 Non
369 3403 422 3451 rue
442 3383 522 3452 latet
540 3383 624 3452 duos
639 3381 886 3453 celeberrimos
912 3379 1134 3455 turisuoosut

198 3481 249 3539 tos
269 3472 424 3545 Iacobum
444 3475 614 3546 Cuiecinru
634 3488 667 3546 et
682 3476 873 3568 dionysium
894 3473 1000 3544 Gotho
1002 3473 1135 3545 fredum

199 3562 297 3634 hosce
327 3569 417 3656 teges
443 3570 487 3639 ite
507 3569 638 3640 tuisse
630 3581 888 3660 interpretatos,
905 3569 994 3658 quod
1013 3585 1137 3656 nempe
