2642 4175
307 349 371 404 176
642 355 746 401 CAPUT
763 355 811 401 111.

256 457 411 550 ptismate
434 456 506 526 siue
532 452 799 525 solemnitatibus
818 454 859 524 ub
887 454 1119 536 necessitatem
1135 457 1189 527 do·

260 554 305 619 mi
336 550 508 658 sequuta?
537 548 687 639 reposuit
711 545 918 619 affirmative.
935 547 1016 619 llide
1036 551 1184 621 Analecta

258 643 285 713 1.
305 643 342 716 Ρ.
364 645 420 712 br.
440 640 496 727 72,
517 640 607 732 Sept.
630 637 736 725 1865,
753 639 793 711 Ν.
807 638 914 712 1750.

167 755 171 760 ·
301 737 420 807 Nostro
442 750 553 807 tamen
572 735 697 805 iudicio
718 736 753 804 iu
770 735 833 808 boc
852 734 1095 807 sententiarum
1116 758 1188 807 111-

258 832 375 914 01111,
408 830 529 899 melius
567 830 691 900 sentire
729 829 905 915 videntur,
939 829 997 918 qui
1028 850 1105 900 uum
1133 832 1189 900 buc

260 923 471 995 distinctione
488 924 685 1014 procedunt²
705 941 747 992 an
766 944 887 1014 nempe
909 922 1016 993 iulans
1033 922 1068 992 iu
1088 924 1188 1015 bapti-

259 1039 330 1089 smo
350 1016 476 1108 privato
496 1019 667 1086 dumtaxat
687 1028 853 1101 teneatur,
870 1038 930 1087 seu
946 1018 1074 1087 levetur
1092 1027 1188 1088 mote-
1279 1074 1280 1077 ,

255 1111 397 1195 cialiter,
415 1124 452 1181 ut
467 1110 601 1181 scholae
619 1108 817 1201 loquuntur,
833 1113 883 1181 rel
903 1109 1013 1201 potins
1028 1122 1186 1194 teneatur,
1278 1169 1279 1172 ,

256 1227 315 1277 seu
336 1206 465 1275 levetur
481 1205 678 1293 formaliter.
698 1201 805 1273 Priori
825 1223 914 1288 casu,
934 1216 1033 1294 prout
1054 1218 1188 1295 urgente

257 1299 453 1378 necessitate
474 1297 674 1387 plerumque
694 1293 879 1388 contingit,
902 1297 991 1367 nulla
1012 1296 1189 1389 spiritualis

256 1391 410 1482 cognatio
442 1390 673 1473 contrahitur,
696 1412 782 1481 quae
803 1405 853 1461 est
871 1392 1057 1461 communis
1082 1391 1189 1462 docto·

208 1480 214 1488 ’
253 1503 329 1556 rum
351 1484 475 1573 opinio.
496 1483 574 1554 Vide
592 1482 623 1553 S.
641 1485 846 1573 Alpbousum
868 1486 908 1555 de
927 1483 1060 1574 Ligurio
1081 1484 1175 1555 libo

253 1597 289 1669 p.
310 1577 392 1647 119.
414 1578 524 1647 Altero
545 1599 622 1648 vero
643 1599 743 1663 casu,
768 1599 843 1648 oum
863 1577 956 1654 adsit
985 1577 1118 1650 animus
1139 1600 1188 1649 en·

252 1671 365 1762 plendi
384 1670 528 1741 officium
551 1671 685 1761 patrini,
703 1684 735 1742 et
752 1671 915 1743 subeundi
937 1691 1039 1743 onera
1060 1672 1188 1763 patrino

256 1767 393 1848 adnexa,
410 1773 509 1855 prout
525 1766 566 1834 ab
583 1764 728 1834 Ecclesia
750 1764 945 1847 intenditur,
960 1787 996 1835 11
1022 1766 1188 1835 nationem

257 1858 408 1929 contrabi
440 1857 645 1947 probabilius
676 1860 796 1930 docent
828 1858 923 1929 Pont.
944 1860 968 1927 1.
990 1788 1020 1927 ἱ
1033 1861 1075 1929 dc
1094 1859 1185 1928 Matr.

257 1975 287 2022 1.
309 1949 408 2021 101.
431 1950 465 2036 5,
489 1950 613 2042 aliique
638 1949 763 2041 plures.
787 1951 878 2022 Sacri
899 1949 1023 2044 quippe
1043 1952 1189 2023 Canoues

253 2046 437 2136 generatim
457 2056 607 2116 statuunt
624 2045 855 2135 cognationem
869 2045 1077 2138 spiritualem
1095 2046 1189 2116 abiis

252 2140 414 2221 contrabi,
429 2140 487 2231 qui
502 2140 706 2230 baptizatum
720 2160 796 2210 vere
809 2142 929 2225 levant,
941 2140 1185 2231 etsuscipiunt,

251 2235 442 2325 recipiendo
463 2235 497 2303 iu
517 2256 552 2303 se
574 2253 633 2323 pro
655 2234 727 2323 ipso
744 2232 910 2324 baptizato
930 2232 1101 2322 sponsoris
1131 2245 1186 2303 aut

251 2327 458 2398 fideiussoris
477 2348 610 2408 munus,
626 2347 688 2396 nec
708 2330 778 2397 1111
800 2329 897 2398 modo
917 2326 1129 2417 distinguunt
1142 2328 1186 2396 iu·

251 2433 303 2491 ter
319 2421 521 2511 baptizatum
539 2419 734 2491 solemniter
750 2433 784 2492 et
802 2421 1009 2512 baptizatum·
1021 2420 1185 2510 privatim.

252 2516 385 2584 Accedit
414 2514 593 2584 auctoritas
615 2512 649 2582 S.
671 2515 707 2584 d.
729 2514 765 2586 C.
788 2514 895 2595 Quum
923 2514 1011 2585 enim
1031 2525 1188 2605 ageretur

252 2609 293 2677 dc
310 2609 454 2699 quadam
480 2607 605 2691 Maria,
626 2629 712 2698 quae
732 2609 885 2678 manibus
905 2606 975 2678 suis
993 2608 1100 2678 tenuit
1119 2608 1187 2677 foe·
1302 2678 1303 2699 3

251 2716 323 2771 tum
350 2700 391 2769 ab
417 2701 594 2771 obstetrice
620 2704 741 2771 timore
769 2704 885 2772 mortis
914 2701 1109 2770 subitaneae
1130 2700 1188 2770 ba·
1302 2704 1303 2707 ’

251 2794 425 2884 plicatum,
443 2792 477 2862 S.
492 2793 527 2862 C.
545 2793 599 2864 die
618 2792 662 2861 17
683 2796 763 2883 Apr.
783 2793 876 2865 1603
894 2793 1188 2865 1115111181111-

253 2888 302 2957 111
318 2887 434 2957 babuit
448 2886 596 2957 animum
610 2888 738 2958 letandi
753 2886 912 2961 infantem
926 2890 967 2957 de
980 2908 1074 2957 sacro
1088 2888 1187 2965 fonte,

232 2992 452 3071 contractam
473 3002 544 3052 esse
564 2982 793 3070 cognationem
813 2982 1033 3071 spiritualem.
1060 3005 1074 3047 »

298 3075 419 3157 Quaeri
429 3072 631 3165 potest5⁰au
642 3074 664 3143 ii
679 3074 737 3165 qui
751 3074 911 3145 infantem
925 3074 1013 3144 domi
1028 3073 1188 3144 anteaba·
1293 3080 1299 3093 '

250 3165 1186 3260 ptizatumsuhconditione,rel,cumdeeiusbaptismatis

252 3266 363 3335 valore
378 3262 560 3346 dubitetur,
581 3262 830 3333 rursusiterato
844 3262 906 3332 sub
923 3259 1186 3331 conditioneba-

253 3357 420 3445 ptlsmate,
441 3357 475 3426 in
488 3356 633 3426 Ecclesia
654 3377 748 3425 susce
775 3357 872 3439 erint,
895 3352 971 3425 vere
991 3352 1187 3424 contrabant

252 3449 483 3538 cognationem
504 3450 730 3540 spiritualeml
745 3378 1006 3540 Respondemus,
1031 3444 1108 3516 licet
1125 3444 1188 3513 du·

252 3541 346 3611 bium
366 3542 420 3626 sit,
441 3564 484 3612 an
502 3544 607 3613 valeat
626 3543 817 3614 huiusmodi
838 3542 992 3614 iteratum
1010 3539 1183 3630 baptisma,
1302 3612 1303 3637 ἶ
