2642 4175
366 378 410 422 ns
427 377 661 423 rnrnornsnrre
681 376 879 427 nxrnmoun
979 369 1043 425 149

157 475 234 543 dum
270 474 360 544 inter
378 477 527 545 solemne
548 486 581 544 et
607 474 747 566 simplex
773 485 884 545 votum
906 478 1091 563 castitatis,

156 570 235 637 dum
256 569 464 639 constituunt
482 581 595 640 votum
615 569 754 660 simplex
773 570 933 641 rastitatis
958 573 1092 663 nuptias

156 683 225 733 non
245 663 456 746 rescindere,
478 664 535 733 sed
567 675 696 734 tantum
722 665 909 753 impedire;
945 668 1094 737 solemne

157 768 270 826 autem
293 768 327 827 et
353 757 528 847 impedire,
548 768 581 827 et
600 758 731 827 nullum
761 759 902 829 reddere
925 761 1095 831 matrimo-

158 850 264 934 nium,
280 852 369 941 qnod
388 851 620 921 contrahatur.
642 852 759 925 Votum
774 853 913 942 simplex
932 864 983 923 est
1002 855 1091 924 nuda

159 945 337 1032 promissio
367 946 451 1014 lacta
478 945 546 1015 Oen
577 946 645 1016 sire
678 947 829 1038 publice,
851 945 918 1015 sire
937 959 1090 1032 seoreto;

156 1039 310 1108 solemne
326 1059 404 1108 uero
425 1049 475 1111 est
488 1039 676 1129 promissio,
698 1062 786 1133 quae
806 1051 839 1109 et
857 1040 1024 1110 Ecclesiae
1041 1042 1090 1125 srt,

158 1132 284 1201 eteius
304 1133 501 1207 auctoritate
520 1132 682 1224 probatur
713 1148 746 1207 et
773 1133 949 1223 accipitur.
981 1133 1092 1214 Quare

157 1225 240 1294 illud
261 1238 313 1297 est
333 1237 445 1296 votnm
465 1228 626 1307 solemne,
647 1231 736 1319 quod
762 1229 811 1299 vel
829 1227 864 1296 in
883 1225 974 1296 Sacri
996 1226 1092 1296 Ordi·

158 1319 209 1388 nis
227 1320 463 1410 susceptione,
489 1323 540 1392 vel
561 1323 594 1390 in
621 1323 761 1394 solemni
794 1321 949 1411 religiosa
968 1321 1093 1412 proles·

155 1412 252 1484 sione
271 1426 496 1504 nuncupatur.
517 1414 736 1489 «Praesentis
756 1414 908 1488 duximus
923 1417 1093 1485 declaran-

155 1507 238 1575 dam
257 1510 395 1593 oraculo
428 1509 630 1594 sanctionis,
652 1510 700 1580 nit
728 1509 917 1581 Bonilnoins
936 1509 1004 1578 lllll
1034 1509 1090 1579 cit.

156 1622 246 1690 cap,
269 1602 351 1671 illud
376 1603 486 1672 solum
519 1614 629 1673 uotum
666 1605 789 1676 debere
820 1603 886 1673 diei
919 1603 1092 1687 solemne,

155 1705 321 1784 quantum
343 1697 382 1764 ad
399 1708 475 1786 post
504 1709 710 1768 contractum
742 1696 991 1769 matrimonium
1012 1696 1095 1765 diri·

160 1790 345 1873 mendum,
369 1792 457 1879 qnod
477 1791 729 1862 solemnizatum
763 1793 865 1862 luerit
892 1811 952 1879 per
983 1809 1095 1861 susee-

158 1882 315 1971 ptionem
327 1883 420 1953 Sacri
440 1883 588 1970 Ordinis,
615 1898 673 1956 aut
691 1907 751 1976 per
778 1885 1016 1976 professionem
1043 1906 1097 1954 ex·

158 1997 321 2063 pressam,
353 1979 402 2047 vel
423 1979 554 2049 tacitam
585 1979 833 2049 faetamalicni
855 1979 896 2047 de
916 1977 1096 2066 Religioni·
1194 2026 1203 2037 ,

160 2069 222 2140 bns
241 2092 302 2161 per
325 2069 443 2142 Sedem
469 2073 689 2163 Apostolioam
712 2070 952 2163 approbatis.»

204 2165 372 2235 Haeretici
416 2168 640 2257 posteriorum
676 2179 865 2256 temporum
912 2165 1099 2232 docuerunt

156 2259 307 2328 solemne
338 2270 451 2329 votum
481 2261 641 2331 castitatis
678 2259 815 2350 nuptias
856 2255 1097 2326 contrahendas

157 2373 224 2422 non
245 2353 421 2442 impedire,
441 2375 551 2445 neque
572 2366 758 2425 contractas
778 2351 957 2434 dirimere,
981 2361 1096 2420 eontra

155 2467 242 2535 quos
263 2445 342 2537 Syn.
366 2447 459 2515 Trid.
480 2470 562 2518 sess·
584 2448 692 2533 XXIV,
712 2469 786 2517 ean.
813 2444 847 2526 9,
873 2445 914 2514 de
945 2443 1092 2513 Sacram.

158 2539 257 2611 llatr.
278 2540 438 2610 definivit:
464 2566 478 2608 ι
497 2541 529 2611 Si
546 2542 623 2633 quis
637 2541 756 2611 dixerit
773 2541 920 2616 Clericus
936 2538 970 2608 in
989 2536 1097 2608 Sacris

159 2632 339 2704 Ordinibus
357 2634 566 2720 constitutos,
582 2637 632 2705 vel
647 2636 830 2725 Regulares
848 2632 1034 2704 castitatem
1047 2654 1098 2703 so·

160 2727 318 2797 leonites
336 2728 502 2818 professos
522 2750 618 2821 posse
647 2729 898 2800 matrimonium
919 2725 1098 2798 contrahe·

159 2841 206 2906 re,
230 2834 507 2913 contractumque
543 2824 690 2893 validum
723 2844 807 2906 esse,
840 2843 908 2892 non
943 2820 1095 2891 obstante

157 2915 232 3004 lege
251 2916 500 3001 ecclesiastica,
530 2918 579 2987 vel
600 2927 692 3002 vulo,
715 2917 891 2987 anathema
911 2914 965 2985 sit.
987 2937 1001 2979 s
1035 2912 1097 2984 lle·

157 3029 232 3077 rum
264 3010 349 3079 haec
380 3012 449 3080 duo
483 3019 556 3081 vota
588 3011 674 3081 sacri
706 3009 863 3094 Ordinis,
895 3020 929 3077 et
962 3005 1098 3097 religio-

159 3121 214 3172 sae
232 3104 451 3194 professionis
471 3125 539 3175 non
560 3122 667 3195 aequa
687 3104 717 3173 ri
744 3103 926 3183 dirimunt;
948 3121 1025 3170 nam
1046 3121 1098 3169 vo·
1144 3188 1146 3192 ι
1241 3131 1244 3134 Χ

159 3205 227 3266 tum
247 3199 422 3282 solemne,
442 3219 502 3269 seu
534 3200 586 3269 lex
618 3198 824 3281 caelibatus,
850 3193 965 3265 Ordini
997 3192 1097 3262 Sacro

158 3291 619 3382 adnexumdirimitquidem
635 3290 900 3372 matrimonium,
920 3287 1008 3377 quod
1025 3300 1098 3376 post.

158 3380 290 3455 Ordinis
310 3383 556 3476 susceptionem
577 3386 722 3469 ineatur,
741 3384 799 3454 sed
817 3403 885 3453 non
899 3381 981 3450 illud
996 3381 1097 3453 etiam

157 3481 246 3568 qnod
265 3491 345 3549 ante
371 3478 503 3550 Ordinis
520 3479 764 3569 susceptionem
791 3477 997 3548 contractum
1026 3487 1099 3556 est,

159 3570 234 3644 lieet
265 3586 376 3644 ratum
411 3575 581 3645 dumtaxat
616 3573 683 3653 sit,
709 3593 778 3644 non
813 3580 1095 3641 consummatum.
