<?xml version="1.0" encoding="UTF-8"?>
<!DOCTYPE html PUBLIC "-//W3C//DTD XHTML 1.0 Transitional//EN"
    "http://www.w3.org/TR/xhtml1/DTD/xhtml1-transitional.dtd">
<html xmlns="http://www.w3.org/1999/xhtml" xml:lang="en" lang="en">
 <head>
  <title>
</title>
<meta http-equiv="Content-Type" content="text/html;charset=utf-8" />
  <meta name='ocr-system' content='tesseract 3.04.00' />
  <meta name='ocr-capabilities' content='ocr_page ocr_carea ocr_par ocr_line ocrx_word'/>
</head>
<body>
  <div class='ocr_page' id='page_1' title='image "./septimiimariaev00veccgoog_0197.png"; bbox 0 0 2642 4175; ppageno 0'>
   <div class='ocr_carea' id='block_1_1' title="bbox 380 333 1061 391">
    <p class='ocr_par' dir='ltr' id='par_1_1' title="bbox 380 333 1061 391">
     <span class='ocr_line' id='line_1_1' title="bbox 380 333 1061 391; baseline 0.007 -5"><span class='ocrx_word' id='word_1_1' title='bbox 380 343 426 387; x_wconf 83' lang='lat' dir='ltr'><strong>na</strong></span> <span class='ocrx_word' id='word_1_2' title='bbox 444 343 896 390; x_wconf 29' lang='lat' dir='ltr'><strong>mrnntnxxrrs‘naraxuonrr</strong></span> <span class='ocrx_word' id='word_1_3' title='bbox 998 333 1061 391; x_wconf 78' lang='lat'><strong>179</strong></span> 
     </span>
    </p>
   </div>
   <div class='ocr_carea' id='block_1_2' title="bbox 107 422 1111 722">
    <p class='ocr_par' dir='ltr' id='par_1_2' title="bbox 107 422 1111 722">
     <span class='ocr_line' id='line_1_2' title="bbox 107 422 1108 536; baseline 0.004 -26"><span class='ocrx_word' id='word_1_4' title='bbox 107 477 111 482; x_wconf 37' lang='lat' dir='ltr'>f</span> <span class='ocrx_word' id='word_1_5' title='bbox 148 422 270 512; x_wconf 57' lang='lat' dir='ltr'><strong>&#39;nexae</strong></span> <span class='ocrx_word' id='word_1_6' title='bbox 291 452 393 523; x_wconf 89' lang='lat' dir='ltr'><strong>sunt,</strong></span> <span class='ocrx_word' id='word_1_7' title='bbox 415 441 503 510; x_wconf 89' lang='lat' dir='ltr'><strong>unde</strong></span> <span class='ocrx_word' id='word_1_8' title='bbox 524 439 622 510; x_wconf 89' lang='lat' dir='ltr'><strong>sicuti</strong></span> <span class='ocrx_word' id='word_1_9' title='bbox 642 442 698 536; x_wconf 76' lang='lat' dir='ltr'><strong>oh⁴</strong></span> <span class='ocrx_word' id='word_1_10' title='bbox 712 442 798 511; x_wconf 86' lang='lat' dir='ltr'><strong>hanc</strong></span> <span class='ocrx_word' id='word_1_11' title='bbox 824 442 928 532; x_wconf 85' lang='lat' dir='ltr'><strong>ipsam</strong></span> <span class='ocrx_word' id='word_1_12' title='bbox 950 464 1108 527; x_wconf 85' lang='lat' dir='ltr'><strong>causam,</strong></span> 
     </span>
     <span class='ocr_line' id='line_1_3' title="bbox 164 534 1104 623; baseline 0.003 -18"><span class='ocrx_word' id='word_1_13' title='bbox 164 538 296 606; x_wconf 85' lang='lat' dir='ltr'><strong>scilicet</strong></span> <span class='ocrx_word' id='word_1_14' title='bbox 315 538 439 604; x_wconf 88' lang='lat' dir='ltr'><strong>electae</strong></span> <span class='ocrx_word' id='word_1_15' title='bbox 461 554 648 623; x_wconf 83' lang='lat' dir='ltr'>personae,</span> <span class='ocrx_word' id='word_1_16' title='bbox 669 534 806 614; x_wconf 75' lang='lat' dir='ltr'><strong>vitiatur,</strong></span> <span class='ocrx_word' id='word_1_17' title='bbox 836 536 1104 622; x_wconf 69' lang='lat' dir='ltr'><strong>matrimonium,</strong></span> 
     </span>
     <span class='ocr_line' id='line_1_4' title="bbox 166 629 1111 722; baseline 0.004 -24"><span class='ocrx_word' id='word_1_18' title='bbox 166 632 193 698; x_wconf 89' lang='lat' dir='ltr'><strong>si</strong></span> <span class='ocrx_word' id='word_1_19' title='bbox 212 634 247 698; x_wconf 91' lang='lat' dir='ltr'><strong>in</strong></span> <span class='ocrx_word' id='word_1_20' title='bbox 269 630 341 717; x_wconf 86' lang='lat' dir='ltr'><strong>ipsa</strong></span> <span class='ocrx_word' id='word_1_21' title='bbox 362 648 503 717; x_wconf 84' lang='lat' dir='ltr'><strong>persona</strong></span> <span class='ocrx_word' id='word_1_22' title='bbox 522 640 679 710; x_wconf 90' lang='lat' dir='ltr'><strong>erretur,</strong></span> <span class='ocrx_word' id='word_1_23' title='bbox 702 629 749 697; x_wconf 89' lang='lat' dir='ltr'><strong>sic</strong></span> <span class='ocrx_word' id='word_1_24' title='bbox 770 629 905 699; x_wconf 88' lang='lat' dir='ltr'><strong>vitiatur</strong></span> <span class='ocrx_word' id='word_1_25' title='bbox 932 644 1023 700; x_wconf 90' lang='lat' dir='ltr'><strong>actus</strong></span> <span class='ocrx_word' id='word_1_26' title='bbox 1037 654 1111 722; x_wconf 56' lang='lat' dir='ltr'><strong>pa,</strong></span> 
     </span>
    </p>
   </div>
   <div class='ocr_carea' id='block_1_3' title="bbox 114 722 1194 3625">
    <p class='ocr_par' dir='ltr' id='par_1_3' title="bbox 162 722 1111 1092">
     <span class='ocr_line' id='line_1_5' title="bbox 165 722 1111 814; baseline 0.004 -23"><span class='ocrx_word' id='word_1_27' title='bbox 165 724 258 806; x_wconf 86' lang='lat' dir='ltr'><strong>trini,</strong></span> <span class='ocrx_word' id='word_1_28' title='bbox 283 724 341 811; x_wconf 86' lang='lat' dir='ltr'><strong>qui</strong></span> <span class='ocrx_word' id='word_1_29' title='bbox 372 722 458 791; x_wconf 90' lang='lat' dir='ltr'><strong>circa</strong></span> <span class='ocrx_word' id='word_1_30' title='bbox 484 722 831 811; x_wconf 83' lang='lat' dir='ltr'><strong>susceptipersonam</strong></span> <span class='ocrx_word' id='word_1_31' title='bbox 859 736 966 807; x_wconf 90' lang='lat' dir='ltr'><strong>erret,</strong></span> <span class='ocrx_word' id='word_1_32' title='bbox 993 726 1111 814; x_wconf 83' lang='lat' dir='ltr'><strong>proin-</strong></span> 
     </span>
     <span class='ocr_line' id='line_1_6' title="bbox 163 816 1106 907; baseline 0.005 -23"><span class='ocrx_word' id='word_1_33' title='bbox 163 819 276 907; x_wconf 80' lang='lat' dir='ltr'><strong>caque</strong></span> <span class='ocrx_word' id='word_1_34' title='bbox 297 816 426 885; x_wconf 90' lang='lat' dir='ltr'><strong>nullam</strong></span> <span class='ocrx_word' id='word_1_35' title='bbox 447 816 518 905; x_wconf 89' lang='lat' dir='ltr'><strong>ipse</strong></span> <span class='ocrx_word' id='word_1_36' title='bbox 538 816 769 901; x_wconf 76' lang='lat' dir='ltr'>cognationem</span> <span class='ocrx_word' id='word_1_37' title='bbox 790 819 969 888; x_wconf 76' lang='lat' dir='ltr'><strong>contrahit.</strong></span> <span class='ocrx_word' id='word_1_38' title='bbox 988 819 1106 888; x_wconf 84' lang='lat' dir='ltr'><strong>Exem-</strong></span> 
     </span>
     <span class='ocr_line' id='line_1_7' title="bbox 165 909 1107 1001; baseline 0.004 -23"><span class='ocrx_word' id='word_1_39' title='bbox 165 912 258 997; x_wconf 84' lang='lat' dir='ltr'>plum</span> <span class='ocrx_word' id='word_1_40' title='bbox 281 909 452 979; x_wconf 86' lang='lat' dir='ltr'><strong>affinitatis</strong></span> <span class='ocrx_word' id='word_1_41' title='bbox 471 930 538 978; x_wconf 89' lang='lat' dir='ltr'><strong>non</strong></span> <span class='ocrx_word' id='word_1_42' title='bbox 558 909 671 992; x_wconf 90' lang='lat' dir='ltr'><strong>officit,</strong></span> <span class='ocrx_word' id='word_1_43' title='bbox 687 911 765 999; x_wconf 88' lang='lat' dir='ltr'><strong>quia</strong></span> <span class='ocrx_word' id='word_1_44' title='bbox 782 910 1010 1001; x_wconf 64' lang='lat' dir='ltr'><strong>affinitasmon</strong></span> <span class='ocrx_word' id='word_1_45' title='bbox 1030 934 1107 1001; x_wconf 90' lang='lat' dir='ltr'><strong>pen·</strong></span> 
     </span>
     <span class='ocr_line' id='line_1_8' title="bbox 162 1003 914 1092; baseline 0 -21"><span class='ocrx_word' id='word_1_46' title='bbox 162 1006 219 1074; x_wconf 84' lang='lat' dir='ltr'><strong>det</strong></span> <span class='ocrx_word' id='word_1_47' title='bbox 242 1003 287 1073; x_wconf 89' lang='lat' dir='ltr'><strong>ab</strong></span> <span class='ocrx_word' id='word_1_48' title='bbox 305 1003 502 1085; x_wconf 88' lang='lat' dir='ltr'><strong>intentione,</strong></span> <span class='ocrx_word' id='word_1_49' title='bbox 524 1004 581 1073; x_wconf 87' lang='lat' dir='ltr'><strong>sed</strong></span> <span class='ocrx_word' id='word_1_50' title='bbox 602 1023 641 1071; x_wconf 90' lang='lat' dir='ltr'><strong>ex</strong></span> <span class='ocrx_word' id='word_1_51' title='bbox 656 1005 773 1092; x_wconf 88' lang='lat' dir='ltr'><strong>copula</strong></span> <span class='ocrx_word' id='word_1_52' title='bbox 795 1004 914 1072; x_wconf 90' lang='lat' dir='ltr'><strong>oritur.</strong></span> 
     </span>
    </p>

    <p class='ocr_par' dir='ltr' id='par_1_4' title="bbox 114 1096 1194 3625">
     <span class='ocr_line' id='line_1_9' title="bbox 114 1096 1106 1186; baseline 0.001 -20"><span class='ocrx_word' id='word_1_53' title='bbox 114 1157 117 1166; x_wconf 31' lang='lat' dir='ltr'><em>f</em></span> <span class='ocrx_word' id='word_1_54' title='bbox 209 1097 336 1178; x_wconf 84' lang='lat' dir='ltr'><strong>Quaeri</strong></span> <span class='ocrx_word' id='word_1_55' title='bbox 359 1096 395 1163; x_wconf 83' lang='lat'><strong>7⁰</strong></span> <span class='ocrx_word' id='word_1_56' title='bbox 415 1107 533 1185; x_wconf 90' lang='lat' dir='ltr'><strong>potest,</strong></span> <span class='ocrx_word' id='word_1_57' title='bbox 557 1111 739 1166; x_wconf 82' lang='lat' dir='ltr'><strong>ammunus</strong></span> <span class='ocrx_word' id='word_1_58' title='bbox 758 1097 880 1185; x_wconf 91' lang='lat' dir='ltr'><strong>patrini</strong></span> <span class='ocrx_word' id='word_1_59' title='bbox 902 1098 1026 1186; x_wconf 88' lang='lat' dir='ltr'><strong>expleri</strong></span> <span class='ocrx_word' id='word_1_60' title='bbox 1045 1119 1106 1186; x_wconf 83' lang='lat' dir='ltr'><strong>por</strong></span> 
     </span>
     <span class='ocr_line' id='line_1_10' title="bbox 162 1190 1102 1279; baseline 0.003 -21"><span class='ocrx_word' id='word_1_61' title='bbox 162 1203 418 1278; x_wconf 84' lang='lat' dir='ltr'><strong>procuratorem</strong></span> <span class='ocrx_word' id='word_1_62' title='bbox 440 1190 570 1279; x_wconf 72' lang='lat' dir='ltr'><strong>possit?</strong></span> <span class='ocrx_word' id='word_1_63' title='bbox 595 1191 679 1260; x_wconf 80' lang='lat' dir='ltr'><strong>Cum</strong></span> <span class='ocrx_word' id='word_1_64' title='bbox 700 1191 878 1260; x_wconf 82' lang='lat' dir='ltr'><strong>manifesto</strong></span> <span class='ocrx_word' id='word_1_65' title='bbox 896 1192 1102 1275; x_wconf 75' lang='lat' dir='ltr'><strong>ostendatur,</strong></span> 
     </span>
     <span class='ocr_line' id='line_1_11' title="bbox 163 1283 1102 1374; baseline 0.003 -23"><span class='ocrx_word' id='word_1_66' title='bbox 163 1297 198 1353; x_wconf 91' lang='lat' dir='ltr'><strong>ut</strong></span> <span class='ocrx_word' id='word_1_67' title='bbox 216 1297 352 1355; x_wconf 89' lang='lat' dir='ltr'><strong>caetera</strong></span> <span class='ocrx_word' id='word_1_68' title='bbox 372 1283 588 1366; x_wconf 86' lang='lat' dir='ltr'><strong>omittamus,</strong></span> <span class='ocrx_word' id='word_1_69' title='bbox 610 1284 721 1373; x_wconf 80' lang='lat' dir='ltr'><strong>praxis</strong></span> <span class='ocrx_word' id='word_1_70' title='bbox 740 1306 858 1373; x_wconf 89' lang='lat' dir='ltr'><strong>regum</strong></span> <span class='ocrx_word' id='word_1_71' title='bbox 889 1285 1102 1374; x_wconf 88' lang='lat' dir='ltr'><strong>praesertim,</strong></span> 
     </span>
     <span class='ocr_line' id='line_1_12' title="bbox 162 1378 1106 1469; baseline 0.004 -23"><span class='ocrx_word' id='word_1_72' title='bbox 162 1379 367 1469; x_wconf 78' lang='lat' dir='ltr'><strong>principum,</strong></span> <span class='ocrx_word' id='word_1_73' title='bbox 389 1378 884 1467; x_wconf 77' lang='lat' dir='ltr'><strong>aliorumque-magistratuum,</strong></span> <span class='ocrx_word' id='word_1_74' title='bbox 905 1379 963 1469; x_wconf 86' lang='lat' dir='ltr'><strong>qui</strong></span> <span class='ocrx_word' id='word_1_75' title='bbox 984 1400 1044 1468; x_wconf 91' lang='lat' dir='ltr'><strong>per</strong></span> <span class='ocrx_word' id='word_1_76' title='bbox 1060 1380 1106 1450; x_wconf 91' lang='lat' dir='ltr'><strong>le-</strong></span> 
     </span>
     <span class='ocr_line' id='line_1_13' title="bbox 161 1470 1103 1562; baseline 0.003 -22"><span class='ocrx_word' id='word_1_77' title='bbox 161 1485 339 1557; x_wconf 89' lang='lat' dir='ltr'><strong>gatos,seu</strong></span> <span class='ocrx_word' id='word_1_78' title='bbox 357 1493 417 1559; x_wconf 92' lang='lat' dir='ltr'><strong>per</strong></span> <span class='ocrx_word' id='word_1_79' title='bbox 435 1470 681 1561; x_wconf 82' lang='lat' dir='ltr'><strong>procuratores,</strong></span> <span class='ocrx_word' id='word_1_80' title='bbox 698 1472 822 1547; x_wconf 87' lang='lat' dir='ltr'><strong>sciente</strong></span> <span class='ocrx_word' id='word_1_81' title='bbox 839 1484 872 1541; x_wconf 92' lang='lat' dir='ltr'><strong>et</strong></span> <span class='ocrx_word' id='word_1_82' title='bbox 890 1474 1103 1562; x_wconf 71' lang='lat' dir='ltr'><strong>permittente</strong></span> 
     </span>
     <span class='ocr_line' id='line_1_14' title="bbox 160 1565 1101 1649; baseline 0.002 -16"><span class='ocrx_word' id='word_1_83' title='bbox 160 1566 335 1649; x_wconf 72' lang='lat' dir='ltr'><strong>Ecclesia,</strong></span> <span class='ocrx_word' id='word_1_84' title='bbox 359 1586 480 1634; x_wconf 91' lang='lat' dir='ltr'><strong>munus</strong></span> <span class='ocrx_word' id='word_1_85' title='bbox 512 1565 600 1634; x_wconf 88' lang='lat' dir='ltr'><strong>istud</strong></span> <span class='ocrx_word' id='word_1_86' title='bbox 632 1566 726 1634; x_wconf 88' lang='lat' dir='ltr'><strong>obire</strong></span> <span class='ocrx_word' id='word_1_87' title='bbox 757 1567 1012 1649; x_wconf 88' lang='lat' dir='ltr'><strong>consueverint,</strong></span> <span class='ocrx_word' id='word_1_88' title='bbox 1035 1579 1101 1637; x_wconf 89' lang='lat' dir='ltr'><strong>tota</strong></span> 
     </span>
     <span class='ocr_line' id='line_1_15' title="bbox 159 1658 1106 1750; baseline 0.001 -21"><span class='ocrx_word' id='word_1_89' title='bbox 159 1658 388 1729; x_wconf 87' lang='lat' dir='ltr'><strong>controversia</strong></span> <span class='ocrx_word' id='word_1_90' title='bbox 422 1658 488 1727; x_wconf 90' lang='lat' dir='ltr'><strong>huc</strong></span> <span class='ocrx_word' id='word_1_91' title='bbox 520 1659 630 1739; x_wconf 89' lang='lat' dir='ltr'><strong>redit,</strong></span> <span class='ocrx_word' id='word_1_92' title='bbox 658 1659 734 1748; x_wconf 77' lang='lat' dir='ltr'><strong>quis</strong></span> <span class='ocrx_word' id='word_1_93' title='bbox 753 1681 873 1750; x_wconf 90' lang='lat' dir='ltr'><strong>nempe</strong></span> <span class='ocrx_word' id='word_1_94' title='bbox 894 1681 933 1730; x_wconf 88' lang='lat' dir='ltr'><strong>eo</strong></span> <span class='ocrx_word' id='word_1_95' title='bbox 952 1682 1030 1729; x_wconf 89' lang='lat' dir='ltr'><strong>casu</strong></span> <span class='ocrx_word' id='word_1_96' title='bbox 1048 1682 1106 1730; x_wconf 86' lang='lat' dir='ltr'><strong>co·-</strong></span> 
     </span>
     <span class='ocr_line' id='line_1_16' title="bbox 158 1753 1101 1840; baseline 0 -18"><span class='ocrx_word' id='word_1_97' title='bbox 158 1755 353 1840; x_wconf 86' lang='lat' dir='ltr'><strong>gnationem</strong></span> <span class='ocrx_word' id='word_1_98' title='bbox 386 1753 571 1822; x_wconf 88' lang='lat' dir='ltr'><strong>contrahat.</strong></span> <span class='ocrx_word' id='word_1_99' title='bbox 594 1753 752 1821; x_wconf 79' lang='lat' dir='ltr'><strong>Nonnulli</strong></span> <span class='ocrx_word' id='word_1_100' title='bbox 772 1776 789 1822; x_wconf 91' lang='lat' dir='ltr'><strong>a</strong></span> <span class='ocrx_word' id='word_1_101' title='bbox 810 1766 930 1824; x_wconf 85' lang='lat' dir='ltr'><strong>neutro</strong></span> <span class='ocrx_word' id='word_1_102' title='bbox 950 1755 1101 1824; x_wconf 88' lang='lat' dir='ltr'><strong>contrahi</strong></span> 
     </span>
     <span class='ocr_line' id='line_1_17' title="bbox 158 1847 1102 1937; baseline 0.004 -24"><span class='ocrx_word' id='word_1_103' title='bbox 158 1858 363 1929; x_wconf 89' lang='lat' dir='ltr'><strong>autumant;</strong></span> <span class='ocrx_word' id='word_1_104' title='bbox 385 1847 520 1935; x_wconf 82' lang='lat' dir='ltr'><strong>quidam</strong></span> <span class='ocrx_word' id='word_1_105' title='bbox 542 1867 560 1915; x_wconf 92' lang='lat' dir='ltr'><strong>e</strong></span> <span class='ocrx_word' id='word_1_106' title='bbox 580 1847 743 1915; x_wconf 90' lang='lat' dir='ltr'><strong>diametro</strong></span> <span class='ocrx_word' id='word_1_107' title='bbox 764 1847 949 1937; x_wconf 89' lang='lat' dir='ltr'><strong>oppositam</strong></span> <span class='ocrx_word' id='word_1_108' title='bbox 968 1860 1102 1917; x_wconf 88' lang='lat' dir='ltr'><strong>senten·</strong></span> 
     </span>
     <span class='ocr_line' id='line_1_18' title="bbox 159 1941 1105 2029; baseline 0.003 -22"><span class='ocrx_word' id='word_1_109' title='bbox 159 1941 240 2009; x_wconf 92' lang='lat' dir='ltr'><strong>tiam</strong></span> <span class='ocrx_word' id='word_1_110' title='bbox 276 1941 418 2029; x_wconf 84' lang='lat' dir='ltr'><strong>amplexi</strong></span> <span class='ocrx_word' id='word_1_111' title='bbox 439 1942 598 2022; x_wconf 84' lang='lat' dir='ltr'><strong>luerunt,</strong></span> <span class='ocrx_word' id='word_1_112' title='bbox 625 1951 812 2009; x_wconf 85' lang='lat' dir='ltr'><strong>asserentes</strong></span> <span class='ocrx_word' id='word_1_113' title='bbox 843 1953 1047 2029; x_wconf 88' lang='lat' dir='ltr'><strong>utrumque,</strong></span> <span class='ocrx_word' id='word_1_114' title='bbox 1071 1953 1105 2010; x_wconf 91' lang='lat' dir='ltr'><strong>et</strong></span> 
     </span>
     <span class='ocr_line' id='line_1_19' title="bbox 160 2033 1103 2123; baseline 0.002 -21"><span class='ocrx_word' id='word_1_115' title='bbox 160 2036 377 2120; x_wconf 83' lang='lat' dir='ltr'><strong>mandantem</strong></span> <span class='ocrx_word' id='word_1_116' title='bbox 402 2044 435 2102; x_wconf 91' lang='lat' dir='ltr'><strong>et</strong></span> <span class='ocrx_word' id='word_1_117' title='bbox 454 2045 706 2123; x_wconf 89' lang='lat' dir='ltr'><strong>procuratorem</strong></span> <span class='ocrx_word' id='word_1_118' title='bbox 724 2033 955 2121; x_wconf 82' lang='lat' dir='ltr'><strong>cognationem</strong></span> <span class='ocrx_word' id='word_1_119' title='bbox 972 2047 1103 2104; x_wconf 88' lang='lat' dir='ltr'><strong>contra-</strong></span> 
     </span>
     <span class='ocr_line' id='line_1_20' title="bbox 158 2127 1103 2217; baseline -0.001 -23"><span class='ocrx_word' id='word_1_120' title='bbox 158 2127 257 2198; x_wconf 85' lang='lat' dir='ltr'><strong>here.</strong></span> <span class='ocrx_word' id='word_1_121' title='bbox 276 2129 348 2197; x_wconf 90' lang='lat' dir='ltr'><strong>Non</strong></span> <span class='ocrx_word' id='word_1_122' title='bbox 369 2130 466 2217; x_wconf 91' lang='lat' dir='ltr'><strong>pauci</strong></span> <span class='ocrx_word' id='word_1_123' title='bbox 484 2150 501 2196; x_wconf 88' lang='lat' dir='ltr'><strong>a</strong></span> <span class='ocrx_word' id='word_1_124' title='bbox 521 2129 830 2216; x_wconf 88' lang='lat' dir='ltr'><strong>soloprocuratore</strong></span> <span class='ocrx_word' id='word_1_125' title='bbox 850 2147 923 2197; x_wconf 90' lang='lat' dir='ltr'><strong>eam</strong></span> <span class='ocrx_word' id='word_1_126' title='bbox 952 2128 1103 2196; x_wconf 87' lang='lat' dir='ltr'><strong>contrahi</strong></span> 
     </span>
     <span class='ocr_line' id='line_1_21' title="bbox 158 2219 1102 2310; baseline -0.003 -20"><span class='ocrx_word' id='word_1_127' title='bbox 158 2224 393 2305; x_wconf 87' lang='lat' dir='ltr'><strong>arbitrantur,</strong></span> <span class='ocrx_word' id='word_1_128' title='bbox 416 2221 474 2310; x_wconf 89' lang='lat' dir='ltr'><strong>qui</strong></span> <span class='ocrx_word' id='word_1_129' title='bbox 494 2222 601 2290; x_wconf 86' lang='lat' dir='ltr'><strong>trihus</strong></span> <span class='ocrx_word' id='word_1_130' title='bbox 630 2219 831 2302; x_wconf 91' lang='lat' dir='ltr'><strong>momentis,</strong></span> <span class='ocrx_word' id='word_1_131' title='bbox 858 2219 966 2309; x_wconf 88' lang='lat' dir='ltr'><strong>primu</strong></span> <span class='ocrx_word' id='word_1_132' title='bbox 985 2219 1102 2288; x_wconf 89' lang='lat' dir='ltr'><strong>saltem</strong></span> 
     </span>
     <span class='ocr_line' id='line_1_22' title="bbox 158 2312 1100 2406; baseline -0.004 -22"><span class='ocrx_word' id='word_1_133' title='bbox 158 2328 299 2406; x_wconf 92' lang='lat' dir='ltr'><strong>aspectu</strong></span> <span class='ocrx_word' id='word_1_134' title='bbox 318 2336 384 2384; x_wconf 88' lang='lat' dir='ltr'><strong>non</strong></span> <span class='ocrx_word' id='word_1_135' title='bbox 406 2315 682 2397; x_wconf 88' lang='lat' dir='ltr'><strong>contemnendis,</strong></span> <span class='ocrx_word' id='word_1_136' title='bbox 717 2313 918 2388; x_wconf 89' lang='lat' dir='ltr'><strong>innituntur.</strong></span> <span class='ocrx_word' id='word_1_137' title='bbox 952 2312 1100 2382; x_wconf 90' lang='lat' dir='ltr'><strong>Primum</strong></span> 
     </span>
     <span class='ocr_line' id='line_1_23' title="bbox 159 2407 1103 2496; baseline -0.002 -17"><span class='ocrx_word' id='word_1_138' title='bbox 159 2422 369 2480; x_wconf 85' lang='lat' dir='ltr'><strong>momentum</strong></span> <span class='ocrx_word' id='word_1_139' title='bbox 400 2409 606 2478; x_wconf 89' lang='lat' dir='ltr'><strong>constituunt</strong></span> <span class='ocrx_word' id='word_1_140' title='bbox 625 2409 659 2476; x_wconf 91' lang='lat' dir='ltr'><strong>in</strong></span> <span class='ocrx_word' id='word_1_141' title='bbox 680 2408 879 2496; x_wconf 89' lang='lat' dir='ltr'><strong>quibusdam</strong></span> <span class='ocrx_word' id='word_1_142' title='bbox 900 2407 983 2477; x_wconf 91' lang='lat' dir='ltr'><strong>iuris</strong></span> <span class='ocrx_word' id='word_1_143' title='bbox 1004 2429 1103 2477; x_wconf 88' lang='lat' dir='ltr'><strong>canu·</strong></span> 
     </span>
     <span class='ocr_line' id='line_1_24' title="bbox 159 2501 1103 2591; baseline -0.004 -19"><span class='ocrx_word' id='word_1_144' title='bbox 159 2504 227 2572; x_wconf 91' lang='lat' dir='ltr'><strong>nici</strong></span> <span class='ocrx_word' id='word_1_145' title='bbox 244 2503 401 2584; x_wconf 83' lang='lat' dir='ltr'><strong>textibus,</strong></span> <span class='ocrx_word' id='word_1_146' title='bbox 419 2503 541 2591; x_wconf 85' lang='lat' dir='ltr'><strong>quihus</strong></span> <span class='ocrx_word' id='word_1_147' title='bbox 558 2504 713 2589; x_wconf 82' lang='lat' dir='ltr'><strong>cognatio</strong></span> <span class='ocrx_word' id='word_1_148' title='bbox 733 2503 794 2572; x_wconf 82' lang='lat' dir='ltr'><strong>ista</strong></span> <span class='ocrx_word' id='word_1_149' title='bbox 812 2502 963 2571; x_wconf 88' lang='lat' dir='ltr'><strong>contrahi</strong></span> <span class='ocrx_word' id='word_1_150' title='bbox 980 2501 1103 2571; x_wconf 84' lang='lat' dir='ltr'><strong>dicitur</strong></span> 
     </span>
     <span class='ocr_line' id='line_1_25' title="bbox 124 2595 1102 2686; baseline -0.002 -21"><span class='ocrx_word' id='word_1_151' title='bbox 124 2629 132 2641; x_wconf 92' lang='lat'><em>·</em></span> <span class='ocrx_word' id='word_1_152' title='bbox 161 2599 202 2666; x_wconf 89' lang='lat' dir='ltr'><strong>ab</strong></span> <span class='ocrx_word' id='word_1_153' title='bbox 218 2619 274 2680; x_wconf 90' lang='lat' dir='ltr'><strong>eo,</strong></span> <span class='ocrx_word' id='word_1_154' title='bbox 295 2597 353 2685; x_wconf 89' lang='lat' dir='ltr'><strong>qui</strong></span> <span class='ocrx_word' id='word_1_155' title='bbox 370 2596 519 2685; x_wconf 86' lang='lat' dir='ltr'><strong>suscipit,</strong></span> <span class='ocrx_word' id='word_1_156' title='bbox 536 2608 641 2678; x_wconf 90' lang='lat' dir='ltr'><strong>tenet,</strong></span> <span class='ocrx_word' id='word_1_157' title='bbox 655 2597 753 2678; x_wconf 85' lang='lat' dir='ltr'><strong>lavat,</strong></span> <span class='ocrx_word' id='word_1_158' title='bbox 769 2597 875 2686; x_wconf 89' lang='lat' dir='ltr'><strong>tangit</strong></span> <span class='ocrx_word' id='word_1_159' title='bbox 888 2595 1102 2685; x_wconf 86' lang='lat' dir='ltr'><strong>baptizatum,</strong></span> 
     </span>
     <span class='ocr_line' id='line_1_26' title="bbox 159 2689 1103 2780; baseline 0.002 -25"><span class='ocrx_word' id='word_1_160' title='bbox 159 2693 211 2760; x_wconf 87' lang='lat' dir='ltr'><strong>vel</strong></span> <span class='ocrx_word' id='word_1_161' title='bbox 230 2694 480 2767; x_wconf 85' lang='lat' dir='ltr'><strong>confirmatum.</strong></span> <span class='ocrx_word' id='word_1_162' title='bbox 497 2689 601 2758; x_wconf 91' lang='lat' dir='ltr'><strong>Verba</strong></span> <span class='ocrx_word' id='word_1_163' title='bbox 617 2701 729 2759; x_wconf 87' lang='lat' dir='ltr'><strong>autem</strong></span> <span class='ocrx_word' id='word_1_164' title='bbox 747 2690 840 2768; x_wconf 83' lang='lat' dir='ltr'><strong>haec,</strong></span> <span class='ocrx_word' id='word_1_165' title='bbox 856 2691 1014 2780; x_wconf 89' lang='lat' dir='ltr'><strong>inquiunt</strong></span> <span class='ocrx_word' id='word_1_166' title='bbox 1029 2689 1103 2780; x_wconf 90' lang='lat' dir='ltr'><strong>ipsi,</strong></span> 
     </span>
     <span class='ocr_line' id='line_1_27' title="bbox 161 2783 1104 2874; baseline 0.001 -23"><span class='ocrx_word' id='word_1_167' title='bbox 161 2785 340 2873; x_wconf 86' lang='lat' dir='ltr'><strong>designant</strong></span> <span class='ocrx_word' id='word_1_168' title='bbox 357 2783 521 2853; x_wconf 90' lang='lat' dir='ltr'><strong>actionem</strong></span> <span class='ocrx_word' id='word_1_169' title='bbox 539 2785 761 2871; x_wconf 86' lang='lat' dir='ltr'><strong>personalem,</strong></span> <span class='ocrx_word' id='word_1_170' title='bbox 778 2805 865 2874; x_wconf 90' lang='lat' dir='ltr'><strong>quae</strong></span> <span class='ocrx_word' id='word_1_171' title='bbox 885 2785 919 2853; x_wconf 94' lang='lat' dir='ltr'><strong>in</strong></span> <span class='ocrx_word' id='word_1_172' title='bbox 938 2785 1009 2854; x_wconf 90' lang='lat' dir='ltr'><strong>solo</strong></span> <span class='ocrx_word' id='word_1_173' title='bbox 1030 2804 1104 2872; x_wconf 91' lang='lat' dir='ltr'><strong>pro·</strong></span> 
     </span>
     <span class='ocr_line' id='line_1_28' title="bbox 160 2876 1104 2966; baseline 0 -21"><span class='ocrx_word' id='word_1_174' title='bbox 160 2890 318 2948; x_wconf 88' lang='lat' dir='ltr'><strong>curatore</strong></span> <span class='ocrx_word' id='word_1_175' title='bbox 337 2876 540 2959; x_wconf 86' lang='lat' dir='ltr'><strong>verificatur,</strong></span> <span class='ocrx_word' id='word_1_176' title='bbox 555 2897 622 2945; x_wconf 92' lang='lat' dir='ltr'><strong>non</strong></span> <span class='ocrx_word' id='word_1_177' title='bbox 643 2877 678 2944; x_wconf 91' lang='lat' dir='ltr'><strong>in</strong></span> <span class='ocrx_word' id='word_1_178' title='bbox 698 2880 921 2959; x_wconf 88' lang='lat' dir='ltr'><strong>mandante,a</strong></span> <span class='ocrx_word' id='word_1_179' title='bbox 943 2899 1009 2966; x_wconf 89' lang='lat' dir='ltr'><strong>quo</strong></span> <span class='ocrx_word' id='word_1_180' title='bbox 1031 2897 1104 2965; x_wconf 90' lang='lat' dir='ltr'><strong>pro·</strong></span> 
     </span>
     <span class='ocr_line' id='line_1_29' title="bbox 161 2967 1103 3041; baseline 0 -2"><span class='ocrx_word' id='word_1_181' title='bbox 161 2983 298 3041; x_wconf 89' lang='lat' dir='ltr'><strong>curator</strong></span> <span class='ocrx_word' id='word_1_182' title='bbox 330 2967 556 3039; x_wconf 87' lang='lat' dir='ltr'><strong>constituitur.</strong></span> <span class='ocrx_word' id='word_1_183' title='bbox 580 2969 769 3039; x_wconf 89' lang='lat' dir='ltr'><strong>Secundum</strong></span> <span class='ocrx_word' id='word_1_184' title='bbox 804 2984 1009 3041; x_wconf 85' lang='lat' dir='ltr'><strong>momentum</strong></span> <span class='ocrx_word' id='word_1_185' title='bbox 1027 2970 1103 3039; x_wconf 89' lang='lat' dir='ltr'><strong>lun-</strong></span> 
     </span>
     <span class='ocr_line' id='line_1_30' title="bbox 162 3063 1102 3153; baseline -0.007 -16"><span class='ocrx_word' id='word_1_186' title='bbox 162 3066 242 3137; x_wconf 82' lang='lat' dir='ltr'><strong>dant</strong></span> <span class='ocrx_word' id='word_1_187' title='bbox 261 3065 296 3134; x_wconf 91' lang='lat' dir='ltr'><strong>in</strong></span> <span class='ocrx_word' id='word_1_188' title='bbox 317 3063 458 3153; x_wconf 90' lang='lat' dir='ltr'><strong>paritate</strong></span> <span class='ocrx_word' id='word_1_189' title='bbox 474 3085 483 3146; x_wconf 90' lang='lat'>;</span> <span class='ocrx_word' id='word_1_190' title='bbox 504 3065 656 3151; x_wconf 82' lang='lat' dir='ltr'><strong>cognatio</strong></span> <span class='ocrx_word' id='word_1_191' title='bbox 674 3064 763 3132; x_wconf 89' lang='lat' dir='ltr'><strong>enim</strong></span> <span class='ocrx_word' id='word_1_192' title='bbox 785 3064 967 3152; x_wconf 90' lang='lat' dir='ltr'><strong>spiritualis</strong></span> <span class='ocrx_word' id='word_1_193' title='bbox 986 3065 1102 3151; x_wconf 88' lang='lat' dir='ltr'><strong>aequi-</strong></span> 
     </span>
     <span class='ocr_line' id='line_1_31' title="bbox 163 3155 1104 3246; baseline -0.005 -18"><span class='ocrx_word' id='word_1_194' title='bbox 163 3170 307 3246; x_wconf 88' lang='lat' dir='ltr'><strong>paratur.</strong></span> <span class='ocrx_word' id='word_1_195' title='bbox 317 3158 475 3239; x_wconf 85' lang='lat' dir='ltr'><strong>naturali,</strong></span> <span class='ocrx_word' id='word_1_196' title='bbox 492 3178 565 3245; x_wconf 85' lang='lat' dir='ltr'><strong>cap.</strong></span> <span class='ocrx_word' id='word_1_197' title='bbox 581 3157 732 3225; x_wconf 77' lang='lat' dir='ltr'><strong>[instruat</strong></span> <span class='ocrx_word' id='word_1_198' title='bbox 752 3155 777 3225; x_wconf 68' lang='lat' dir='ltr'><strong>la</strong></span> <span class='ocrx_word' id='word_1_199' title='bbox 794 3158 835 3224; x_wconf 89' lang='lat' dir='ltr'><strong>de</strong></span> <span class='ocrx_word' id='word_1_200' title='bbox 856 3156 1048 3245; x_wconf 85' lang='lat' dir='ltr'><strong>Baptismo,</strong></span> <span class='ocrx_word' id='word_1_201' title='bbox 1072 3167 1104 3224; x_wconf 92' lang='lat' dir='ltr'><strong>et</strong></span> 
     </span>
     <span class='ocr_line' id='line_1_32' title="bbox 163 3248 1194 3342; baseline -0.003 -23"><span class='ocrx_word' id='word_1_202' title='bbox 163 3253 396 3342; x_wconf 84' lang='lat' dir='ltr'><strong>cognationem</strong></span> <span class='ocrx_word' id='word_1_203' title='bbox 410 3252 562 3338; x_wconf 87' lang='lat' dir='ltr'><strong>legalem</strong></span> <span class='ocrx_word' id='word_1_204' title='bbox 582 3251 745 3331; x_wconf 91' lang='lat' dir='ltr'><strong>imitatur,</strong></span> <span class='ocrx_word' id='word_1_205' title='bbox 768 3270 839 3336; x_wconf 88' lang='lat' dir='ltr'><strong>cap.</strong></span> <span class='ocrx_word' id='word_1_206' title='bbox 862 3248 920 3316; x_wconf 84' lang='lat' dir='ltr'><strong>lrn</strong></span> <span class='ocrx_word' id='word_1_207' title='bbox 936 3266 1101 3329; x_wconf 82' lang='lat' dir='ltr'><strong>nxxxcsnx,</strong></span> <span class='ocrx_word' id='word_1_208' title='bbox 1191 3293 1194 3298; x_wconf 89' lang='lat'><em>-</em></span> 
     </span>
     <span class='ocr_line' id='line_1_33' title="bbox 164 3340 1109 3432; baseline -0.005 -18"><span class='ocrx_word' id='word_1_209' title='bbox 164 3357 195 3414; x_wconf 90' lang='lat' dir='ltr'><strong>et</strong></span> <span class='ocrx_word' id='word_1_210' title='bbox 211 3348 293 3416; x_wconf 80' lang='lat' dir='ltr'><strong>Can.</strong></span> <span class='ocrx_word' id='word_1_211' title='bbox 315 3345 403 3413; x_wconf 81' lang='lat' dir='ltr'><strong>Posr</strong></span> <span class='ocrx_word' id='word_1_212' title='bbox 423 3342 626 3412; x_wconf 68' lang='lat' dir='ltr'><strong>suscrrrxn‘</strong></span> <span class='ocrx_word' id='word_1_213' title='bbox 645 3341 668 3410; x_wconf 84' lang='lat'>5</span> <span class='ocrx_word' id='word_1_214' title='bbox 690 3364 784 3412; x_wconf 87' lang='lat' dir='ltr'><strong>cans.</strong></span> <span class='ocrx_word' id='word_1_215' title='bbox 805 3341 863 3426; x_wconf 84' lang='lat'><strong>30,</strong></span> <span class='ocrx_word' id='word_1_216' title='bbox 883 3365 918 3432; x_wconf 88' lang='lat' dir='ltr'><strong>q.</strong></span> <span class='ocrx_word' id='word_1_217' title='bbox 940 3341 973 3411; x_wconf 84' lang='lat'><strong>3.</strong></span> <span class='ocrx_word' id='word_1_218' title='bbox 1000 3340 1109 3415; x_wconf 87' lang='lat' dir='ltr'><strong>Sicuti</strong></span> 
     </span>
     <span class='ocr_line' id='line_1_34' title="bbox 151 3436 1103 3530; baseline -0.005 -22"><span class='ocrx_word' id='word_1_219' title='bbox 151 3436 241 3530; x_wconf 86' lang='lat' dir='ltr'><strong>ergo</strong></span> <span class='ocrx_word' id='word_1_220' title='bbox 257 3438 415 3528; x_wconf 86' lang='lat' dir='ltr'><strong>cognatio</strong></span> <span class='ocrx_word' id='word_1_221' title='bbox 435 3436 597 3507; x_wconf 88' lang='lat' dir='ltr'><strong>naturalis</strong></span> <span class='ocrx_word' id='word_1_222' title='bbox 617 3457 654 3505; x_wconf 91' lang='lat' dir='ltr'><strong>ac</strong></span> <span class='ocrx_word' id='word_1_223' title='bbox 670 3437 787 3526; x_wconf 87' lang='lat' dir='ltr'><strong>legalis</strong></span> <span class='ocrx_word' id='word_1_224' title='bbox 807 3458 875 3505; x_wconf 92' lang='lat' dir='ltr'><strong>non</strong></span> <span class='ocrx_word' id='word_1_225' title='bbox 895 3437 1015 3519; x_wconf 92' lang='lat' dir='ltr'><strong>oritur,</strong></span> <span class='ocrx_word' id='word_1_226' title='bbox 1038 3436 1103 3504; x_wconf 91' lang='lat' dir='ltr'><strong>nisi</strong></span> 
     </span>
     <span class='ocr_line' id='line_1_35' title="bbox 158 3530 1108 3625; baseline -0.007 -23"><span class='ocrx_word' id='word_1_227' title='bbox 158 3554 196 3625; x_wconf 83' lang='lat' dir='ltr'><strong>ex</strong></span> <span class='ocrx_word' id='word_1_228' title='bbox 228 3534 365 3605; x_wconf 90' lang='lat' dir='ltr'><strong>actione</strong></span> <span class='ocrx_word' id='word_1_229' title='bbox 396 3531 563 3620; x_wconf 89' lang='lat' dir='ltr'><strong>personali</strong></span> <span class='ocrx_word' id='word_1_230' title='bbox 596 3530 700 3620; x_wconf 81' lang='lat' dir='ltr'><strong>ipsius</strong></span> <span class='ocrx_word' id='word_1_231' title='bbox 735 3531 926 3620; x_wconf 89' lang='lat' dir='ltr'><strong>generantis</strong></span> <span class='ocrx_word' id='word_1_232' title='bbox 958 3543 990 3599; x_wconf 90' lang='lat' dir='ltr'><strong>et</strong></span> <span class='ocrx_word' id='word_1_233' title='bbox 1025 3531 1108 3623; x_wconf 80' lang='lat' dir='ltr'><strong>ado-</strong></span> 
     </span>
    </p>
   </div>
   <div class='ocr_carea' id='block_1_4' title="bbox 0 0 1326 4175">
    <p class='ocr_par' dir='ltr' id='par_1_5' title="bbox 0 0 1326 4175">
     <span class='ocr_line' id='line_1_36' title="bbox 0 0 1326 4175; baseline 0 0"><span class='ocrx_word' id='word_1_234' title='bbox 0 0 1326 4175; x_wconf 95' lang='lat' dir='ltr'><strong> </strong></span> 
     </span>
    </p>
   </div>
  </div>
 </body>
</html>
