2642 4175
315 336 379 395 172
650 347 753 393 carun
771 348 818 392 ιιι.

261 468 327 521 nno
342 446 456 532 luerit,
477 447 613 519 aliunde
627 467 706 517 uero
734 446 829 516 multi
850 446 949 519 simul
967 450 1110 523 tenendo
1130 462 1199 523 tun·

263 552 344 630 gant
357 541 604 631 baptizandum,
619 543 669 613 vel
683 542 726 610 de
738 562 833 613 sacro
847 542 938 615 fonte
951 543 1145 633 suscipiant,
1160 547 1198 615 alt
1217 612 1222 622 ,

263 636 336 707 istis
348 635 511 715 ¹omuibus
544 634 761 705 contrahatur
779 636 932 724 cognatio
952 637 1146 727 spiritualis,
1165 638 1198 707 in

263 728 521 819 disputationem
555 730 641 819 apud
676 729 828 801 doctores
856 731 1045 803 adducitur.
1078 732 1199 822 Duplex

264 823 352 893 enim
383 823 619 915 circumfortur
637 823 819 906 sententia,
842 836 875 895 et
904 824 1041 914 quidem
1059 838 1200 918 utreque

263 916 379 987 validis
413 918 549 987 dulcitur
579 917 768 986 momentis.
793 916 902 989 Prima
923 939 1039 991 corum
1059 931 1126 1003 est,
1143 919 1200 1011 qui

263 1022 402 1081 tuentur
418 1011 481 1083 hoc
501 1011 534 1081 in
550 1031 626 1081 casu
645 1010 875 1099 cognationem
896 1011 1103 1098 spiritualem
1121 1034 1199 1083 con·

264 1104 350 1173 naht
371 1104 413 1175 ab
429 1105 595 1189 omnibns,
614 1105 704 1194 quia,
721 1103 889 1195 inquiunt,
900 1106 1002 1179 donc.
1019 1106 1109 1179 Trid.
1123 1128 1201 1197 pro·

264 1197 375 1269 hibuit
393 1198 528 1287 quidem
546 1198 659 1287 plures
679 1198 833 1283 admitti,
856 1199 976 1271 lactum
995 1212 1107 1271 tamen
1127 1222 1203 1277 con·

265 1304 313 1363 tra
347 1290 606 1382 prohibitionem
637 1312 703 1363 nctt
724 1291 893 1376 irritavit,
914 1293 979 1365 nisi
998 1315 1039 1365 eo
1073 1305 1198 1367 tantum

264 1405 355 1468 casu,
371 1406 452 1475 quo,
469 1385 698 1474 designatione
716 1383 812 1465 lacta,
830 1386 944 1476 plures
964 1398 1097 1476 praeter
1115 1388 1199 1464 desi·

261 1489 380 1566 gnatcs
415 1478 618 1568 baptizatum
650 1478 863 1568 tetigissent,
897 1479 1039 1570 ideoque
1068 1481 1096 1551 si
1118 1482 1198 1557 nulli

265 1572 392 1643 luerint
406 1572 582 1662 designati,
600 1594 654 1645 res
671 1583 783 1643 manet
800 1573 862 1643 suh
883 1572 1100 1663 dispositione
1119 1575 1199 1649 iuris

261 1665 405 1756 antiqui,
428 1688 494 1756 quo
515 1667 589 1737 iure
608 1667 841 1756 cognationem
861 1667 903 1735 ab
923 1668 1079 1746 omnibns
1098 1668 1198 1743 luism

264 1770 481 1846 contractam,
504 1760 658 1850 superius
678 1761 895 1833 ostendimus.

188 1860 197 1869 “
313 1854 424 1927 Altera
442 1855 603 1929 sententia
623 1865 675 1925 est
704 1854 901 1932 ediametro
920 1854 1091 1944 opposita,
1114 1865 1148 1925 et
1162 1855 1200 1923 ab

266 1966 381 2017 eorum
402 1949 538 2020 nemine
557 1947 789 2036 cognationem
820 1948 1030 2038 spiritualem
1051 1948 1199 2019 contrahi

264 2051 391 2112 tuetur.
419 2041 545 2132 lluplex
578 2041 657 2114 huic
689 2042 874 2114 sententiae
900 2041 1024 2112 assistit
1050 2042 1138 2114 ratio
1165 2063 1200 2115 er
1296 2036 1297 2049 ’

264 2134 337 2223 ipso
351 2135 490 2206 Concilii
510 2138 643 2206 decreto
664 2137 872 2226 deprompta.
886 2136 921 2203 l·
940 2135 1026 2206 ratio
1039 2148 1103 2221 est,
1125 2136 1199 2226 quia

262 2228 497 2302 Tridentiuum
514 2231 549 2300 in
570 2230 632 2298 hcc
652 2229 723 2319 ipso
741 2231 887 2311 decreto,
910 2230 973 2300 hnc
988 2229 1052 2302 sibi
1078 2241 1201 2304 constat

266 2323 490 2412 proposuisse,
515 2335 551 2391 ut
580 2323 855 2412 impedimentum
874 2324 1013 2394 huiusce
1034 2323 1200 2411 cognatio·

231 2463 234 2470 ·
265 2415 318 2484 nis
338 2416 426 2485 haud
451 2416 591 2486 nimium
620 2417 923 2505 multiplicaretur,
944 2430 1043 2508 atque
1064 2428 1103 2486 ut
1122 2417 1198 2494 certi

267 2509 467 2599 essentum
495 2509 577 2582 illud
604 2512 855 2593 contraherent,
877 2510 1019 2601 ideoque
1045 2520 1199 2601 tanquam

264 2602 490 2674 conditionem
511 2605 734 2678 necessariam
754 2604 938 2695 requisivit,
957 2614 995 2674 nt
1012 2624 1135 2695 nempe
1150 2626 1201 2695 pa·
1296 2617 1297 2682 t

266 2694 347 2763 trini
365 2696 622 2785 designarentur
641 2720 658 2768 a
680 2700 891 2788 parentibus,
912 2699 962 2784 rel
979 2697 1154 2782 Perocho;
1175 2699 1199 2767 si

268 2787 371 2876 igitur
389 2789 548 2862 deiecerit
575 2793 722 2863 conditio
758 2791 867 2876 hacc,
895 2792 963 2863 reri
993 2791 1117 2880 patrini
1138 2812 1200 2866 non

268 2894 368 2956 eruut
393 2884 450 2973 qni
471 2883 682 2974 baptizatum
698 2897 860 2974 tangant,
887 2905 950 2956 nec
970 2885 1198 2974 cognationem
1296 2947 1297 2962 ,

267 2974 473 3065 spiritualem
487 2979 697 3051 contrahent.
714 2978 748 3048 l·
760 2979 855 3050 Ratio
870 2989 931 3063 est,
947 2978 1025 3070 qnia
1040 2979 1074 3051 in
1086 2980 1198 3052 eodem

266 3069 401 3142 decreto
420 3071 504 3140 illud
521 3072 655 3144 additur
677 3097 691 3140 ι
711 3073 868 3144 omnibns
888 3073 976 3143 inter
993 3072 1075 3146 alias
1090 3093 1200 3163 perso-

266 3183 327 3253 nas
347 3163 447 3238 huius
464 3167 673 3253 cognationis
694 3166 879 3256 spiritualis
900 3166 1149 3256 impedimentis
1168 3187 1200 3236 c·

268 3257 382 3332 mnino
400 3258 578 3334 sublatis.»
594 3259 678 3336 dnm
694 3260 797 3350 igitur
811 3280 985 3349 personae,
1005 3277 1091 3350 oute
1105 3259 1200 3333 huius

266 3352 475 3437 cognationis
493 3352 676 3444 spiritualis
705 3375 842 3444 capaces
860 3364 960 3437 eunt,
987 3354 1026 3424 ad
1048 3354 1113 3428 hcc
1132 3374 1200 3426 mu·
1296 3393 1297 3402 ι

267 3461 333 3512 nus
351 3464 417 3522 non
432 3446 502 3524 sint
518 3446 701 3536 designati,
724 3448 823 3517 veluti
845 3447 1200 3526 necessarium'cttnte·

268 3535 409 3612 ctarium
436 3539 678 3612 admittendam
706 3541 861 3626 videtur,
884 3542 1109 3633 quodomnes
1129 3540 1199 3612 illao
1296 3555 1297 3624 t
