2642 4175
467 404 470 409 ,
498 350 664 397 areanum
680 351 716 395 rr.
963 343 1030 403 495

170 445 320 500 Notandum
340 447 390 500 hoe
410 446 468 498 loco
486 444 569 498 estid
587 444 659 514 quod
677 446 704 497 in
722 445 847 499 Tractatn
864 446 974 514 dieitur,
999 454 1084 509 nimi.

141 540 206 579 rum:
225 546 274 597 pro
292 528 364 580 omrai
391 527 583 595 dispensatione
606 540 686 592 nuper
712 522 904 592 impedimentis
924 533 1083 599 consangni-

140 605 235 669 nitatis,
253 606 399 669 affinitatis,
411 603 573 672 cognationis
585 602 740 670 spiritualis,
757 610 783 653 et
794 602 915 672 publicae
933 605 1085 673 honestatis,

140 686 257 753 copulam
276 683 407 736 carnalem
431 682 500 734 inter
523 688 638 731 oratores
653 678 812 742 admissam,
836 683 981 734 necessario
999 690 1084 754 expri-

141 762 258 813 mendam
275 777 342 825 esse,
359 758 492 826 publicam
514 754 641 824 publice,
659 757 789 808 occultam
807 757 899 809 saltcan
921 760 1040 824 occulte,
1059 775 1085 815 et

139 838 284 891 addendum
304 853 382 899 esse,
402 844 491 887 utrum
518 850 578 886 cnm
609 834 735 886 molcvola
755 833 899 886 intentione
921 837 957 889 ita
980 838 1085 895 facilius

139 915 292 969 obtinendae
310 912 511 981 dispensationis
528 911 607 965 luerit
627 920 787 979 perpetrata.

170 990 268 1060 Copula
287 990 391 1042 occulta
402 989 444 1039 vel
457 990 594 1056 separatim
613 987 640 1038 in
652 987 804 1054 particulari
821 987 934 1054 supplici
949 1005 1027 1063 prece
1037 991 1082 1043 de-

138 1070 240 1131 clarari,
249 1069 291 1120 vel
307 1068 394 1136 potius
406 1068 473 1117 inter
491 1073 616 1118 causaset
625 1073 757 1131 tamquam
770 1064 915 1126 cansa‚hoc
928 1065 983 1117 lere
995 1066 1083 1123 modo,

137 1149 244 1215 exprimi
263 1154 368 1214 potest:
389 1144 487 1213 Copula
506 1143 617 1195 earnalis
634 1142 737 1193 occulta
754 1141 787 1194 ab
806 1143 885 1194 solam
904 1160 1024 1197 vesanam
1049 1147 1083 1198 li·

28 1226 30 1235 ’
138 1223 250 1276 bidinem
278 1222 412 1284 admissa,
436 1220 500 1271 vel:
528 1236 606 1288 qnam
630 1217 749 1270 dolentes
777 1219 894 1270 latentur
919 1222 1083 1275 commissam

137 1301 213 1353 inisse
229 1316 276 1368 spe
290 1299 394 1350 facilius
411 1295 547 1349 obtinendi
565 1295 793 1362 dispensationem.
813 1294 924 1361 Quando
942 1313 970 1348 ea
990 1300 1083 1367 copula
1129 1320 1133 1328 ·

28 1422 30 1443 γ
136 1374 185 1427 lam
203 1375 311 1442 publice
330 1382 390 1424 nota
407 1383 455 1439 est,
473 1371 513 1423 vel
532 1369 701 1439 praevidetur
718 1370 791 1422 brevi
812 1371 1021 1435 manifestanda,
1040 1373 1083 1425 di·

137 1453 204 1504 citur
219 1452 377 1520 simpliciter
400 1453 489 1515 copula
506 1451 617 1500 carnatis
634 1450 664 1498 ob
681 1451 781 1511 aotam,
802 1458 866 1513 etc.;
891 1450 952 1517 quia
971 1450 1016 1502 illa
1035 1466 1083 1502 ex·

137 1529 233 1595 pressio
250 1530 309 1580 sine
326 1525 435 1591 addito,
454 1534 543 1588 notat,
561 1525 603 1576 vel
622 1524 755 1577 incestum
773 1525 824 1577 iam
841 1534 933 1578 notum
951 1541 1017 1591 esse,
1042 1530 1083 1581 vel

137 1613 203 1656 certe
221 1613 315 1657 notum
334 1603 379 1656 iri.

168 1678 216 1731 Ubi
232 1691 350 1734 oratores
367 1681 420 1731 sint
437 1676 600 1731 diversarum
619 1676 795 1742 llioeceslnm,
813 1676 877 1747 qnid
897 1677 1082 1746 praestandum

136 1754 177 1818 sit,
193 1756 254 1809 ride
272 1757 437 1810 Tractatum.

503 1908 707 1917 *—

139 2049 172 2120 v.
188 2052 350 2144 Foamala
362 2051 497 2143 petendi
513 2049 788 2140 dispensationem
800 2048 836 2117 in
849 2047 1081 2137 impedimenta

258 2148 410 2218 miminis
425 2145 578 2235 publico,
600 2151 715 2213 neutro
731 2141 952 2210 machinante.

219 2352 449 2424 illustrissima
472 2372 511 2421 aa
532 2348 822 2419 Reverendissima
838 2346 995 2428 Domina,

183 2496 324 2568 loannes
338 2498 378 2566 N.
394 2493 440 2565 35
457 2514 636 2577 annornm,
655 2491 836 2583 parochiae
852 2493 894 2562 de
914 2492 968 2574 N.‚
985 2490 1079 2561 [liae-

140 2590 221 2659 oesis
240 2593 281 2662 N.
307 2603 341 2661 et
359 2590 482 2659 loanna
501 2589 543 2656 N.
573 2584 754 2658 salaman
775 2607 961 2670 annorum,
983 2606 1081 2674 paro·

140 2681 255 2754 ahiana
292 2704 365 2754 mea
399 2682 652 2753 matrimonium
685 2680 771 2751 inire
792 2678 945 2769 cupiunt.
966 2678 1083 2749 Obstat

141 2788 249 2846 antem
272 2777 550 2866 impedimentum
579 2774 730 2843 criminis
750 2774 948 2863 publicum,
970 2784 1081 2841 ortum
1117 2815 1121 2824 ·

143 2871 295 2959 eoopnla
316 2868 441 2940 carnali
459 2869 547 2937 inter
567 2867 657 2955 ipsos
677 2866 815 2949 habita,
839 2876 949 2935 stante·
967 2864 1082 2933 matri·

142 2963 253 3033 monio
271 2962 403 3034 loannis
417 2983 494 3030 cum
509 2960 613 3050 priori
634 2979 749 3042 naara,
766 2979 841 3028 cum
860 2956 1083 3048 promissione

144 3056 345 3125 matrimonii
366 3056 441 3128 data
462 3064 495 3123 et
514 3064 708 3142 acceptata,
736 3063 857 3122 neutro
877 3063 990 3119 tamen
1012 3070 1081 3119 ma·

143 3144 321 3233 chinante3
344 3150 433 3239 quod
454 3146 657 3219 adulterium
678 3145 719 3214 iis
737 3141 987 3215 conditionibus
1005 3163 1083 3231 per·

145 3252 308 3323 patratum
330 3264 389 3332 per
410 3252 513 3311 totam
540 3261 648 3309 meam
670 3238 862 3329 parochiam
882 3248 933 3306 est
951 3235 1083 3325 pervul-

145 3345 269 3417 gaium.

189 3426 296 3506 Quare
323 3426 511 3497 humillime
540 3425 730 3514 supplicant
752 3422 999 3493 illustrissimae
1019 3422 1083 3491 Do·

147 3517 318 3592 minationi
338 3521 483 3603 Vestrae,
507 3531 545 3588 ut
573 3518 788 3604 villacultatis
809 3516 1008 3608 apostolicae
1027 3537 1083 3585 ex·
