2642 4175
457 323 502 369 un
526 324 739 370 sponsaturus
979 311 1021 368 77

125 424 188 495 nisi
210 422 326 492 habita
346 442 405 511 per
427 421 555 492 litteras
587 424 825 494 testimoniales
850 425 988 493 alterius
1008 423 1069 492 Pa·

126 517 221 588 roohi
255 516 468 585 attestatione
500 517 540 584 de
572 517 679 587 tribus
699 519 1013 607 proclamationibus
1035 517 1068 586 in

127 634 185 682 sua
206 609 363 701 paroecia
386 609 448 678 rite
468 609 574 693 sactis,
597 623 630 679 et
648 611 736 701 quod
762 613 891 681 nullum
913 610 990 681 inde
1011 611 1068 680 im·

127 704 358 794 pedimentum
378 702 541 772 detectum
557 705 671 773 suerit.
689 703 720 771 Si
739 707 848 794 sponsi
863 706 896 773 in
912 726 977 774 uno
997 707 1071 774 loco

128 796 348 879 domicilium,
372 794 406 863 in
425 796 490 864 alio
510 797 604 885 quasi
625 797 829 867 domicilium
850 799 1010 881 habeant,
1033 796 1068 866 in

129 905 273 980 unaque
285 889 442 979 parocbia
456 891 732 978 proclamationes
744 892 816 961 tieri
826 892 959 961 debent.
972 891 1073 960 Eiunt

129 1005 264 1077 quoque
284 984 319 1051 in
340 984 436 1066 loco,
459 1005 524 1072 quo
554 985 693 1073 profecti
713 997 813 1065 sunt,
837 998 870 1054 et
889 985 916 1054 si
937 985 982 1053 ibi
1012 985 1069 1053 dio

130 1076 251 1148 morati
264 1077 343 1158 sint,
356 1088 388 1145 et
401 1075 465 1144 iam
480 1077 683 1148 sufficienter
697 1078 833 1167 cogniti,
848 1090 926 1147 tunc
939 1078 972 1145 in
987 1077 1073 1166 prio·

133 1172 162 1241 ri
176 1191 280 1261 quem
296 1169 519 1258 reliquerunt,
531 1171 602 1240 loco
621 1172 727 1242 omitti
745 1184 893 1261 possunt.
911 1170 964 1238 Sic
983 1170 1073 1238 enim

130 1266 261 1335 facilius
283 1263 520 1352 impedimenta
543 1265 755 1354 deteguntur,
776 1265 804 1333 si
826 1286 911 1354 quae
929 1266 1013 1333 forte
1035 1285 1072 1332 ex

83 1421 85 1426 ,
129 1370 222 1449 parte
243 1356 439 1425 alterutrius
458 1357 668 1427 innotescere
687 1359 826 1446 possint.
850 1358 882 1427 Si
905 1358 992 1447 quod
1013 1357 1073 1425 im·

129 1453 360 1543 pedimentum
381 1450 574 1535 deleratur,
597 1451 737 1520 Parocbi
756 1465 805 1522 est
822 1450 1071 1521 matrimonium

131 1544 346 1625 interdicere,
371 1564 573 1633 quamquam
598 1546 647 1614 vel
682 1546 813 1630 falsum,
836 1547 885 1614 vel
909 1544 1072 1625 dubium,

130 1636 407 1708 relmalitiosum
428 1637 458 1705 ei
485 1638 588 1706 videri
608 1640 734 1727 possit;
756 1640 902 1729 cognitio
923 1637 1012 1707 enim
1032 1639 1073 1706 ad

131 1733 335 1822 Episcopum
367 1730 502 1800 omnino
530 1744 678 1821 spectat,
704 1734 757 1800 cui
786 1755 838 1803 res
858 1744 925 1803 tota
946 1731 1074 1820 signifi·

132 1827 236 1895 canda
258 1836 320 1894 est.
344 1823 533 1907 Praeterea,
554 1826 647 1894 nullo
669 1827 769 1895 etiam
788 1828 916 1896 detecto
934 1824 1075 1913 impedi-

133 1931 259 2001 mento,
279 1918 307 1986 si
328 1917 576 1987 matrimonium
597 1930 672 2008 post
700 1920 830 1989 tertiam
851 1917 1075 1988 denuntiatio·

132 2034 208 2083 nem
226 2012 283 2080 diu
304 2011 514 2102 multumque
534 2012 721 2096 differatur,
740 2034 807 2102 quo
826 2026 974 2101 tempore
991 2032 1074 2080 nova

132 2107 373 2198 impedimenta
394 2105 474 2175 oriri
495 2106 641 2195 possint,
662 2107 931 2175 denuntiationes
951 2105 1076 2173 iteran-

133 2202 193 2271 dae
213 2210 306 2269 sunt.
333 2198 539 2289 Quapropter
561 2198 593 2267 S.
616 2198 653 2267 C.
673 2199 724 2282 G,
745 2211 828 2268 teste
849 2198 1001 2276 Rebellu,
1023 2199 1077 2266 de·

133 2294 282 2377 claravit,
292 2291 332 2376 si,
344 2293 485 2380 peractis
500 2291 821 2376 denuntiationibus,
832 2291 918 2360 intra
932 2302 1078 2380 quatuor

135 2409 268 2457 menses
296 2385 408 2475 sponsi
437 2407 503 2455 non
534 2387 780 2472 contraxerint,
808 2384 1077 2456 denuntiationes

136 2483 260 2552 iterum
290 2480 456 2549 faciendas
475 2500 567 2563 esse,
590 2482 679 2570 quod
699 2493 811 2551 tamen
832 2480 1075 2570 quadrimestre

134 2573 290 2666 Episcopi
315 2573 350 2640 in
371 2571 500 2663 Synodo
521 2573 720 2644 Dioecesana
747 2575 925 2663 aliquando
956 2574 1075 2642 decur-

135 2682 231 2750 tant,
252 2679 286 2736 et
316 2667 437 2735 rituale
464 2688 639 2735 romanum
660 2669 700 2736 ad
731 2668 889 2737 bimestre
920 2666 1073 2749 reducit,

135 2763 199 2831 uisi
221 2761 320 2831 aliter
339 2759 500 2850 Episcopo
516 2761 678 2830 rideatur.

182 2858 280 2925 Nune
300 2853 375 2943 quis
395 2854 586 2944 dispensare
614 2854 648 2922 in
679 2853 867 2924 huiusmodi
901 2852 1076 2923 denuntia·

136 2951 287 3019 tionibus
319 2958 443 3037 queat,
478 2948 622 3017 breviter
649 2947 829 3017 videamus.
866 2946 897 3015 Si
918 2947 970 3015 ius
989 2946 1075 3014 anti-

137 3065 240 3133 quum
275 3041 491 3131 dispiciamus
511 3041 692 3130 Episcopus
721 3041 914 3131 neutiquam
947 3052 1077 3128 poterat

137 3139 171 3206 in
205 3138 247 3208 iis
279 3137 497 3225 dispensare,
532 3135 609 3226 quia
644 3156 721 3203 oum
757 3155 909 3223 expresse
935 3133 1077 3200 luissent

138 3243 337 3321 praeceptae
357 3229 391 3296 in
411 3229 512 3297 Cone.
534 3229 604 3297 Lat.
633 3228 695 3311 lV,
731 3228 912 3315 Episcopus
941 3228 982 3292 ab
1003 3224 1077 3311 lege

137 3325 287 3415 generali
323 3322 516 3412 dispensare
550 3322 722 3411 nequibat.
759 3320 880 3388 Verum
912 3338 988 3385 eum
1021 3338 1075 3386 ex-

137 3419 249 3506 pediat
268 3418 437 3488 interdum
459 3417 627 3487 celebrare
649 3412 924 3501 matrimonium,
947 3412 1076 3480 denun-

139 3512 332 3584 tiationibus
364 3509 520 3595 omissis,
547 3509 622 3579 ideo
643 3509 743 3578 Cono.
766 3507 856 3575 Trid.
880 3505 937 3574 cit.
959 3526 1032 3594 cap.
1054 3502 1071 3568 l
